2630 3913
814 250 1260 304 ORATIONUM.
1300 254 1361 304 Α,
1405 250 1508 304 VII
1548 256 1773 305 48—-53,
2165 253 2296 316 255

372 413 494 478 Est
534 418 737 477 autem
781 414 957 477 haec:
1002 413 1076 476 L.
1124 410 1375 478 Cassius
1419 412 1493 476 L.
1536 413 1585 492 f.
1633 413 1969 494 Lonyinus,
2017 414 2296 479 tribunus

368 502 574 583 plebis,
614 499 678 566 0.
704 502 920 565 Mario
951 500 1015 567 0.
1042 502 1270 566 Flavio
1306 521 1453 565 coss
1483 502 1694 582 plures
1730 502 1878 582 leqes
1913 503 1998 566 ad
2022 506 2295 566 minuen-

370 591 515 654 dam
560 589 898 654 nobilitatis
930 592 1274 671 potentiam
1320 590 1479 666 tulit,
1525 591 1594 653 in
1638 589 1857 690 quibus
1897 590 2055 654 hanc
2091 593 2296 673 etiam,

371 684 459 756 ut,
494 699 669 760 quem
694 678 965 760 populus
1000 680 1351 743 damnasset
1383 679 1550 742 cuive
1575 679 1902 759 imperium
1937 680 2295 781 abroqasset,

232 788 256 825 5
374 768 443 831 in
512 771 729 832 senatu
796 787 875 831 ne
946 771 1108 831 esset.
1230 767 1487 830 Tulerat
1554 772 1757 830 autem
1827 787 1961 830 eam
2031 770 2298 832 maxime

364 861 614 936 propter
656 856 995 920 simultates
1039 875 1177 919 cum
1224 854 1292 934 Q.
1329 853 1606 931 ServiliO,
1650 857 1757 936 qui
1801 861 1942 919 ante
1986 857 2298 921 biennium

375 944 583 1008 consul
613 944 837 1024 fuerat,
882 948 941 1007 et
973 944 1073 1007 cui
1095 943 1383 1025 populuS,
1428 944 1577 1024 quia
1611 944 1773 1007 male
1806 945 2095 1009 adversus
2134 944 2297 1010 Gim-

377 1033 513 1097 bros
555 1052 684 1095 rem
722 1037 1010 1114 yesserat,
1056 1032 1373 1113 abroyavit
1415 1032 1758 1111 imperium.

509 1119 684 1184 Dicit
726 1121 797 1184 de
838 1120 1177 1184 nobilibus:

212 1230 261 1267 ιο
424 1208 526 1272 51.
583 1205 705 1282 Qui
758 1229 890 1271 non
942 1208 1132 1273 modo
1188 1229 1331 1272 cum
1388 1204 1595 1290 Sulla,
1651 1230 1873 1271 verum
1930 1209 2125 1272 etiam
2181 1211 2296 1274 illo

294 1300 549 1360 mortuo
588 1317 842 1380 semper
877 1295 999 1359 hoc
1041 1317 1156 1379 per
1194 1317 1261 1360 se
1309 1295 1578 1359 summis
1617 1296 1846 1380 opibus
1892 1298 2299 1362 retinendum

293 1387 709 1469 putaverunt,
774 1383 1201 1447 inimicissimi
1255 1381 1324 1449 O.
1381 1382 1610 1449 Cottae
1664 1384 1953 1467 fuerunt,
2017 1385 2187 1469 quod
2240 1388 2298 1450 is

294 1473 517 1538 consul
563 1473 828 1556 paulum
873 1471 1151 1535 tribunis
1197 1472 1406 1556 plebis
1452 1493 1583 1536 non
1626 1474 1999 1557 potestatam,
2054 1474 2163 1538 sed
2211 1476 2298 1538 di-

295 1560 566 1647 gnitatis
613 1560 876 1624 addidit.

214 1669 264 1708 15
511 1649 641 1713 Hic
686 1648 882 1729 Cotta,
938 1654 1010 1712 ut
1041 1653 1197 1730 puto
1241 1669 1345 1713 vos
1387 1650 1722 1726 reminisci,
1781 1650 1963 1731 leyem
2010 1651 2177 1728 tulit,
2231 1658 2302 1715 ut

381 1738 645 1802 tribunis
685 1738 882 1818 plebis
936 1737 1135 1802 liceret
1163 1742 1379 1819 postea
1431 1737 1589 1801 alios
1632 1739 2029 1819 maqistratus
2073 1760 2297 1820 capere,

378 1828 540 1908 quod
581 1827 702 1908 leye
744 1826 953 1890 Sullae
995 1827 1077 1890 iis
1120 1831 1255 1889 erat
1301 1827 1666 1905 ademptum.

423 1915 525 1980 52.
591 1912 909 1990 Quamdiu
980 1914 1238 1998 quidem
1309 1913 1434 1978 hoe
1498 1913 1712 1978 animo
1786 1935 1942 2000 erga
2005 1937 2120 1981 vos
2184 1917 2300 1981 illa

292 2004 478 2088 plebs
535 2004 685 2086 erit,
751 2026 876 2087 quo
942 2025 1010 2067 se
1066 2003 1351 2068 ostendit
1414 2024 1579 2083 esse,
1635 2025 1778 2067 cum
1834 2005 2063 2089 legem
2101 2005 2300 2070 Aure-

214 2113 265 2150 20
293 2093 469 2173 liam,
514 2113 659 2154 eum
695 2090 995 2156 Rosciam
1031 2114 1164 2156 non
1200 2092 1390 2156 modo
1429 2092 1693 2175 accepit,
1739 2092 1850 2155 sed
1893 2093 2088 2156 etiam
2127 2094 2300 2159 effla-

347 2178 551 2242 'taviiz
1526 2222 1530 2226 -

298 2200 365 2263 gl
514 2259 778 2333 Aurelia
839 2267 957 2349 leqe
1001 2268 1446 2332 communicata
1489 2287 1610 2332 esse
1653 2246 1884 2332 iudicia
1928 2271 2090 2334 inter
2131 2292 2298 2335 sena-

386 2360 541 2419 tores
583 2359 641 2419 εὑ
680 2360 1003 2436 equestrem
1047 2356 1321 2420 ordinem
1375 2361 1432 2419 et
1490 2356 1765 2420 tribunos
1807 2359 2081 2421 aerarios
2126 2408 2139 2422 .
2180 2410 2192 2422 .
2233 2410 2246 2422 .

383 2464 508 2524 qua
533 2443 607 2507 L.
633 2442 891 2507 Roscius
920 2443 1074 2508 Otho
1101 2443 1340 2507 biennio
1366 2449 1507 2508 ante
1541 2444 1938 2528 confirmavit,
1974 2445 2044 2509 in
2071 2445 2300 2511 theatro

217 2551 269 2591 25
383 2537 455 2596 ut
500 2532 796 2613 equitibus
837 2531 1139 2596 Romanis
1185 2531 1428 2596 XIIII
1464 2534 1705 2596 ordines
1747 2535 2058 2614 spectandi
2093 2538 2301 2615 qratia

383 2622 693 2686 darentur.

429 2708 530 2773 53.
584 2708 899 2773 Memoria
949 2712 1167 2792 teneo,
1231 2730 1375 2772 cum
1435 2709 1716 2792 primum
1772 2714 2101 2775 senatores
2156 2734 2299 2777 eum

297 2796 620 2881 equitibus
675 2796 985 2862 Romanis
1048 2797 1193 2882 lege
1250 2796 1470 2861 Plotia
1532 2797 1912 2880 iudicarent,
1974 2799 2301 2864 hominem

298 2886 395 2950 dis
442 2907 516 2950 ae
560 2885 894 2951 nobilitati
944 2885 1367 2969 perinvisum,
1422 2884 1535 2950 Cn.
1581 2884 1984 2970 Pompeium,
2042 2909 2300 2952 causam

216 2993 269 3031 30
296 2974 441 3058 lege
487 2973 691 3039 Varia
737 2974 813 3038 de
859 2974 1200 3037 maiestate
1245 2974 1500 3039 dixisse.

515 3063 610 3128 M.
656 3062 949 3128 Plautius
991 3061 1283 3127 Silvanus
1329 3064 1610 3127 tribunus
1641 3064 1840 3143 plebis
1878 3063 1985 3128 On.
2013 3063 2301 3145 Pompeio

384 3150 681 3216 Strabone
732 3151 807 3215 L.
862 3150 1080 3215 Porcio
1137 3150 1366 3216 Catone
1417 3171 1559 3216 coss.
1617 3152 1874 3215 semindo
1935 3172 2102 3215 anno
2165 3153 2303 3217 belli

383 3240 619 3322 Italici,
696 3259 834 3304 cum
894 3244 1156 3320 equester
1216 3241 1363 3304 ordo
1426 3241 1495 3303 in
1556 3240 1805 3304 iudiciis
1866 3241 2302 3323 dominaretur,

385 3329 565 3410 leyem
611 3328 755 3392 tulit
795 3328 1229 3393 adiuvantibus
1272 3328 1607 3404 nobilibus;
1661 3349 1817 3410 quae
1861 3329 1958 3392 Iex
1999 3330 2125 3393 vim
2167 3349 2304 3393 eam

215 3433 266 3473 ³5
381 3415 610 3496 habuit,
654 3437 841 3498 quam
887 3415 1091 3481 Cicero
1132 3417 1472 3499 significa&
1517 3437 1669 3480 nam
1713 3437 1788 3481 ex
1830 3437 1902 3480 ea
1946 3417 2067 3499 leye
2110 3418 2304 3482 tribus

381 3506 659 3587 sinyulae
711 3526 784 3570 ex
835 3526 946 3571 suo
998 3524 1251 3568 numero
1295 3506 1514 3585 quinos
1558 3507 1740 3570 denos
1792 3505 2094 3588 suffra-oio
2137 3526 2299 3571 crea·

383 3593 552 3676 bant,
611 3595 718 3675 qui
770 3614 834 3658 eo
878 3613 1043 3658 anno
1087 3594 1445 3658 iudicarent.
1534 3593 1642 3658 Ex
1683 3614 1749 3658 eo
1790 3593 2026 3673 factum
2069 3600 2180 3675 est,
2233 3600 2305 3658 ut
