2630 3913
916 215 1067 269 CAP.
1105 222 1157 284 8,
1194 223 1244 271 9.
1318 222 1349 281 8
1386 221 1611 270 26—32
2144 216 2270 281 173

263 377 662 465 probitatem
709 378 846 441 eius
901 398 1033 441 non
1085 377 1280 442 nimis
1336 376 1581 441 alienos
1638 377 1886 442 animos
1941 377 2272 461 habemus,

264 468 543 532 alterum
570 468 839 550 propter
868 464 1315 530 crudelitatem
1343 485 1595 549 semper
1621 464 1781 530 haec
1800 465 2028 530 civitas
2048 466 2273 531 oderit.

396 553 640 630 Quodsi
675 557 866 618 tanta
901 554 1001 617 vis
1036 552 1385 638 probitatis
1432 557 1549 636 est,
1593 558 1668 616 ut
1714 575 1857 618 88111
1899 553 2005 618 vel
2048 553 2118 618 in
2163 533 2349 633 818,9

265 663 427 728 quos
461 663 816 726 numquam
853 642 1150 725 vidimus,
1194 642 1319 724 vel,
1368 603 1549 726 quod,
1576 640 1784 705 maius
1822 644 1939 725 est,
1981 641 2051 705 in
2084 641 2273 706 hoste

212 750 238 792 5
264 732 463 796 etiam
508 730 880 816 diligamus,
942 729 1095 814 quid
1139 730 1377 794 mirum
1422 732 1549 812 est,
1594 729 1652 793 si
1696 729 1896 794 animi
1939 728 2272 795 hominum

264 822 665 901 moveantur,
710 840 855 883 cum
901 839 1141 901 eorum,
1190 817 1572 902 quibuscum
1616 838 1738 882 usu
1775 817 2098 884 coniuncti
2134 840 2274 883 esse

265 911 568 993 possunt,
613 905 923 970 virtutem
969 909 1035 970 et
1078 905 1442 972 bonitatem
1484 905 1847 990 perspicere
1892 906 2273 971 videantur?

267 957 673 1079 Quamquam
718 994 1139 1060 confirmatur
1185 1015 1369 1059 amor
1412 999 1479 1058 et
1527 993 1835 1059 beneficio
1892 998 2155 1079 accepto
2211 999 2276 1059 et

268 1084 481 1149 studio
509 1087 846 1184 perspecto
876 1087 942 1147 et
970 1082 1427 1182 consuetudine
1459 1081 1778 1161 adiuncta,
1815 1081 2047 1165 quibus
2083 1082 2275 1147 rebus

190 1194 240 1232 ιο
268 1173 349 1238 ad
401 1172 591 1236 illum
642 1171 925 1256 primum
979 1174 1228 1235 motum
1284 1169 1484 1234 animi
1537 1173 1604 1234 et
1662 1169 1902 1235 amoris
1966 1170 2277 1236 adhibitis

270 1259 671 1326 admirabilis
729 1259 1044 1360 quaedam
1099 1258 1456 1323 exardescit
1513 1257 1986 1323 benivolentiae
2031 1260 2278 1344 magni-

270 1348 446 1414 tudo.
536 1346 743 1423 Quam
790 1348 848 1411 si
894 1347 1005 1431 qui
1049 1351 1285 1432 putant
1340 1347 1422 1411 ab
1467 1346 1894 1411 inbecillitate
1938 1346 2277 1431 proficisci,

268 1440 344 1501 ut
391 1436 503 1517 sit,
547 1457 664 1519 per
709 1457 901 1519 quem
947 1434 1365 1518 adsequatur,
1411 1434 1581 1536 quod
1628 1434 1897 1519 quisque
1943 1433 2278 1518 desideret,

269 1524 581 1590 humilem
637 1545 790 1588 88118
844 1523 1217 1606 relinquunt
1276 1526 1343 1587 et
1405 1522 1667 1586 minime
1732 1543 2142 1607 generosum,
2204 1528 2278 1588 ιιι

190 1633 241 1672 15
268 1614 365 1678 ita
411 1612 636 1695 dicam,
682 1616 897 1676 ortum
943 1611 1282 1689 amicitiae,
1330 1632 1524 1695 quam
1569 1632 1645 1674 81
1689 1611 1911 1695 inopia
1955 1614 2150 1694 atque
2186 1611 2277 1675 in-

270 1701 560 1803 digentia
602 1704 828 1764 natam
871 1700 1117 1764 volunt.
1191 1698 1378 1774 Quod
1422 1699 1479 1763 si
1522 1699 1618 1763 ita
1664 1703 1852 1782 esset,
1897 1703 1971 1763 ut
2008 1699 2276 1800 quisque

268 1789 606 1855 minimum
665 1809 806 1853 esse
859 1788 928 1852 ιιι
982 1809 1051 1853 88
1107 1787 1560 1871 arbitraretur,
1623 1787 1718 1852 ita
1781 1748 1863 1851 ad
1926 1787 2277 1852 amicitiam

268 1882 440 1943 esset
476 1876 882 1962 aptissimus3
929 1875 1100 1960 quod
1135 1876 1331 1962 longe
1369 1897 1549 1941 secus
1588 1879 1705 1940 est.
1767 1874 1863 1940 Ut
1899 1876 2070 1940 enim
2108 1877 2276 1978 quis-

271 1989 393 2053 que
456 1966 582 2031 sibi
645 1965 997 2066 plurimum
1060 1966 1349 2049 confidit,
1413 1968 1478 2030 et
1538 1970 1614 2029 ut
1678 1964 1946 2049 quisque
2001 1966 2278 2030 maxime

191 2074 245 2114 ιο
271 2054 513 2119 virtute
567 2058 634 2118 et
689 2053 1008 2137 sapientia
1063 2054 1155 2119 sic
1208 2053 1494 2118 munitus
1550 2057 1676 2136 est,
1733 2057 1808 2117 ut
1859 2053 2042 2119 nullo
2089 2059 2278 2139 egeat

276 2163 515 2225 suaque
562 2142 778 2206 omnia
830 2140 900 2206 in
953 2163 1021 2206 se
1074 2141 1221 2225 ipso
1274 2142 1492 2225 posita
1546 2104 1809 2223 iudicet,
1862 2140 1959 2206 ita
2010 2142 2080 2206 in
2125 2143 2279 2206 ami-

275 2229 446 2296 citiis
511 2228 878 2313 expetendis
942 2230 1350 2312 colendisque
1413 2229 1690 2294 maxime
1744 2229 2022 2293 excellit.
2113 2229 2278 2306 Quid

275 2317 490 2384 enim?
580 2315 924 2383 Africanus
970 2317 1263 2403 indigens
1310 2317 1480 2382 mei?
1560 2316 1825 2381 Minime
1871 2317 2277 2383 herculelac

271 2428 354 2471 ne
411 2426 532 2506 830
587 2405 844 2489 quidem
894 2406 1101 2489 illius3
1164 2405 1276 2470 sed
1339 2425 1460 2489 ego
1520 2404 1945 2468 admiratione
2000 2404 2278 2489 quadam

192 2512 245 2554 25
273 2493 537 2560 virtutis
584 2494 741 2578 eius,
783 2495 896 2559 ille
941 2494 1226 2559 vicissim
1262 2493 1562 2578 opinione
1598 2492 1877 2557 fortasse
1912 2514 2046 2557 non
2079 2493 2279 2576 nulla,

274 2605 469 2668 quam
506 2581 582 2646 de
618 2582 779 2646 meis
816 2582 1104 2647 moribus
1139 2582 1443 2665 habebat,
1479 2603 1581 2645 me
1613 2580 1864 2664 dilexit3
1902 2580 2080 2645 auxit
2106 2582 2280 2646 beni·

272 2670 628 2736 volentiam
673 2671 1084 2735 consuetudo.
1157 2669 1282 2735 Sed
1330 2690 1718 2754 quamquam
1762 2669 2082 2735 utilitates
2120 2671 2280 2734 mul-

274 2764 381 2825 tae
428 2762 495 2824 et
547 2779 821 2844 magnae
876 2762 1253 2823 consecutae
1300 2761 1478 2841 sunt,
1530 2779 1664 2822 non
1718 2761 1870 2822 sunt
1921 2762 2144 2823 tamen
2197 2761 2278 2824 ab

276 2869 497 2912 earum
543 2868 657 2931 spe
702 2867 931 2911 causae
978 2846 1288 2932 diligendi
1333 2846 1678 2931 profectae.
1750 2844 1844 2911 Ut
1890 2847 2059 2910 enim
2096 2848 2280 2912 bene-

196 2951 250 2992 80
277 2935 384 3000 fici
446 2934 876 3018 liberalesque
941 2955 1159 2999 sumus
1175 2984 1192 3018 ‚
1261 2956 1394 3000 non
1464 2939 1539 2998 ιιι
1602 2934 1934 3019 exigamus
1999 2936 2281 3019 gratiam

276 3022 508 3107 (neque
554 3023 724 3086 enim
768 3022 1150 3087 beneficium
1202 3021 1634 3101 faeneramur‚
1689 3021 1800 3086 sed
1851 3026 2086 3087 natura
2138 3044 2281 3107 pro-

274 3111 461 3196 pensi
506 3111 586 3175 ad
632 3111 1094 3176 liberalitatem
1139 3109 1410 3196 sumus),
1456 3111 1547 3176 sic
1593 3109 1946 3175 amicitiam
1990 3132 2122 3175 non
2167 3132 2281 3194 spe

277 3198 586 3264 mercedis
634 3199 909 3283 adducti,
957 3199 1069 3263 sed
1114 3198 1284 3282 quod
1331 3198 1540 3264 omnis
1578 3198 1713 3263 eius
1748 3197 2052 3263 fructus
2032 3220 2102 3262 ιιι
2137 3199 2280 3283 ipso

277 3308 495 3352 amore
539 3286 734 3371 inest,
789 3288 1210 3372 expetendam
1263 3290 1585 3387 putamus.
1674 3287 1779 3351 Ab
1834 3286 1965 3370 1118,
2020 3286 2130 3370 qui
2176 3309 2280 3372 pe-

197 3391 248 3432 ³⁵
275 3375 509 3441 cudum
554 3375 686 3440 ritu
732 3375 813 3440 ad
857 3376 1261 3460 voluptatem
1308 3375 1526 3439 omnia
1571 3374 1875 3457 referunt,
1920 3375 2113 3459 longe
2160 3375 2284 3439 dis-

278 3462 593 3546 sentiunt,
637 3485 754 3528 nec
798 3463 1060 3547 mirum3
1112 3463 1276 3527 nihil
1325 3463 1493 3527 enim
1541 3464 1774 3547 altum,
1825 3425 1990 3527 nihil
2038 3464 2283 3549 magni-

275 3551 470 3617 ficum
516 3573 590 3616 ac
637 3551 924 3617 divinum
971 3552 1292 3637 suspicere
1337 3555 1637 3636 possunt,
1691 3550 1801 3636 qui
1858 3572 2005 3615 suas
2061 3572 2283 3616 omnes

2310 608 2377 657 29

2314 1891 2380 1941 30

2318 2861 2382 2909 31

2320 3302 2389 3351 32
