2630 3913
354 170 441 233 54
1137 168 1236 222 DE
1274 167 1575 223 OFFICIIS

354 331 572 415 apium
618 331 913 395 examina
958 352 1088 395 non
1136 331 1586 416 fingendorum
1629 329 1930 395 favorum
1975 353 2170 396 causa
2214 352 2360 397 con-.

353 422 724 504 gregantur,
771 419 912 511 seds
945 440 1092 483 cum
1126 419 1616 506 congregabilia
1639 423 1875 483 natura
1912 418 2061 501 sint,
2104 419 2361 506 fingunt

349 507 555 591 favos,
600 507 691 572 sic
727 507 1041 590 homines,
1088 528 1162 571 ac
1198 508 1405 575 multo
1454 507 1652 572 etiam
1697 507 1909 593 magis
1946 510 2182 572 natura
2217 529 2361 573 con-

353 595 631 691 gregati,
656 595 965 660 adhibent
1010 594 1245 680 agendi
1288 594 1746 681 cogitandique
1783 594 2160 660 sollertiam.
2232 595 2360 661 Ita-

349 682 2361 857 ΞΞΓἶεῗῗίζἔέἷέἲέίὲξῖἱέἕῗῗξὲἔὲΟἶῖῗᾷἷξίιωέἒὲἓ
2417 702 2441 741 ⁶

350 859 594 924 tionem
647 880 891 941 rerum,
955 858 1252 946 solivaga
1306 859 1595 945 cognitio
1651 821 1741 923 et,
1779 858 1994 925 ieiuna
2048 860 2360 945 videatur,

349 948 632 1030 itemque
685 946 1067 1031 magnitudo
1124 947 1325 1011 animi
1379 950 1632 1013 remota
1693 948 2156 1013 comunitate
2216 970 2360 1014 con·

349 1035 799 1119 iunctioneque
827 1034 1111 1100 humana
1135 1034 1363 1100 feritas
1391 1035 1479 1099 sit
1505 1035 1820 1119 quaedam
1867 1039 1933 1100 et
1969 1036 2360 1102 immanitas.

351 1123 453 1187 Ita
487 1124 594 1216 fit!
618 1127 691 1187 ut
728 1123 947 1187 vincat
983 1123 1374 1209 cognitionis
1413 1123 1697 1188 studium
1733 1124 2126 1189 consociatio
2155 1125 2361 1189 homi-
2389 1143 2441 1182 ιο

249 1226 346 1276 158
374 1233 530 1276 num
569 1215 762 1295 atque
800 1212 1246 1276 communitas.
1317 1210 1456 1277 Nec
1491 1233 1716 1276 verum
1752 1216 1880 1295 ests
1916 1213 2088 1297 quod
2124 1213 2359 1278 dicitur

350 1323 388 1364 a
452 1299 892 1384 quibusdaqu
925 1304 1193 1384 propter
1255 1299 1708 1365 necessitatem
1771 1300 1970 1384 vitae,
2033 1301 2205 1385 quod
2265 1324 2367 1386 0³7

349 1386 1272 1559 eqfliiachglarlgnapsszsgrdneggl-(iss
1286 1387 1733 1540 cirqgnffilssim
1748 1388 1917 1541 εἴθιζε
1953 1389 2108 1542 {133
2152 1394 2358 1544 figffie

347 1565 537 1629 nibus
566 1563 1096 1628 communitatem
1125 1525 1191 1627 e’t
1219 1563 1625 1647 societatem3
1652 1564 1881 1647 quodsi
1910 1565 2128 1632 omnia
2147 1567 2365 1650 nobis!
2388 1585 2437 1624 ιε

349 1673 513 1735 quae
568 1650 649 1716 ad
702 1652 946 1716 victum
1000 1651 1371 1735 cultumque
1433 1651 1761 1736 pertinent
1761 1692 1796 1744 l
1851 1654 2037 1736 quasi
2098 1653 2357 1741 virgula

348 1740 582 1822 divina,
628 1743 703 1803 ut
744 1739 945 1823 aiunt,
990 1739 1574 1824 suppeditarentur,
1619 1744 1761 1805 tum
1798 1741 2046 1825 optimo
2084 1742 2355 1827 quisque

344 1827 605 1913 ingenio
660 1827 942 1913 negotiis
1002 1828 1302 1893 omnibus
1347 1828 1607 1893 omissis
1652 1832 1865 1894 totum
1912 1850 1981 1895 se
2025 1830 2096 1895 in
2139 1832 2354 1917 cogni-

345 1916 521 1981 tione
586 1918 653 1980 et
714 1915 986 1981 scientia
1047 1916 1415 1983 collocaret.
1513 1914 1665 1982 Non
1727 1921 1827 1983 est
1888 1917 2012 2003 ita3
2071 1940 2224 1986 nam
2288 1925 2355 1986 et

347 2004 763 2069 solitudinem
815 2003 1075 2090 fugeret
1129 2009 1195 2069 et
1250 2005 1496 2071 socium
1542 2006 1739 2070 studii
1794 2012 2157 2092 quaereret,
2212 2011 2353 2074 tum
2383 2027 2437 2066 2⁰

347 2093 569 2158 docere
595 2096 737 2157 tum
765 2092 1006 2158 discere
1042 2093 1258 2177 vellet,
1295 2098 1437 2158 tum
1474 2094 1693 2159 audire
1720 2097 1862 2159 tum
1890 2095 2115 2161 dicere.
2173 2095 2352 2183 Ergo

345 2202 533 2246 omne
588 2179 870 2246 officium
861 2211 908 2276 l
961 2181 1133 2265 quod
1187 2182 1269 2248 ad
1324 2181 1837 2249 coniunctionem
1894 2183 2231 2249 hominum
2286 2189 2353 2250 et

346 2269 427 2335 ad
473 2268 849 2334 societatem
903 2269 1211 2336 tuendam
1266 2270 1445 2336 valet
1450 2307 1478 2354 t
1526 2271 2043 2356 anteponendum
2096 2276 2198 2337 est
2249 2272 2352 2338 illi

243 2397 324 2461 45
346 2356 559 2424 officio
566 2392 593 2462 s
634 2357 806 2442 quod
851 2357 1220 2444 cognitione
1266 2362 1334 2423 et
1380 2358 1648 2424 scientia
1692 2359 2076 2425 continetur.

244 2473 341 2523 159
474 2445 645 2510 Hlud
679 2446 959 2511 forsitan
995 2447 1430 2530 quaerendum
1467 2446 1598 2530 sitrt
1615 2468 1770 2512 num
1805 2448 1966 2514 haec
2001 2449 2350 2515 communi·
2380 2467 2433 2507 ²⁶

343 2539 445 2598 tas
528 2554 690 2618 quae
735 2535 1012 2599 maxime
1057 2539 1158 2599 est
1202 2538 1360 2620 apta
1410 2539 1718 2624 naturae„
1763 2536 1850 2600 sit
1895 2536 2093 2603 etiam
2137 2538 2350 2604 mode—
2476 2533 2483 2538 ’

343 2584 580 2686 rationi
607 2621 1085 2706 modestiaeque
1113 2642 1366 2707 semper
1393 2624 1857 2707 anteponenda.
1928 2623 2080 2689 Non
2105 2626 2348 2711 placet3

343 2713 495 2775 sunt
529 2709 701 2774 enim
737 2709 1051 2794 quaedam
1086 2709 1329 2794 partim
1369 2709 1465 2775 ita
1498 2709 1705 2794 foeda,
1749 2712 1992 2796 partim
2035 2714 2131 2779 ita
2166 2714 2348 2801 flagi-

342 2798 540 2881 tiosa,
600 2801 676 2862 ut
738 2818 814 2863 ea
866 2818 947 2862 ne
999 2797 1474 2863 conservandae
1539 2799 1796 2884 quidem
1848 2801 2099 2885 patriae
2153 2824 2350 2870 causa

343 2885 598 2972 sapiens
641 2885 932 2951 facturus
968 2885 1071 2951 sit.
1140 2885 1241 2951 Ea
1276 2885 1660 2953 Posidonius
1697 2888 1965 2975 collegit
2004 2891 2349 2976 permulta,
2377 2910 2430 2950 so

345 2976 456 3041 sed
499 2974 596 3039 ita
639 2977 853 3040 taetra
898 2973 1232 3059 quaedam,
1274 2974 1373 3039 ita
1417 2975 1708 3060 obscena,
1753 2981 1829 3042 ut
1873 2977 2048 3043 dictu
2093 3000 2348 3063 quoque

342 3063 679 3128 videantur
705 3062 941 3147 turpia.
986 3061 1165 3128 Haec
1190 3063 1396 3149 igitur
1428 3085 1561 3130 non
1589 3064 1894 3150 suscipiet
1919 3066 2016 3131 rei
2049 3067 2348 3152 publicae

340 3170 559 3235 causa;
620 3171 702 3215 ne
764 3171 868 3216 res
929 3152 1191 3236 publica
1252 3152 1511 3237 quidem
1563 3173 1682 3237 pro
1737 3174 1806 3218 se
1859 3154 2100 3239 suscipi
2151 3155 2347 3221 volet.

341 3237 466 3304 Sed
516 3238 642 3304 hoc
695 3239 1093 3305 commodius
1148 3262 1217 3305 se
1270 3261 1376 3306 res
1428 3240 1655 3325 habet,
1718 3240 1890 3325 quod
1940 3263 2073 3308 non
2125 3246 2347 3327 potest

342 3326 625 3392 accidere
687 3330 943 3412 tempus
939 3367 987 3422 f
1032 3331 1107 3392 ut
1168 3328 1429 3394 intersit
1489 3327 1584 3393 rei
1646 3329 1943 3414 publicae
2001 3331 2347 3415 quicquam
2375 3351 2428 3393 ει

240 3429 339 3478 160
366 3413 625 3479 illorum
661 3414 874 3481 facere
912 3415 1286 3501 sapientem.
1351 3414 1563 3492 Quare
1597 3416 1722 3483 hoc
1759 3417 2016 3502 quidem
2047 3418 2347 3485 effectum

342 3499 447 3584 sit,
489 3500 559 3566 in
604 3501 834 3569 officiis
880 3503 1234 3590 deligendis
1271 3504 1339 3570 id
1376 3524 1577 3591 genus
1619 3503 1980 3572 officiorum
2016 3506 2355 3606 excelleres
