2630 3913
761 192 1181 248 POEMATUM.
1220 193 1289 248 H.
1327 193 1380 246 11
1416 192 1531 246 d—
1542 193 1623 248 111
1663 190 2259 257 10.359

385 358 444 423 6.
491 355 612 424 oie.
658 358 730 423 de
775 357 892 421 div.
938 356 990 420 I
1016 361 1121 421 37.
1156 361 1238 421 81
1287 354 1647 420 Obiciuntur
1690 356 1875 420 etiam
1917 376 2093 437 saepe
2131 354 2261 434 for-

253 468 413 530 mae,
467 466 622 528 quae
675 465 885 528 reapse
928 445 1137 509 nullae
1187 450 1357 525 sient,
1409 445 1658 545 speciem
1711 448 1915 508 autem
1966 443 2262 546 offerunt,·

253 536 413 618 quod
465 534 784 617 contiyisse
833 531 1092 597 Brenno
1153 533 1381 597 dicitur
1441 534 1682 614 eiusque
1737 531 1998 597 Gallicis
2058 532 2264 614 copiis,

255 644 392 688 cum
432 623 586 704 fano
628 621 946 703 Apollinis
988 620 1274 702 Delphici
1327 621 1639 700 nefarium
1684 620 1902 685 bellum
1945 620 2263 685 intulisset.

172 729 200 769 s
259 712 420 775 Tum
464 712 628 776 enim
667 711 880 790 ferunt
920 729 996 774 ex
1039 709 1238 774 oraclo
1281 709 1542 790 ecfatam
1587 728 1708 774 esse
1749 707 2075 792 Pythiam:

342 798 487 885 Ego
533 798 885 884 pr6videbo
930 818 1068 861 rem
1113 794 1311 861 istam
1357 799 1423 861 et
1469 796 1655 861 albae
1700 794 2002 882 virgines,

252 889 363 953 Ex
405 908 522 969 quo
562 888 816 970 factum,
858 890 931 950 ut
959 886 1306 950 viderentur
1339 887 1608 968 viryines
1639 885 1802 966 ferre
1836 906 2018 950 arma
2055 889 2266 950 contra

189 1056 192 1057 γ
256 982 312 1041 et
353 978 491 1040 nive
536 974 862 1040 Gallorum
906 974 1254 1038 obrueretur
1298 975 1606 1039 exercitus
1651 1011 1738 1020 —
1783 974 2013 1039 Suidas
2049 973 2101 1037 I
2115 978 2163 1041 2
2195 995 2265 1056 Ρ.

255 1069 387 1130 221
414 1062 649 1128 Bernh.
674 1084 723 1128 s.
749 1084 803 1127 v.
827 1056 1012 1146 Ἐμοὶ
1040 1056 1305 1144 μελήσει
1332 1061 1538 1126 ταῦτα
1574 1058 1684 1125 καὶ
1721 1066 1984 1137 λευκαῖς
2017 1057 2266 1145 κόραις.

177 1170 229 1210 ιο
394 1153 452 1216 7.
506 1150 627 1218 Gic.
675 1152 753 1216 de
803 1152 920 1216 div.
965 1149 1059 1214 II
1095 1152 1357 1215 56.115
1411 1147 1568 1215 Gum
1617 1150 1734 1214 illa
1782 1170 1916 1215 sors
1967 1152 2130 1215 edita
2181 1157 2269 1216 est

259 1241 729 1322 opulentissumo
773 1240 904 1321 reyi
945 1239 1171 1303 Asiae:

350 1326 625 1392 Croesus
641 1326 862 1410 Halyn
874 1329 1221 1411 penetrans
1237 1347 1542 1411 magnam
1561 1329 1887 1410 pervertet
1908 1347 2101 1412 opum
2115 1327 2265 1409 vim,

142 1437 148 1443 ·
257 1416 523 1481 hostium
558 1416 685 1479 vim
709 1436 772 1480 se
793 1435 1220 1496 perversurum
1233 1416 1496 1497 putavit,
1521 1416 1815 1495 pervertit
1843 1420 2046 1479 autem
2071 1435 2266 1480 suam.

264 1504 496 1570 Suidas
540 1502 633 1567 ΙῙ
667 1508 708 1568 1
740 1523 809 1584 Ρ.
854 1506 983 1568 425
1025 1501 1112 1567 Β.
1155 1522 1203 1567 s.
1246 1524 1300 1566 v.
1347 1505 1659 1586 Κροῖσος.

181 1608 232 1649 1⁶
394 1593 453 1657 8.
492 1590 613 1657 C'ic.
647 1592 721 1656 de
763 1592 881 1656 div.
916 1590 1010 1655 II
1038 1596 1139 1655 64.
1173 1596 1298 1656 133
1346 1590 1534 1655 Valde
1566 1590 1924 1657 Heraclitus
1966 1591 2266 1669 obscurus,

258 1681 516 1745 minime
539 1679 944 1745 Democritus.
1007 1679 1183 1744 Num
1216 1679 1408 1761 iyitur
1442 1677 1833 1760 conferendi?
1895 1680 2047 1745 Mea
2081 1700 2269 1744 causa

256 1789 352 1834 me
394 1789 625 1846 moneS,
679 1770 842 1851 quod
890 1788 1017 1832 non
1064 1767 1455 1850 intelleyam?
1549 1766 1715 1848 Quid
1762 1788 1856 1832 me
1908 1769 2101 1851 iyitur
2143 1789 2267 1833 mo-

254 1857 406 1922 nes?
452 1861 525 1922 ut
564 1858 623 1922 si
666 1857 805 1939 quis
847 1857 1114 1921 medicus
1156 1861 1398 1938 aeyroto
1441 1857 1716 1938 imperet,
1759 1861 1832 1921 ut
1871 1862 2078 1921 sumat

347 1945 799 2032 Terrigenam‚
863 1943 1355 2029 herbigradam‚
1418 1944 1884 2030 demiportam,
1957 1945 2268 2031 sanguine

1815 2055 2093 2118 cassam,

179 2139 234 2179 20
249 2124 462 2205 potius
504 2143 691 2204 quam
733 2123 1056 2189 hominum
1099 2142 1264 2187 more
1308 2120 1610 2187 ‘cocleam'
1654 2124 1885 2187 diceret.

258 2210 612 2275 Athenaeus
653 2210 747 2275 II
771 2232 837 2292 p.
884 2215 966 2275 63
1008 2209 1095 2275 Β.

393 2299 452 2362 9.
499 2296 622 2364 Cic.
682 2299 855 2363 Tuso.
908 2298 959 2362 I
993 2303 1100 2364 42.
1143 2303 1265 2363 101
1317 2296 1647 2382 (Simonid.
1695 2298 1815 2380 fry.
1862 2303 1949 2363 92
1990 2319 2058 2379 Ρ.
2103 2304 2270 2364 1148

259 2386 486 2469 Beryh.
530 2387 618 2450 ed.
661 2386 816 2468 III)
860 2386 1021 2451 Pari
1071 2389 1283 2452 animo
1336 2387 1803 2451 Lacedaemonii
1854 2387 1924 2450 in
1981 2385 2266 2450 Thermo-

251 2475 423 2557 pylis
467 2475 831 2557 occiderunt,
873 2476 943 2537 in
986 2495 1135 2557 quos
1178 2475 1554 2539 Simonides:

175 2579 232 2619 25
350 2562 499 2645 Die,
544 2562 782 2648 hospes
792 2613 810 2644 ‚
856 2560 1130 2648 Spartae
1175 2584 1294 2628 nos
1341 2566 1407 2626 te
1452 2561 1559 2628 hic
1602 2562 1839 2627 vidisse
1886 2561 2180 2647 iacentiS‚

436 2650 610 2714 Dum
655 2650 896 2715 sanetis
942 2651 1192 2735 patriae
1237 2651 1494 2736 legibus
1540 2650 1967 2734 obsequimur.

396 2740 496 2804 10.
544 2737 668 2805 Cic.
707 2739 882 2804 Tusc.
931 2739 992 2804 V
1017 2743 1116 2805 35.
1151 2746 1272 2805 101
1309 2740 1415 2803 Em
1457 2760 1574 2822 quo
1617 2740 2081 2824 Sardanapalli,
2125 2761 2262 2824 opu·

260 2828 583 2892 lentissimi
609 2826 832 2909 Syriae
865 2828 1038 2911 reqis,
1074 2849 1245 2893 error
1278 2829 1681 2910 adynoscitur‚
1724 2830 1832 2910 qui
1864 2830 2057 2893 incidi
2087 2831 2270 2894 iussit

259 2916 329 2980 in
373 2916 575 2981 busto:

173 3020 230 3060 80
348 3003 526 3069 Haec
571 3003 809 3085 habe0,
858 3026 1021 3087 quae
1068 3004 1195 3087 edi,
1242 3025 1531 3087 quaeque
1578 3007 1949 3068 exsaturata
1993 3004 2193 3070 libido

347 3091 613 3175 Hausit3
660 3096 729 3156 at
773 3092 892 3155 illa
935 3092 1148 3156 iacent
1192 3092 1403 3156 multa
1447 3095 1514 3156 et
1558 3092 1890 3176 praeclara
1934 3092 2175 3157 relicta.

259 3177 481 3245 Strabo
526 3178 709 3245 XIV
743 3183 800 3245 5.
845 3187 887 3246 9
920 3201 988 3262 p.
1035 3184 1166 3245 672
1210 3179 1470 3246 Gasaub.

1052 3429 1471 3439 ——ss
