2630 3913
331 227 375 288 2
1116 224 1211 278 DE
1250 224 1548 278 OFFICIIS

330 383 593 438 veniendi
637 383 756 438 veri
801 381 1098 453 prudentia
1141 382 1387 436 breviter
1432 385 1574 452 (cap.
1607 385 1688 450 6),
1735 384 1854 436 tum
1902 382 1971 436 de
2015 383 2238 437 iustitia
2282 388 2343 439 et
2431 382 2437 389 ’

331 454 722 517 beneficentia,
769 470 909 522 quae
957 471 1082 508 cum
1127 470 1194 507 ea
1229 455 1526 508 coniuncta
1563 453 1664 519 sit,
1703 453 1937 522 exponit
1974 457 2115 522 (cap.
2149 461 2339 509 7-18

331 532 363 591 ξ
398 527 648 591 20—60),
687 496 888 578 deinde
927 524 995 578 de
1034 523 1368 578 fortitudine
1410 526 1497 592 (ca
1584 530 1790 580 18—26
1828 531 1858 589 ἓ
1889 530 2145 589 61-92),
2185 525 2340 579 deni·

334 612 440 663 que
488 594 557 649 de
600 594 974 664 temperantia
1017 596 1076 648 et
1119 594 1349 662 decoro,
1387 542 1551 661 (111οὲ
1583 610 1707 647 cum
1754 610 1822 649 ea
1870 593 2227 649 coniunctum
2268 595 2344 649 sit

336 670 478 745 (cap.
507 668 758 732 27—42).
830 665 1118 719 Postremo
1165 665 1527 718 honestorum
1571 663 1718 718 inter
1768 680 1825 718 se
1865 665 2343 736 comparationem

334 736 582 790 instituit
618 739 760 805 (cap.
790 738 1040 804 43—45).

262 971 299 1090 ᾗ
470 1001 872 1086 Quamquam
916 1006 1009 1085 te,
1062 1001 1277 1067 Marce
1323 1002 1444 1085 fili,
1500 1024 1740 1066 annum
1798 1001 1929 1065 iam
1976 1001 2342 1066 audientem

338 1089 747 1176 Cratippum,
809 1090 1000 1174 idque
1059 1091 1366 1173 Athenis,
1434 1089 1759 1154 abundare
1833 1094 2090 1174 oportet
2162 1113 2341 1174 prae-

338 1179 540 1264 ceptis
599 1179 1042 1262 institutisque
1095 1178 1547 1263 philosophiae
1593 1181 1860 1262 propter
1905 1200 2222 1242 summam
2277 1183 2342 1243 et

339 1267 619 1332 doctoris
659 1267 1112 1332 auctoritatem
1159 1271 1224 1330 et
1259 1267 1468 1349 urbis,
1506 1288 1778 1348 quorum
1824 1266 1991 1329 alter
2034 1270 2100 1330 te
2147 1267 2342 1331 scien-

338 1356 433 1420 tia
479 1376 713 1440 augere
750 1359 992 1439 potest,
1039 1356 1247 1419 altera
1285 1354 1622 1438 exemplis,
1669 1358 1912 1435 tamen,
1957 1357 2032 1417 ut
2075 1354 2214 1438 ipse
2262 1355 2343 1418 ad
2398 1373 2426 1413 5

338 1467 550 1508 meam
587 1443 941 1507 utilitatem
987 1464 1239 1527 semper
1280 1465 1427 1506 cum
1464 1441 1726 1506 Graecis
1763 1441 1999 1505 Latina
2045 1443 2344 1507 coniunxi

338 1555 544 1616 neque
590 1531 657 1594 id
700 1532 769 1595 in
812 1532 1069 1615 philoso
1119 1531 1229 1594 hia
1277 1531 1528 1615 solum,
1573 1530 1685 1594 sed
1730 1530 1927 1593 etiam
1981 1530 2050 1593 in
2096 1530 2344 1595 dicendi

340 1620 795 1685 exercitatione
840 1618 992 1701 feci,
1036 1554 1207 1682 idem
1254 1619 1376 1682 tibi
1414 1639 1641 1682 censeo
1678 1617 2068 1702 faciendum,
2114 1623 2189 1682 ut
2225 1642 2344 1703 par

340 1709 430 1773 sis
494 1708 563 1771 in
626 1707 964 1790 utriusque
1021 1707 1334 1771 orationis
1386 1705 1716 1770 facultate.
1816 1703 2024 1779 Quam
2086 1707 2340 1790 quidem

340 1796 420 1859 ad
468 1817 604 1859 rem
649 1816 794 1876 nOS,
839 1799 914 1858 ut
949 1794 1257 1877 videmur,
1293 1815 1604 1880 magnum
1642 1794 1979 1858 attulimus
2018 1794 2341 1860 adiumen-
2371 1814 2427 1853 ιο

338 1888 480 1947 tum
517 1882 887 1947 hominibus
923 1882 1166 1947 nostris
1177 1932 1195 1966 ,
1230 1885 1305 1945 ut
1341 1904 1472 1946 non
1515 1882 1705 1946 modo
1736 1880 2126 1947 Graecarum
2172 1884 2341 1947 litte·

337 1995 557 2037 rarum
602 1971 790 2036 rudes
801 2022 817 2054 ,
864 1972 975 2036 sed
1021 1971 1218 2036 etiam
1264 1971 1438 2037 docti
1482 1972 1887 2055 aliquantum
1925 1993 1992 2036 se
2032 1972 2341 2036 arbitren-

266 2077 300 2125 2
337 2065 445 2124 tur
491 2060 759 2145 adeptos
807 2065 872 2124 et
919 2059 1000 2124 ad
1046 2060 1381 2125 dicendum
1427 2065 1491 2124 et
1530 2060 1610 2123 ad
1644 2059 2070 2125 iudicandum.
2135 2058 2341 2135 Quam

339 2150 422 2213 ob
469 2171 606 2212 rem
652 2148 855 2213 disces
901 2153 975 2212 tu
1013 2148 1269 2232 quidem
1306 2170 1346 2211 a
1380 2148 1667 2232 principe
1703 2148 1894 2212 huius
1934 2149 2165 2212 aetatis
2202 2149 2341 2232 phi-

337 2237 785 2321 losophorum,
822 2240 888 2302 et
925 2237 1171 2321 discess
1194 2258 1388 2321 quam
1425 2236 1533 2299 diu
1569 2237 1775 2319 voles;
1811 2240 1949 2300 tam
1980 2237 2086 2301 diu
2124 2241 2340 2301 autem
2369 2253 2424 2294 1⁵

336 2326 505 2389 velle
553 2325 841 2404 debebis,
890 2323 1127 2409 quoad
1144 2330 1245 2418 te7
1285 2328 1598 2409 quantum
1643 2286 1986 2410 proliciaS,
2019 2347 2150 2389 non
2194 2347 2340 2410 pae-
2399 2395 2412 2406 ,

336 2413 600 2497 nitebit3
656 2414 767 2478 sed
819 2418 1039 2478 tamen
1091 2376 1321 2478 nostra
1373 2414 1595 2498 legens
1640 2434 1771 2476 non
1816 2413 2094 2477 multum
2140 2435 2179 2476 a
2227 2413 2341 2476 Pe·

336 2464 693 2587 ripateticis
761 2502 1162 2584 dissidentia,
1226 2500 1530 2584 quoniam
1589 2501 1847 2584 utrique
1902 2499 2212 2566 Socratici
2275 2505 2341 2564 et

336 2590 658 2656 Platonici
703 2591 999 2654 volumus
1055 2611 1219 2669 esse,
1275 2588 1352 2652 de
1406 2589 1598 2652 rebus
1653 2589 1811 2672 ipsis
1855 2590 2035 2652 utere
2082 2592 2194 2651 tuo
2249 2587 2340 2652 iu·

338 2678 502 2742 dicio
551 2675 743 2762 (nihil
791 2677 961 2741 enirn
1007 2640 1333 2763 impedio),
1379 2676 1738 2741 orationem
1784 2680 1999 2740 autem
2035 2675 2339 2740 Latinam
2369 2695 2425 2734 20

338 2765 576 2830 efficies
621 2764 910 2849 profecto
958 2765 1246 2850 legendis
1290 2765 1533 2828 nostris
1570 2764 1943 2849 pleniorem.
2015 2762 2153 2829 Nec
2189 2787 2340 2829 vero

336 2854 459 2919 hoc
506 2857 886 2939 arroganter
931 2853 1171 2918 dietum
1219 2853 1573 2916 existimari
1616 2852 1828 2916 velim.
1918 2850 2090 2916 Nam
2136 2852 2343 2937 philo·

338 2941 654 3027 sophandi
702 2941 1035 3006 scientiam
1081 2940 1428 3005 concedens
1475 2940 1723 3024 multis,
1769 2940 1940 3023 quod
1986 2945 2086 3005 est
2133 2945 2341 3006 orato·

336 3031 426 3095 ris
473 3030 834 3115 proprium,
881 3034 1058 3114 apte,
1105 3029 1435 3112 distincte,
1481 3032 1708 3093 ornate
1755 3029 1989 3111 dicere,
2038 3029 2339 3113 quoniam

336 3120 405 3183 in
460 3140 534 3183 eo
597 3119 808 3183 studio
868 3122 1148 3182 aetatem
1202 3116 1597 3202 consumpsi,
1646 3116 1700 3180 si
1744 3117 1811 3181 id
1856 3117 2016 3181 mihi
2063 3138 2341 3199 assum0,
2368 3134 2424 3174 25

264 3226 301 3274 3
338 3207 558 3272 videor
612 3206 680 3271 id
734 3228 876 3272 meo
930 3206 1068 3271 iure
1124 3206 1402 3290 quodam
1455 3205 1645 3270 modo
1704 3205 2044 3270 vindicare.
2135 3204 2341 3279 Quam

340 3297 423 3361 ob
470 3317 607 3359 rem
665 3316 1053 3395 magnopere
1106 3299 1173 3359 te
1226 3294 1472 3375 hortor,
1518 3292 1608 3357 mi
1654 3290 1907 3377 Cicero,
1952 3297 2025 3357 ut
2069 3314 2200 3357 non
2247 3313 2343 3357 so·

336 3384 473 3447 lum
529 3383 853 3448 orationes
916 3404 1121 3466 meas,
1188 3382 1299 3446 sed
1361 3382 1481 3447 hos
1546 3380 1744 3446 etiam
1799 3381 1875 3446 de
1930 3380 2345 3466 philosophia

337 3470 586 3572 libros&
608 3472 718 3553 qui
763 3471 894 3535 iam
939 3470 1073 3534 illis
1104 3434 1245 3535 'fere
1283 3491 1352 3534 se
1392 3474 1773 3554 aequarunt,
1812 3469 2096 3534 studiose
2133 3470 2345 3555 lega83

335 3558 438 3624 vis
485 3556 656 3622 enim
703 3559 909 3624 maior
954 3559 1021 3622 in
1074 3558 1206 3623 illis
1264 3557 1537 3641 dicendi,
1604 3557 1715 3622 sed
1769 3558 1892 3623 hoc
1947 3578 2198 3643 quoque
2246 3579 2341 3624 co·
2375 3575 2430 3617 so
