2630 3913
394 164 525 226 380
1172 159 1625 214 FRAGMENTA

247 333 370 390 435
393 324 595 388 011011
637 322 894 407 fugiens
941 321 1349 386 commendat
1395 343 1670 404 corpora
1714 320 1923 383 terris,

393 411 560 475 Tum
606 432 758 475 vero
803 409 974 492 fugit
1020 409 1460 492 Andromeda,
1509 413 1574 472 et
1620 406 1951 491 Neptunia
1997 407 2241 471 Pistrix

393 499 562 564 Tota
607 500 795 579 latet,
844 497 1012 561 cedit
1059 519 1368 561 converso
1418 518 1685 581 corpore
1733 494 2027 578 Cepheus

392 588 735 651 Extremas
781 549 992 649 'medio
1040 585 1423 669 contingens
1471 606 1738 668 corpore
1784 587 2010 647 terras
2316 602 2425 650 690

394 677 518 740 Hic
563 679 756 758 caput
803 676 868 736 et
915 695 1181 758 superas
1228 674 1404 757 potis
1452 676 1551 737 est
1599 673 1968 757 demergere
2013 677 2264 756 parteS‚

247 775 373 830 440
391 762 610 827 Infera
656 762 1026 825 lumborum
1073 783 1425 845 numquam
1472 760 1828 826 convestiet
1875 760 2134 843 umbra3

392 851 564 915 Nam
612 850 895 914 retinent
941 850 1181 914 Arctoe
1229 850 1584 913 lustrantes
1632 849 1873 912 lumine
1922 869 2123 913 suras·

391 938 665 1003 Labitur
709 939 827 1002 illa
873 938 1067 1002 simul
1116 942 1385 1023 gnatam
1432 937 1778 1001 lacrimosa
1822 936 2153 1019 requirens

394 1026 729 1111 Cassiepia
773 1048 980 1118 neque
1028 1048 1102 1089 ex
1151 1026 1330 1091 caelo
1379 1025 1645 1110 depulsa
1693 1024 1919 1089 decore
2318 1043 2422 1091 695

391 1114 652 1198 Fertur3
697 1137 849 1179 nam
895 1136 1081 1180 verso
1130 1115 1512 1199 contingens
1559 1113 1796 1177 vertice
1843 1113 2125 1195 primum

183 1246 191 1253 ·
245 1212 371 1270 445
395 1204 655 1285 TerraS,
702 1207 854 1287 post
899 1202 1139 1266 umeris
1186 1224 1410 1266 eversa
1458 1201 1605 1265 sede
1653 1201 1946 1265 refertur.

392 1292 579 1357 Hanc
624 1292 725 1355 illi
770 1291 1066 1355 tribuunt
1114 1310 1390 1373 poenam
1439 1289 1746 1353 Nereides
1794 1289 2031 1372 almae,

393 1379 557 1444 Cum
605 1379 855 1463 quibuS,
901 1382 975 1442 ut
1019 1378 1380 1462 perhibent,
1429 1399 1586 1442 ausa
1623 1381 1723 1442 est
1761 1378 2144 1442 contendere
2183 1377 2416 1443 forma.

392 1469 568 1532 Haec
616 1468 756 1532 obit
799 1467 1137 1549 inclinata3
1185 1470 1253 1530 at
1298 1487 1450 1550 pars
1499 1470 1724 1530 exorta
1769 1464 2060 1531 Coronae
2109 1469 2212 1530 est
2318 1484 2416 1532 700

392 1557 649 1638 Altera,
698 1578 843 1620 cum
890 1555 1217 1638 caudaque
1266 1554 1475 1618 omnis
1521 1555 1652 1617 iarn
1698 1553 2005 1638 panditur
2050 1552 2297 1637 Hydra.

245 1653 373 1709 450
394 1644 486 1707 At
533 1648 726 1727 caput
773 1647 839 1706 et
883 1646 1094 1706 totum
1143 1664 1281 1706 sese
1331 1641 1690 1707 Centaurus
1739 1642 1957 1726 opacis

391 1733 609 1815 Eripit
657 1754 690 1793 e
736 1730 1022 1795 tenebris
1069 1730 1367 1811 linquens
1414 1731 1694 1814 vestigia
1737 1752 1941 1813 parva

393 1818 801 1902 Antepedum
850 1820 1172 1899 contecta,
1220 1817 1414 1880 simul
1462 1841 1607 1882 cum
1654 1818 1896 1882 lumine
1941 1818 2170 1901 pandit

390 1908 538 1991 Ipse
582 1905 789 1969 feram
836 1905 1061 1969 dextra
1106 1906 1419 1989 retinens,
1464 1908 1570 1971 sed
1610 1912 1845 1971 caetera
1888 1908 2101 1988 maym'
2315 1924 2414 1972 705

391 1997 767 2077 Exspectant
809 2015 990 2058 arcus
1035 2001 1253 2059 ortum.
1327 1995 1703 2059 Prolabitur
1747 1995 1894 2058 inde

393 2082 841 2167 Anguitenens
888 2082 1099 2166 capite
1147 2087 1212 2146 et
1258 2083 1576 2166 manibUS,
1622 2083 1872 2168 profert
1919 2084 2110 2147 simul
2152 2084 2413 2171 Anguis

245 2180 368 2236 455
391 2171 532 2236 Iam
579 2175 774 2255 caput
822 2175 886 2234 et
933 2193 1255 2235 summum
1300 2171 1467 2234 fiexo
1516 2173 1592 2234 de
1638 2194 1905 2271 corpore
1952 2174 2185 2268 lumen:

480 2258 606 2324 Hic
651 2260 761 2323 ille
810 2260 1095 2324 exoritur
1140 2281 1450 2323 converso
1499 2282 1765 2344 corpore
1812 2259 2016 2324 Nixus

392 2348 652 2430 Alvum,
690 2370 894 2429 crura,
929 2369 1189 2411 umeros
1228 2347 1421 2410 simul
1461 2352 1526 2411 et
1552 2348 1931 2431 praecordia
1957 2349 2249 2413 lustrans
2312 2369 2411 2415 710

392 2438 483 2501 Et
529 2436 756 2499 dextra
800 2436 1014 2499 radios
1062 2436 1235 2499 laeto
1283 2458 1428 2499 cum
1474 2435 1717 2499 lumine
1762 2435 2028 2500 iactans

392 2524 549 2587 Inde
597 2521 1174 2608 Sagittipotens
1223 2545 1488 2607 superas
1536 2546 1680 2587 cum
1728 2524 1934 2588 visere
1981 2525 2155 2588 luces

251 2619 373 2677 460
394 2613 669 2690 Institit,
719 2612 993 2694 emergit
1038 2610 1192 2674 Nixi
1239 2615 1460 2695 caput,
1507 2615 1573 2674 et
1619 2612 1812 2675 simul
1859 2612 2043 2676 effert

394 2697 547 2763 Sese
594 2699 769 2763 clara
813 2698 1002 2762 Fides
1049 2703 1113 2762 et
1159 2699 1403 2782 promit
1448 2704 1707 2783 pectore
1755 2698 2067 2784 Cepheus

391 2786 700 2851 Fervidus
745 2787 857 2850 ille
904 2785 1097 2851 Canis
1144 2791 1285 2851 toto
1334 2810 1478 2851 cum
1525 2809 1793 2871 corpore
1840 2788 2031 2868 cedit,
2309 2808 2404 2854 715

390 2876 675 2940 Abditur
720 2875 945 2957 Orion,
993 2876 1132 2939 obit
1178 2880 1244 2939 et
1287 2875 1500 2959 Lepus
1551 2876 1808 2940 abditus
1856 2877 2111 2959 umbra,

390 2963 709 3028 Inferiora
755 2964 992 3027 cadunt
1038 2963 1325 3048 Aurigae
1374 2965 1619 3028 lumina
1668 2965 1855 3048 lapsu
1866 3016 1882 3047 ,

243 3059 368 3117 465
393 3050 556 3117 Crus
605 3052 1026 3135 dextrumque
1070 3052 1300 3137 pedem
1344 3053 1643 3135 linquens
1696 3053 1834 3117 obit
1879 3053 2086 3117 infera
2129 3052 2402 3119 Perseus

388 3138 470 3204 In
515 3141 684 3222 loca,
730 3144 872 3203 tum
918 3140 1144 3204 cedens
1193 3140 1477 3225 a‚puppi
1524 3140 1840 3223 linquitur
1884 3141 2086 3226 Argo.

478 3227 635 3291 Inde
674 3228 897 3292 obiens
928 3227 1444 3311 Capricornus
1484 3229 1566 3292 ab
1606 3229 1741 3293 alto
1780 3228 2021 3292 lumine
2048 3228 2241 3313 pellit
2306 3247 2401 3295 720

390 3314 710 3399 Aurigam
755 3316 1236 3399 instantemque
1284 3315 1582 3400 Capram,
1627 3338 1862 3400 parvos
1909 3317 2103 3380 81111111
2144 3316 2400 3382 Haedos

390 3400 481 3461 Et
529 3422 835 3485 magnam
882 3404 1148 3486 antiquo
1197 3404 1465 3487 depellit
1510 3404 1767 3468 nomine
1812 3402 2077 3469 Navem.

244 3492 375 3545 476
396 3483 708 3550 Obruitur
752 3489 1075 3572 Procyon,
1123 3496 1455 3568 emergunt
1501 3492 1657 3555 alite
1705 3493 1891 3575 lapsu
