2630 3913
748 169 881 226 LIB.
918 169 962 224 1.
1036 168 1188 223 CAP.
1228 176 1314 238 32,
1352 177 1438 225 33.
1511 176 1543 236 5
1583 176 1876 227 115—120.
2227 173 2310 236 41

303 330 557 416 ingredi
610 332 841 396 melius
901 334 1098 415 esset,
1160 332 1284 398 hoc
1337 330 1606 397 Herculi
1661 332 1858 397 ‘Iovis
1914 336 2062 398 satu
2116 331 2314 399 edito’

302 419 520 505 potuit
562 418 843 484 fortasse
889 421 1279 505 contingere,
1323 420 1514 485 nobis
1559 442 1690 485 non
1734 421 1912 504 item,
1959 422 2069 504 qui
2104 421 2315 485 imita-

304 529 488 608 mur,
531 528 692 590 quos
738 508 964 591 cuique
1008 508 1219 573 visum
1264 513 1407 604 ests
1447 512 1640 592 atque
1695 508 1777 573 ad
1832 531 2054 574 eorum
2100 510 2317 574 studia

304 596 735 679 inst1tutaque
778 596 1201 681 impellimur3
1253 598 1632 681 plerumque
1679 601 1894 661 autem
1949 598 2310 682 parentium

250 700 277 742 ⁵
303 685 668 769 praeceptis
713 684 927 749 inbuti
970 684 1052 748 ad
1099 706 1321 749 eorum
1371 684 1896 750 consuetudinem
1944 706 2316 769 moremque

305 771 702 854 deducimur3
749 772 864 837 alii
909 772 1345 838 multitudinis
1386 772 1622 837 iudicio
1666 772 1979 858 feruntur,
2026 796 2315 858 quaeque

304 860 537 925 maiori
563 860 740 944 parti
765 860 1202 944 pulcherrima
1222 860 1538 943 videntur,
1567 883 1643 925 ea
1670 862 1947 926 maxime
1978 865 2327 946 exoptant3‘

304 969 438 1013 non
478 948 645 1012 nulli
697 953 918 1012 tamen
963 948 1098 1013 sive
1150 947 1464 1013 felicitate
1518 948 1795 1031 quadam
1840 949 1975 1014 sive
2020 948 2316 1015 bonitate

304 1040 575 1102 naturae
622 1035 760 1101 sine
804 1036 1172 1121 parentium
1222 1036 1564 1121 disciplina
1608 1040 1852 1102 rectam
1892 1038 2066 1102 vitae
2113 1038 2316 1103 secuti

227 1143 281 1182 ιο
311 1128 463 1189 sunt
508 1124 699 1189 viam.

435 1212 610 1277 Illud
655 1217 873 1278 autem
909 1213 1187 1278 maxime
1228 1234 1450 1277 rarum
1497 1234 1698 1298 genus
1746 1217 1847 1278 est
1892 1235 2142 1306 eorum,
2178 1185 2420 1312 qui713133

306 1304 420 1365 aut
455 1300 795 1366 excellenti
828 1301 1072 1385 ingenii
1106 1300 1550 1386 magnitudine
1589 1305 1703 1366 aut
1736 1302 2072 1384 praeclara
2112 1303 2314 1367 erudi-

303 1389 481 1454 tione
537 1393 730 1473 atque
786 1388 1081 1454 doctrina
1134 1394 1248 1454 aut
1300 1393 1576 1472 utraque
1631 1411 1700 1454 re
1756 1390 2000 1477 ornati,
2030 1390 2314 1474 spatium

306 1478 505 1542 etiam
551 1477 948 1543 deliberandi
991 1477 1404 1561 habuerunt!
1443 1499 1633 1561 quem
1685 1477 2096 1562 potissimum
2142 1479 2317 1543 vitae

226 1583 277 1624 15
306 1587 564 1631 cursum
620 1566 802 1649 sequi
856 1565 1128 1648 vellent3
1180 1566 1248 1630 in
1303 1587 1432 1649 qua
1485 1565 1950 1630 deliberatione
2004 1567 2086 1630 ad
2130 1587 2315 1631 suam

296 1655 611 1737 cuiusque
673 1659 974 1719 naturam
1040 1653 1379 1719 consilium
1445 1658 1544 1718 est
1607 1675 1795 1719 omne
1867 1654 2315 1720 revocandum.

303 1740 478 1807 Nam
509 1764 658 1808 cum
692 1742 765 1807 in
800 1742 1133 1832 omnibus!
1164 1763 1328 1825 quae
1366 1746 1665 1828 aguntur,
1711 1764 1788 1807 ex
1825 1764 1932 1837 eo,
1957 1765 2083 1825 quo
2122 1743 2313 1808 modo

307 1832 576 1914 quisque
620 1835 813 1895 natus
860 1834 986 1913 est,
1038 1833 1114 1895 ut
1159 1851 1357 1916 supra
1402 1831 1644 1896 dictum
1690 1835 1815 1914 est,
1876 1830 2029 1914 quid
2074 1830 2328 1914 deceat,

306 1919 699 2004 exquirimus
710 1971 729 2004 ,
782 1922 923 1983 tum
975 1919 1046 1984 in
1089 1922 1235 1984 tota
1277 1918 1418 1984 vita
1466 1918 1915 1985 constituenda
1960 1920 2168 1986 multo
2215 1924 2315 1985 est

223 2026 278 2065 20
306 2008 366 2073 ei
410 2009 506 2072 rei
549 2030 703 2072 cura
747 2008 954 2073 maior
998 2007 1380 2091 adhibenda,
1423 2013 1499 2072 ut
1545 2012 1841 2073 constare
1884 2008 1954 2072 in
1994 2009 2314 2094 perpetui-

304 2098 443 2160 tate
487 2095 662 2160 vitae
705 2095 1029 2180 possimus
1073 2096 1401 2161 nobismet
1443 2096 1605 2180 ipsis
1650 2117 1767 2161 nec
1812 2097 1879 2160 in
1924 2097 2061 2161 ullo
2101 2097 2312 2162 officio

306 2183 681 2249 claudicare.
754 2183 859 2248 Ad
902 2184 1070 2249 hanc
1117 2188 1335 2248 autem
1375 2185 1694 2249 rationem
1739 2184 2045 2268 quoniam
2090 2186 2286 2250 maxi·
2318 2201 2420 2251 120

305 2293 481 2337 mam
524 2271 659 2337 vim
701 2276 939 2337 natura
981 2272 1200 2356 habet,
1243 2270 1510 2336 fortuna
1553 2271 1933 2356 proximam,
1977 2273 2314 2356 utriusque

307 2361 569 2426 omnino
622 2360 921 2425 habenda
974 2359 1144 2425 ratio
1196 2363 1297 2424 est
1339 2359 1411 2423 in
1455 2358 1795 2444 deligendo
1843 2381 2076 2444 genere
2121 2361 2315 2445 vitae,

223 2467 277 2508 25
307 2449 418 2513 sed
462 2452 734 2514 naturae
779 2449 1018 2533 magis3
1064 2449 1271 2513 multo
1319 2447 1490 2512 enim
1537 2452 1603 2511 et
1647 2447 1896 2511 firmior
1932 2451 2031 2512 est
2069 2452 2135 2511 et
2168 2469 2315 2513 con·

307 2536 605 2620 stantior,
639 2540 714 2602 ut
746 2535 1011 2602 fortuna
1045 2557 1177 2602 non
1211 2557 1564 2619 numquam
1601 2538 1937 2619 tamquam
1972 2536 2117 2620 ipsa
2148 2558 2314 2600 mor-

304 2625 460 2690 talis
523 2647 668 2690 cum
730 2625 1065 2690 inmortali
1135 2628 1373 2689 natura
1433 2644 1725 2709 pugnare
1788 2623 2101 2689 videatur.
2191 2623 2316 2700 Qui

305 2713 509 2799 igitur
562 2712 645 2778 ad
696 2717 969 2778 naturae
1024 2734 1176 2777 suae
1225 2734 1359 2778 non
1401 2712 1676 2777 vitiosae
1723 2733 1925 2798 genus
1972 2713 2314 2778 consilium

305 2801 563 2867 vivendi
627 2822 817 2866 omne
882 2800 1253 2883 contulerit,
1314 2800 1372 2865 is
1439 2803 1873 2865 constantiam
1935 2804 2158 2867 teneat
2219 2800 2315 2884 (id

227 2907 280 2947 ⁸0
309 2890 482 2954 enim
529 2889 805 2954 maxime
854 2888 1083 2974 decet),
1135 2888 1262 2952 nisi
1306 2888 1476 2954 forte
1523 2910 1592 2953 se
1632 2889 2026 2964 intellexerit
2065 2910 2314 2953 errasse

305 2977 375 3043 in
409 2977 759 3064 'deligendo
815 2998 1048 3062 genere
1100 2977 1291 3041 vitae.
1383 2975 1567 3052 Quod
1613 2978 1668 3040 si
1716 2977 2020 3042 acciderit
2067 2978 2317 3061 (potest

308 3069 525 3130 autem
553 3065 885 3151 accidere),
909 3064 1203 3130 facienda
1230 3086 1484 3129 morum
1511 3065 2088 3148 institutorumque
2108 3068 2316 3129 muta-

304 3154 399 3218 tio
437 3158 554 3219 est.
616 3153 782 3220 Eam
819 3154 1246 3218 mutationem
1284 3154 1343 3217 si
1378 3156 1674 3238 tempora
1712 3152 2127 3236 adiuvabunt,
2160 3151 2316 3217 faci-

306 3242 431 3307 lius
486 3242 1010 3325 commodiusque
1062 3241 1401 3325 faciemus;
1456 3242 1558 3306 sin
1612 3241 1851 3324 minuS,
1905 3240 2144 3305 sensim
2192 3241 2318 3305 erit

229 3347 280 3388 ³⁵
306 3330 894 3415 pedetemptimque
946 3329 1266 3413 facienda,
1329 3334 1402 3394 ut
1465 3329 1789 3422 amicitias
1789 3360 1819 3411 s
1874 3350 2038 3412 quae
2100 3328 2315 3394 minus

310 3418 628 3484 delectent
683 3422 750 3483 et
803 3418 1015 3483 minus
1069 3418 1450 3503 probentur,
1510 3417 1720 3503 magis
1776 3417 1997 3482 decere
2053 3422 2316 3482 censent

309 3507 632 3591 sapientes
703 3507 941 3571 sensim
1014 3505 1255 3571 diluere
1329 3528 1522 3591 quam
1594 3509 1859 3591 repente
1928 3504 2315 3591 praecidere.
