2630 3913
334 201 371 260 3
381 198 463 259 10
1107 196 1558 251 FRAGMENTA

334 358 559 439 inquit,
613 358 743 439 ipse
794 358 1080 433 instituo;
1135 359 1381 441 etenim,
1433 359 1542 438 qui
1594 377 1691 421 me
1742 357 1981 422 absente
2030 359 2103 422 in
2146 378 2350 422 meum

334 447 532 510 locum
582 446 972 510 substituitur
1022 449 1081 508 et
1127 446 1399 510 vicarius
1451 464 1618 509 meae
1668 445 2017 527 diliyentiae
2070 448 2350 529 succedit,

335 537 391 597 is
435 554 534 611 ea,
567 551 734 614 quae
777 553 909 615 eqo,
952 533 1105 597 scire
1148 533 1325 597 debet.

473 621 571 684 12.
617 621 782 684 Non.
819 642 888 701 p.
932 625 1063 684 449
1107 641 1195 685 ex.
1232 621 1431 700 (Xen.
1468 626 1566 685 16.
1602 621 1716 703 14)
1752 621 1847 685 M.
1881 621 2128 685 Tullius
2174 619 2349 686 Oeco-

335 710 602 773 nomico:
648 706 849 772 Nullo
896 708 1087 773 modo
1123 707 1380 773 facilius
1419 708 1701 773 arbitror
1737 729 1929 793 posse
1963 729 2171 792 neque
2206 708 2349 772 her·
2410 726 2438 769 ε

337 797 780 860 bas-arescere
816 798 885 860 et
913 795 1188 861 interfici
1222 818 1429 879 neque
1466 801 1709 860 terram
1747 796 1831 860 ab
1860 795 1997 860 sole
2025 796 2350 880 percoqui.

475 885 572 948 13.
610 883 778 948 Plin.
822 889 951 948 nat.
992 884 1129 948 hist.
1166 884 1431 948 XVIII
1457 889 1591 949 224
1628 884 1825 965 (Xen.
1860 890 1962 949 17.
1996 884 2073 968 2)
2107 884 2352 950 Semen«

339 972 499 1036 tibus
543 977 815 1053 tempora
851 973 1123 1053 plerique
1159 978 1566 1054 praesumunt
1607 978 1665 1036 et
1705 972 1784 1036 ab
1819 972 1937 1035 XI
1964 973 2062 1036 die
2105 978 2351 1037 autum-

337 1060 504 1125 nalis
564 1061 929 1141 aequinoctii
986 1061 1195 1142 fruyes
1252 1062 1375 1125 seri
1435 1060 1643 1124 iubent
1701 1080 1746 1123 a
1802 1058 2075 1125 Coronae
2135 1066 2352 1125 eaeortu

339 1149 644 1213 continuis
672 1149 883 1213 diebus
907 1153 1063 1213 certo
1086 1168 1280 1229 prope
1313 1149 1605 1213 imbrium
1629 1150 1954 1229 promisso,
1990 1147 2347 1229 Xenophon,
2384 1169 2438 1207 ιο

338 1256 464 1300 non
508 1241 653 1300 ante
695 1256 882 1317 quam
924 1238 1071 1301 deus
1114 1238 1361 1317 signum
1403 1238 1647 1302 dederit.
1714 1232 1856 1300 Hoc
1902 1235 2106 1301 Cicero
2149 1242 2354 1301 noster

339 1324 529 1388 imbre
570 1326 709 1405 fieri
743 1326 1174 1406 interpretatus
1208 1330 1309 1402 est,
1353 1343 1491 1389 eum
1523 1326 1608 1389 sit
1639 1345 1783 1389 vera
1817 1325 1980 1388 ratio
2014 1344 2140 1387 non
2165 1326 2353 1405 prius

340 1413 603 1502 serendi,
649 1433 837 1493 quam
878 1413 1037 1491 folia
1080 1414 1379 1493 coeperint
1420 1413 1700 1477 decidere.

449 1501 577 1565 14.
623 1499 952 1566 Charisius
995 1500 1045 1563 I
1070 1522 1139 1581 p.
1182 1505 1408 1581 106sq.
1452 1500 1617 1564 Keil.
1706 1499 1905 1582 (Xen.
1949 1503 2050 1563 17.
2095 1503 2210 1575 14,
2274 1500 2351 1579 cf.

343 1591 401 1651 7.
444 1589 560 1670 33)
605 1587 914 1653 ‘Alvaria’
960 1593 1173 1652 neutro
1219 1608 1434 1670 yenere
1475 1587 1810 1669 pluraliter
1852 1591 2095 1651 tantum
2138 1587 2350 1651 dicun·
2383 1606 2435 1645 1⁵

340 1680 444 1739 tur
492 1712 591 1752 —‚
634 1678 914 1775 quamvis
960 1674 1164 1740 Cicero
1210 1678 1281 1739 in
1321 1674 1702 1740 Oeconomico
1746 1674 2144 1757 sinyidariter
2187 1676 2352 1739 dixe-

339 1764 457 1827 rit:
504 1763 679 1847 Apes
724 1764 794 1825 in
840 1763 1158 1827 alvarium
1204 1767 1669 1828 concesserant.

477 1850 576 1916 15.
623 1851 902 1915 Gramm.
948 1851 1018 1914 de
1061 1851 1264 1916 dubiis
1306 1871 1468 1915 nom.
1519 1852 1586 1915 T.
1635 1852 1788 1933 Vp.
1833 1850 2350 1931 576.12(Xen.

338 1943 441 2003 18.
483 1938 559 2021 2)
605 1936 937 2003 Oulmum’
978 1940 1215 2021 ¹ceneris
1266 1940 1493 2018 neutri,
1547 1943 1619 2004 ut
1661 1939 1868 2024 Nepos
1907 1938 2055 2004 vult.
2146 1936 2351 2005 Cicero

341 2031 574 2090 aretem:
620 2026 769 2090 Erit
813 2027 1028 2091 brevis
1076 2028 1342 2092 calmae.
2380 2045 2437 2084 2⁰

478 2115 578 2180 16.
613 2114 780 2180 Serv.
818 2117 904 2179 ad
948 2115 1117 2199 Very.
1156 2115 1371 2198 Geory.
1398 2115 1490 2180 II
1505 2120 1640 2181 288
1674 2115 1713 2198 (
1714 2115 1872 2180 Xen
1909 2121 2009 2180 19.
2043 2114 2118 2196 3)
2156 2113 2351 2180 Scro-

341 2201 458 2268 bes'
513 2204 842 2268 masculini
892 2210 1039 2269 sunt
1082 2206 1354 2286 ,qeneriffl
1410 2224 1560 2268 nam
1611 2209 1670 2267 et
1715 2201 1918 2269 Cicero
1970 2204 2041 2267 in
2097 2201 2351 2268 Oecono-

340 2291 518 2356 micis
559 2294 649 2356 sic
692 2293 843 2356 dicit
890 2328 986 2356 —.

476 2380 576 2444 17.
625 2379 778 2445 Gell.
823 2379 965 2445 XV
999 2383 1055 2444 5.
1101 2385 1145 2445 8
1186 2386 1245 2444 et
1277 2381 1439 2445 Non.
1473 2401 1542 2462 p.
1578 2385 1700 2444 161
1744 2381 1831 2444 in.
1867 2379 2064 2460 (Xen.
2103 2383 2206 2444 19.
2238 2381 2352 2461 19)

344 2467 547 2532 Cicero
600 2469 672 2532 in
726 2466 1144 2533 Oeconomico:
1208 2465 1370 2531 Oum
1425 2490 1577 2532 vero
1639 2467 1892 2532 adfecta
1953 2467 2083 2531 iam
2147 2488 2350 2551 prope
2383 2483 2440 2523 2⁵

344 2559 592 2620 aestate
639 2577 797 2619 uvas
845 2578 884 2620 a
930 2556 1067 2619 sole
1112 2555 1447 2620 mitescere
1494 2559 1750 2638 tempus
1797 2558 1913 2619 est.

478 2644 576 2709 18.
631 2643 905 2707 Macrob.
958 2641 1089 2708 Sat.
1144 2642 1278 2706 III
1324 2647 1428 2708 20.
1473 2648 1516 2707 4
1565 2642 1687 2724 (ΙΙ
1721 2644 1833 2726 16)
1886 2643 2082 2726 (Xen.
2127 2647 2232 2708 20.
2279 2645 2353 2727 4)

342 2730 548 2795 Cicero
578 2729 1010 2795 Oeconomieon
1037 2730 1191 2795 libro
1218 2733 1425 2795 tertio:
1460 2730 1686 2814 Neque
1714 2730 1875 2795 serit
1900 2732 2100 2796 vitem
2125 2752 2353 2815 neque,

344 2840 505 2902 quae
561 2820 705 2882 sata
760 2821 890 2902 est,
945 2817 1290 2902 diligenter
1346 2818 1532 2901 eolit3
1598 2819 1843 2902 oleum,
1904 2818 2093 2902 ficos,
2155 2840 2353 2903 poma

340 2929 470 2971 non
515 2906 731 2971 habet.
2385 2924 2443 2963 ευ

1004 3124 1085 3184 II.
1149 3121 1690 3183 PROTAGORAS.

476 3260 529 3325 1.
591 3260 845 3340 Quintil.
891 3259 962 3323 X
1003 3263 1060 3324 5.
1102 3265 1150 3324 2
1205 3259 1410 3325 Cicero
1454 3294 1541 3304 —
1597 3259 1782 3323 libros
1835 3257 2122 3323 Platonis
2174 3262 2359 3340 atque

338 3346 756 3427 Xenophontis
799 3348 989 3412 edidit
1028 3347 1137 3412 hoc
1172 3367 1388 3429 ,qenere
1433 3347 1777 3411 translatos.

469 3436 529 3497 2.
574 3434 768 3499 Prisc.
827 3435 929 3499 VI
963 3440 1059 3500 11.
1102 3440 1186 3499 63
1218 3456 1284 3515 Ρ.
1322 3439 1475 3500 247.
1509 3439 1595 3500 21
1641 3434 1729 3497 Η.
1773 3433 1973 3515 (Plat.
2018 3433 2188 3498 Prot.
2230 3435 2356 3518 in.)

341 3516 544 3582 Cicero
587 3522 656 3582 in
702 3522 1077 3602 Protayora:
1135 3519 1301 3595 Quid
1347 3521 1463 3586 tu?
1524 3521 1691 3584 unde
1745 3522 2008 3586 tandem
2056 3542 2352 3605 appareS,
2388 3541 2443 3581 35
