2630 3913
994 241 1087 308 111,
1126 240 1218 294 Ν.
1293 247 1324 306 g
1363 247 1589 295 ιιι-27.
2149 242 2280 304 205

269 425 433 487 quae
489 401 716 485 cuique
771 406 1034 486 peccato
1089 423 1297 487 poena
1354 403 1466 485 sit,
1526 402 1637 466 sed
1694 407 2004 485 quantum
2051 403 2279 486 cuique

268 492 481 574 liceat,
527 495 822 574 spectare
861 491 1192 573 debemus3
1238 490 1540 573 quicquid
1576 512 1706 555 non
1750 496 2024 575 oportet,
2071 492 2279 555 scelus

269 600 427 664 esse,
458 578 762 663 quicquid
788 599 922 643 non
950 579 1119 660 licet,
1146 577 1327 642 nefas
1356 583 1585 664 putare
1612 579 1931 644 debemus.
1977 578 2280 644 Etiamne
2365 629 2368 632 ¹

266 668 337 732 in
392 667 676 732 minimis
725 667 977 731 rebus?
1067 666 1315 751 Etiam,
1356 602 1696 751 Psiquidem
1748 689 1965 732 rerum
2021 669 2279 732 modum

213 773 240 815 ιι
266 756 468 841 figere
513 771 642 820 non
688 776 1050 840 possumus,
1096 756 1459 820 animorum
1489 756 1767 842 modum
1804 760 2023 821 tenere
2059 778 2280 840 possu-
2335 787 2338 788 ⁷

268 866 428 909 mus.
518 843 772 909 Histrio
839 844 895 908 si
958 844 1224 928 paulum
1290 865 1358 908 se
1423 845 1629 909 movit
1684 848 1867 909 extra
1924 867 2281 928 numerum,
2317 863 2384 911 26

270 938 383 997 aut
448 932 505 997 si
558 953 783 997 versus
848 933 1305 1017 pronuntiatus
1376 937 1480 997 est
1534 933 1789 1017 syllaba
1842 955 1971 997 una
2025 934 2281 998 brevior

268 1025 382 1096 aut
427 1021 711 1107 longior,
757 1020 1163 1104 exsibilatur,
1220 1021 1613 1105 exploditur3
1666 1022 1736 1085 in
1779 1021 1917 1086 vita
1961 1026 2062 1105 tu,
2118 1043 2281 1105 quae
2369 1087 2372 1090 ,

269 1110 446 1174 οιιιιιι
495 1113 684 1194 gestu
729 1109 1139 1190 moderatior,
1185 1110 1362 1173 omni
1406 1131 1597 1174 versu
1644 1110 1859 1194 aptior
1895 1130 2035 1174 esse
2074 1110 2281 1193 debet,

191 1219 242 1256 ιο
267 1198 337 1261 ιιι
392 1197 649 1281 syllaba
704 1201 768 1261 te
824 1218 1122 1281 peccasse
1179 1197 1394 1262 dices?
1483 1197 1754 1263 Poetam
1800 1219 1931 1262 non
1978 1197 2167 1262 audio
2214 1199 2281 1262 in

265 1286 488 1370 nugis;
531 1286 601 1349 in
645 1285 817 1349 vitae
863 1286 1172 1350 societate
1219 1286 1476 1350 audiam
1514 1286 1719 1351 civem
1756 1285 1980 1371 digitis
2017 1290 2281 1370 peccata

270 1373 712 1438 dimetientem
758 1373 917 1438 sua?
1008 1371 1077 1437 Si
1122 1374 1238 1455 vis,
1286 1395 1439 1438 sane
1488 1375 1620 1438 sint
1665 1374 1994 1457 breviora,
2035 1374 2280 1439 leviora

271 1462 382 1544 qui
436 1466 710 1546 possunt
763 1461 1053 1526 videri?
1071 1484 1241 1545 cum,
1299 1462 1600 1547 quicquid
1654 1467 1979 1547 peccetur,
2033 1467 2280 1547 pertur-

269 1549 533 1615 batione
596 1554 895 1634 peccetur
957 1550 1226 1615 rationis
1293 1554 1487 1635 atque
1556 1551 1827 1635 ordinis,
1898 1551 2281 1635 perturbata

190 1656 241 1696 ιο
269 1642 487 1703 autem
534 1639 732 1704 semel
777 1639 1029 1704 ratione
1075 1643 1141 1703 et
1187 1639 1408 1714 ordine
1431 1639 1617 1704 'nihil
1665 1639 1875 1724 possit
1920 1639 2094 1723 addi,
2153 1662 2279 1723 quo

270 1728 480 1812 magis
526 1728 778 1811 peccari
823 1749 1013 1812 posse
1059 1727 1370 1792 videatur.

893 1974 1504 2077 PARADOXON
1550 2009 1663 2075 lv.

429 2111 569 2177 ’Ὁτι
613 2117 740 2207 πᾶς
784 2111 1024 2198 ἄφρων
1068 2120 1386 2198 μαίνεται.

401 2253 547 2339 Ego
586 2276 735 2319 vero
772 2259 839 2319 te
875 2277 1008 2320 non
1043 2258 1337 2340 stultum,
1382 2262 1458 2321 ut
1493 2278 1701 2341 saepe,
1747 2279 1881 2323 non
1913 2258 2290 2366 inprobum,

190 2363 243 2401 πο
276 2353 345 2407 ut
389 2363 670 2426 semper,
716 2342 828 2408 sed
875 2343 1234 2407 dementem
1283 2395 1297 2408 .
1341 2395 1355 2409 .
1406 2395 1418 2408 .
1467 2396 1480 2409 .

379 2571 391 2582 .
433 2571 446 2583 .
493 2519 683 2583 rebus
731 2519 814 2584 ad
860 2520 1099 2585 victum
1136 2521 1514 2585 necessariis
1554 2542 1693 2585 esse
1730 2521 2007 2586 invictus
2044 2526 2277 2605 potest

269 2606 596 2692 Sapientis
624 2608 876 2672 animus
904 2608 1347 2694 magnitudine
1375 2609 1645 2692 consilii,
1686 2610 2038 2674 tolerantia
2066 2632 2278 2675 rerum

267 2697 715 2780 humanarum,
751 2698 1228 2782 contemptione
1264 2696 1584 2780 fortunae,
1620 2698 1971 2763 virtutibus
2009 2698 2279 2782 denique

189 2804 241 2843 τε
269 2786 568 2850 omnibus
605 2790 680 2849 ut
717 2785 1051 2850 moenibus
1080 2790 1343 2870 saeptus
1373 2786 1663 2851 vincetur
1692 2791 1757 2850 et
1785 2787 2278 2872 expugnabitur,

269 2875 380 2958 qui
432 2896 514 2938 ne
569 2873 834 2939 civitate
881 2874 1138 2958 quidem
1183 2874 1341 2959 pelli
1386 2875 1648 2958 potest?
1738 2872 1914 2948 Quae
1961 2880 2061 2939 est
2108 2877 2272 2940 enim

267 2962 542 3028 civitas?
627 2962 919 3027 omnisne
966 2967 1318 3027 conventus
1365 2964 1562 3027 etiam
1607 2961 1891 3028 ferorum
1938 2967 2005 3027 et
2053 2963 2276 3027 imma-

265 3049 488 3114 nium?
545 3050 837 3115 omnisne
893 3051 1091 3115 etiam
1145 3050 1572 3136 fugitivorum
1628 3072 1702 3116 ac
1756 3051 2085 3115 latronum
2131 3073 2276 3116 con·

268 3142 543 3224 gregata
595 3160 794 3203 unum
848 3139 917 3202 in
975 3140 1188 3204 locum
1255 3138 1650 3203 multitudo?
1739 3136 1931 3203 Certe
1985 3140 2275 3224 negabis.

189 3245 239 3285 so
266 3225 418 3292 Non
478 3226 682 3312 igitur
746 3230 888 3292 erat
941 3227 1060 3292 illa
1122 3231 1260 3292 tum
1326 3228 1581 3310 civitas,
1646 3249 1791 3292 cum
1847 3228 2024 3312 leges
2078 3226 2146 3290 in
2203 3249 2278 3292 ea

265 3315 427 3380 nihil
474 3315 800 3398 valebant,
845 3337 990 3380 cum
1026 3316 1262 3381 iudicia
1296 3316 1615 3393 iacebant,
1661 3337 1804 3380 cum
1843 3337 1991 3379 mos.
2022 3316 2275 3400 patrius

266 3402 604 3483 occiderat,
633 3425 779 3468 cum
805 3402 978 3468 ferro
1002 3405 1208 3489 pulsis
1241 3403 1736 3489 magistratibus
1760 3407 2022 3468 senatus
2041 3425 2277 3469 nomen

262 3492 331 3554 in
376 3513 446 3555 re
491 3491 753 3575 publica
796 3512 928 3555 non
973 3496 1145 3577 erat3
1216 3492 1610 3575 praedonum
1661 3492 1774 3556 ille
1820 3513 2164 3557 concursus
2212 3496 2279 3558 et

230 3583 243 3593 '
262 3583 327 3644 te
384 3579 540 3644 duee
595 3578 1007 3643 latrocinium
1060 3581 1129 3643 in
1181 3579 1325 3645 foro
1378 3579 1804 3645 constitutum
1852 3585 1918 3644 et
1962 3580 2276 3665 reliquiae

2318 2316 2385 2363 2¹2
