2630 3913
892 185 1044 243 CAP.
1087 193 1171 254 15,
1212 191 1292 242 16.
1367 192 1399 252 ς
1436 191 1660 242 52—56.
2154 188 2275 251 151

270 350 467 416 etiam
524 352 591 414 et
644 347 982 433 pomariis,
1036 352 1177 413 tum
1230 348 1544 432 pecudum
1598 353 1819 433 pastu,
1875 349 2092 434 apium
2138 370 2279 414 exa·

269 438 580 521 minibus,
642 436 875 502 florum
935 437 1221 501 omnium
1278 436 1611 501 varietate.
1699 435 1837 502 Nec
1891 436 2278 503 consitiones

269 527 461 592 modo
509 525 851 608 delectant,
897 525 1008 589 sed
1055 525 1251 589 etiam
1296 524 1653 609 insitiones,
1699 525 1931 609 quibus
1977 525 2141 590 nihil
2187 526 2277 590 in-

269 615 448 681 venit
501 613 646 699 agri
701 613 955 678 cultura
1010 613 1359 679 sollertius.
1449 613 1724 678 Possum
1779 613 2077 699 persequi
2123 582 2382 715 per-1553⁵

215 723 242 764 5
270 705 479 768 multa
525 702 1000 768 oblectamenta
1044 723 1259 766 rerum
1304 701 1710 785 rusticarum,
1759 702 1870 766 sed
1914 702 2075 767 haec
2118 702 2281 786 ipsa,

271 814 433 876 quae
490 790 648 873 dixi,
703 789 911 855 sentio
964 788 1164 855 fuisse
1219 790 1538 875 longiora.
1626 790 1988 876 Ignoscetis
2036 794 2279 874 autem3

268 903 421 945 nam
478 882 544 944 et
599 840 811 944 studio
867 878 1256 943 rusticarum
1310 899 1527 943 rerum
1581 883 1923 964 provectus
1981 901 2150 963 sum,
2214 882 2280 944 et

272 972 565 1038 senectus
622 970 721 1031 est
771 970 1007 1031 natura
1061 966 1419 1050 loquacior,
1482 989 1562 1031 ne
1627 968 1708 1031 ab
1775 967 2071 1033 omnibus
2137 988 2280 1032 eam

269 1057 446 1121 vitiis
493 1055 714 1120 videar
758 1055 1097 1120 vindicare.
1186 1054 1366 1141 Ergo
1412 1055 1481 1119 in
1534 1055 1657 1120 hac
1701 1055 1840 1120 vita
1883 1055 1985 1120 Μ’.
2033 1053 2279 1140 Curius,

191 1164 242 1203 ιο
270 1167 415 1210 cum
464 1143 540 1207 de
578 1141 996 1227 Samnitibus,
1042 1142 1117 1208 de
1153 1140 1430 1227 Sabinis,
1477 1142 1553 1208 de
1589 1142 1840 1227 Pyrrho
1889 1143 2279 1229 triumphas-

271 1237 390 1316 set,
435 1231 835 1316 consumpsit
880 1194 1238 1296 ext'remum
1283 1235 1417 1295 tem
1463 1253 1539 1295 us
1587 1231 1839 1296 aetatis.
1914 1229 2108 1297 Cuius
2146 1232 2280 1316 qui·

270 1321 418 1386 dem
463 1340 583 1406 ego
629 1320 856 1384 villam
912 1320 1356 1420 contemplans
1412 1255 1627 1404 {abest
1681 1320 1853 1384 enim
1905 1341 2035 1384 non
2076 1320 2279 1421 ’longe

272 1432 312 1473 a
357 1405 486 1493 me)
531 1408 835 1473 admirari
882 1408 1041 1473 satis
1087 1430 1218 1474 non
1271 1429 1539 1493 possum
1584 1409 1688 1473 vel
1737 1407 2018 1473 hominis
2071 1407 2276 1493 ipsius

273 1496 734 1563 continentiam
796 1496 901 1561 vel
965 1500 1331 1581 temporum
1397 1496 1819 1581 disciplinam.
1910 1493 2103 1561 Curio
2168 1495 2250 1560 ad
2269 1507 2381 1577 (50)

192 1605 245 1644 15
274 1585 489 1650 focum
552 1584 800 1650 sedenti
863 1606 1172 1670 magnum
1237 1586 1379 1650 auri
1439 1586 1691 1671 pondus
1747 1582 2071 1650 Samnites
2135 1606 2280 1649 cum

272 1673 673 1757 attulissent,
727 1673 1047 1757 repudiati
1103 1677 1281 1756 sunt3
1344 1695 1477 1738 non
1531 1674 1703 1738 enim
1757 1695 1986 1738 aurum
2039 1673 2280 1737 habere

269 1762 672 1848 praeclarum
736 1761 864 1825 sibi
916 1761 1119 1826 videri
1183 1761 1370 1846 dixit,
1434 1762 1547 1827 sed
1610 1762 1730 1846 eis,
1794 1762 1905 1846 qui
1966 1762 2283 1827 haberent

270 1873 524 1934 aurum,
585 1849 920 1933 imperare.
1017 1849 1368 1916 Poteratne
1430 1854 1652 1915 tantus
1718 1851 1968 1916 animus
2030 1848 2280 1916 efficere
2316 1869 2384 1920 50

268 1962 401 2005 non
454 1939 796 2004 iucundam
852 1939 1291 2004 senectutem?
1385 1936 1508 2005 Sed
1562 1939 1748 2005 venio
1805 1939 1887 2005 ad
1943 1939 2280 2026 agricolas,

191 2047 245 2086 ιο
271 2051 353 2093 ne
399 2049 440 2099 a
483 2049 586 2092 me
630 2028 775 2112 ipso
820 2027 1130 2092 recedam.
1202 2027 1281 2091 In
1319 2028 1494 2113 agris
1532 2033 1717 2092 erant
1751 2031 1893 2094 tum
1932 2033 2282 2112 senatores,

271 2116 339 2180 id
394 2119 493 2179 est
539 2137 752 2198 senes,
807 2115 1122 2199 siquidem
1178 2116 1391 2180 aranti
1435 2115 1506 2180 L.
1553 2114 1850 2190 Quinctio
1899 2114 2279 2182 Cincinnato

272 2204 643 2268 nuntiatum
688 2207 787 2268 est
833 2225 978 2268 eum
1025 2204 1406 2269 dictatorem
1445 2225 1584 2268 esse
1621 2203 1892 2288 factum3
1937 2205 2117 2269 cuius
2157 2205 2280 2270 dic-

274 2291 511 2356 tatoris
555 2291 733 2356 iussu
778 2292 1092 2378 magister
1138 2290 1427 2376 equitum
1465 2289 1533 2356 C.
1571 2288 1883 2356 Servilius
1920 2292 2137 2356 Ahala
2173 2290 2280 2378 Sp.

270 2378 580 2445 Maelium
617 2401 886 2465 regnum
924 2380 1334 2465 adpetentem
1380 2383 1763 2463 occupatum
1808 2380 2155 2443 interemit.
2217 2380 2280 2443 A

188 2487 240 2528 85
270 2468 433 2533 villa
458 2468 527 2532 in
564 2472 860 2533 senatum
896 2468 1344 2534 arcessebatur
1380 2472 1445 2532 et
1473 2465 1702 2533 Curius
1741 2471 1809 2532 et
1844 2466 2041 2533 ceteri
2078 2488 2279 2550 senes,

272 2579 348 2621 ex
396 2578 549 2640 quo,
605 2556 716 2640 qui
762 2577 871 2622 eos
919 2556 1360 2640 arcessebant,
1418 2555 1700 2620 viatores
1746 2554 2065 2622 nominati
2111 2558 2277 2619 sunt.

269 2644 445 2710 Num
499 2644 701 2730 igitur
754 2644 988 2710 horum
1044 2649 1337 2710 senectus
1393 2643 1783 2709 miserabilis
1838 2643 1992 2727 fuit,
2046 2643 2157 2728 qui
2211 2664 2279 2709 se

270 2733 417 2818 agri
443 2732 727 2798 cultione
755 2732 1214 2798 oblectabant?
1277 2732 1426 2798 Mea
1461 2733 1718 2817 quidem
1757 2730 2077 2798 sententia
2108 2732 2279 2797 haud

271 2821 404 2887 scio
452 2842 535 2886 an
579 2820 762 2886 nulla
807 2821 1060 2886 beatior
1104 2821 1314 2905 possit
1353 2842 1510 2906 esse,
1554 2843 1760 2906 neque
1799 2821 2010 2887 solum
2048 2821 2280 2904 offici0,

190 2927 242 2967 so
272 2908 443 2994 quod
497 2908 833 2974 hominum
888 2910 1109 2995 generi
1162 2909 1463 2975 universo
1518 2911 1773 2975 cultura
1828 2931 2134 2995 agrorum
2181 2913 2280 2973 est

271 2997 595 3081 salutariS,
640 2997 752 3062 sed
791 3001 856 3062 et
893 2997 1336 3081 delectatione,
1374 2999 1447 3063 de
1482 3019 1610 3081 qua
1639 2997 1786 3080 dixi,
1834 3001 1899 3062 et
1937 2996 2279 3061 saturitate

269 3085 580 3170 copiaque
633 3106 850 3150 rerum
904 3085 1219 3169 omnium,
1275 3107 1441 3169 quae
1505 3086 1586 3150 ad
1639 3086 1882 3150 victum
1926 3084 2280 3168 hominum,

270 3174 352 3238 ad
398 3175 644 3239 cultum
691 3173 889 3238 etiam
935 3172 1198 3239 deorum
1244 3173 1589 3258 pertinent,
1634 3177 1726 3258 ut,
1772 3172 2075 3256 quoniam
2120 3172 2280 3237 haec

270 3262 533 3346 quidam
596 3261 993 3346 desiderant,
1064 3262 1132 3326 in
1197 3262 1479 3348 gratiam
1540 3262 1673 3326 iam
1736 3282 1882 3326 cum
1943 3261 2279 3346 voluptate

188 3367 240 3409 85
269 3350 625 3415 redeamus.
716 3347 983 3452 Semper
1037 3350 1208 3414 enim
1261 3349 1418 3415 boni
1472 3349 1838 3451 assiduique
1899 3348 2142 3414 domini
2186 3370 2279 3413 re-

267 3437 438 3503 ferta
476 3438 641 3503 cella
676 3438 944 3523 vinaria,
991 3438 1251 3522 olearia,
1297 3437 1495 3503 etiam
1531 3437 1797 3522 penaria
1833 3441 1950 3521 est,
1994 3437 2279 3521 villaque

266 3531 412 3591 tota
451 3525 738 3611 locuples
777 3531 893 3610 est,
941 3525 1227 3591 abundat
1262 3547 1479 3611 porco,
1513 3526 1739 3609 haedo,
1780 3546 1968 3611 agno,
2015 3525 2279 3611 gallina,
