2630 3913
219 1238 278 1285 17

217 1855 276 1903 18

215 2704 274 2828 8

318 176 453 241 430
587 175 854 230 ORATIO
890 176 1138 231 PRIDIE
1177 175 1385 241 QUAM
1418 176 1500 230 IN
1535 175 1843 230 EXILIUM
1881 175 2065 231 IRET.

317 360 486 402 nunc
540 339 781 420 partim
837 338 919 402 ab
975 338 1237 423 invidis,
1294 338 1537 423 partim
1593 338 1675 402 ab
1730 338 2008 403 inimicis
2065 340 2338 404 circum-

318 432 551 490 ventus
595 426 901 512 indigne?
990 425 1160 491 Huic
1204 426 1262 490 si
1308 448 1498 511 opem
1543 448 1677 490 non
1720 427 2005 491 tuleritis
2052 426 2123 491 in
2167 428 2337 512 peri-

318 514 463 580 culo
503 514 751 598 capitiS,
798 536 931 597 vOS,
967 515 1174 597 credo,
1216 515 1580 579 retinebitis
1620 518 1900 579 vestram
1938 515 2335 601 libertatem,

320 602 430 685 qui
472 625 679 687 neque
724 606 980 667 tantum
1036 603 1267 668 valetis
1314 603 1702 668 auctoritate
1744 624 1950 687 neque
1995 606 2334 669 tantorum

318 690 679 756 officiorum
713 692 1050 776 inpensam
1093 691 1341 757 fecistis
1390 692 1462 756 in
1500 691 1800 776 patriam.
1864 691 2026 755 Mihi
2072 692 2335 775 credite,
2388 711 2413 752 ε

316 779 442 845 hoc
494 780 564 843 in
615 802 743 844 uno
798 780 1277 844 incommodum
1333 780 1780 844 confirmatum
1836 780 2194 845 multorum
2240 782 2333 844 in-

317 868 605 933 firmabit
639 867 1155 932 incolumitatem
1192 871 1274 953 et,
1313 869 1370 932 si
1406 867 1592 933 initio
1629 890 1762 932 non
1796 867 1920 932 erit
1953 868 2332 953 refutatum,

317 956 578 1041 impune
632 956 715 1021 ad
774 957 1063 1021 omnium
1123 955 1473 1042 perniciem
1537 957 1961 1021 convalescet.
2050 956 2333 1021 Proinde

319 1048 431 1108 aut
475 1045 542 1108 in
590 1066 732 1110 meo
778 1044 1062 1128 periculo
1111 1045 1390 1109 salutem
1434 1045 1758 1130 integram
1795 1048 2123 1129 praestate
2161 1067 2334 1110 com-

319 1154 577 1197 munem
615 1137 728 1198 aut
762 1133 832 1196 in
868 1133 1098 1198 vestris
1135 1133 1260 1198 hoc
1290 1133 1462 1198 idem
1491 1136 1823 1216 expectate
1850 1133 2332 1198 incommodum
2363 1155 2413 1193 ιο

315 1220 611 1286 fortunis
700 1219 910 1286 Nemo
956 1226 1095 1285 tam
1141 1222 1395 1305 perdita
1439 1222 1858 1305 auctoritate,
1908 1225 2047 1285 tam
2093 1222 2331 1287 facine-

318 1331 466 1374 rosa
510 1310 809 1375 inventus
858 1313 958 1374 est
1004 1310 1165 1388 vita,
1213 1310 1350 1394 qui,
1395 1331 1541 1375 cum
1587 1309 1663 1374 de
1711 1310 1948 1375 scelere
1992 1308 2333 1394 fateretur,

315 1419 446 1462 non
481 1403 704 1463 tamen
739 1399 1075 1463 sententiis
1104 1398 1284 1482 prius
1310 1399 1594 1464 iudicum
1622 1398 2107 1464 convinceretur
2135 1419 2332 1482 quam

316 1487 629 1571 supplicio
678 1486 1095 1552 addiceretur.
1184 1486 1328 1572 Ego
1374 1491 1636 1572 repente
1683 1487 1747 1551 vi
1799 1486 2148 1551 tribunicia
2193 1508 2333 1552 cor-

315 1578 537 1658 reptus
591 1597 725 1639 non
778 1576 968 1641 modo
1022 1575 1330 1660 loquendi
1384 1575 1584 1640 libere
1639 1575 1710 1638 in
1761 1574 2023 1659 iudicio,
2080 1575 2193 1639 sed
2248 1598 2329 1640 ne
2360 1593 2409 1633 15

315 1664 709 1728 consistendi
738 1664 995 1748 quidem
1021 1663 1091 1727 in
1117 1664 1380 1728 civitate
1409 1664 1618 1728 habeo
1650 1667 2063 1748 potestatem.
2108 1663 2333 1728 Eicior

313 1773 447 1816 non
501 1753 714 1817 solum
771 1752 907 1816 sine
962 1756 1156 1834 teste,
1214 1752 1353 1816 sine
1408 1752 1640 1837 iudice,
1693 1754 1799 1816 sed
1851 1751 1989 1816 sine
2043 1752 2331 1836 crimine,

316 1841 452 1905 sine
500 1844 887 1923 accusatore,
934 1841 1072 1903 sine
1115 1840 1312 1903 etiam
1351 1841 1607 1905 scelere.
1673 1839 1991 1905 Hostibus
2028 1840 2097 1904 in
2134 1841 2331 1924 bello,

315 1929 425 2013 qui
472 1929 784 1994 dissident
826 1928 1176 2011 voluntate,
1223 1927 1534 1993 dimicant
1580 1929 1795 2013 armis,
1840 1929 2046 1993 vitam
2091 1929 2328 1995 cotidie

313 2022 719 2104 oppugnant,
770 2017 841 2082 in
884 2017 1028 2100 ipsa
1073 2016 1207 2082 acie
1254 2039 1398 2082 cum
1442 2017 1873 2103 proeliantur,
1929 2018 2084 2083 licet
2130 2019 2328 2103 loqui,
2356 2034 2407 2074 2⁰

312 2106 465 2171 licet
523 2107 876 2191 disputare3
941 2105 1101 2169 mihi
1161 2105 1232 2170 in
1283 2127 1470 2190 pace,
1534 2107 1684 2189 civi,
1750 2106 1862 2189 qui
1925 2106 2328 2190 perditorum

313 2195 647 2261 hominum
691 2194 863 2281 fregi
907 2194 1219 2278 furorem,
1271 2216 1392 2279 pro
1448 2194 1726 2259 fortunis
1783 2194 1944 2259 meis
1994 2195 2166 2279 apud
2209 2197 2329 2260 vos

313 2284 492 2368 loqui
537 2307 668 2349 non
712 2283 976 2349 licebit?
1068 2281 1275 2366 Servi,
1328 2282 1439 2367 qui
1484 2283 1566 2347 ad
1612 2283 2000 2367 supplicium
2049 2284 2328 2348 verberi-

313 2373 433 2436 bus
481 2372 653 2438 caesi
696 2372 1067 2454 trahuntur,
1127 2371 1297 2456 apud
1353 2392 1462 2436 eos
1509 2392 1700 2455 saepe
1747 2371 2108 2456 disputant,
2165 2393 2327 2455 quos

312 2482 539 2525 necare
584 2460 954 2543 voluerunt3
1001 2480 1121 2545 ego
1160 2459 1517 2524 consularis
1555 2459 1726 2544 apud
1763 2481 1872 2524 eos
1909 2481 2042 2524 non
2078 2460 2328 2544 loquar,
2355 2475 2405 2515 2⁵

314 2569 474 2632 quos
520 2548 938 2614 conservavi?
1029 2546 1309 2630 Tacebo,
1356 2549 1413 2611 si
1456 2569 1715 2612 necesse
1761 2553 1887 2627 est,
1931 2548 2189 2631 taceb0,
2236 2549 2327 2612 in-

316 2658 535 2721 quam,
582 2638 796 2701 animo
845 2657 1080 2720 aequo,
1127 2636 1431 2719 quoniam
1477 2636 1683 2700 virtus
1731 2658 1875 2701 mea
1920 2658 2023 2700 me
2069 2640 2328 2702 tacente

244 2725 454 2829 9agit
508 2746 719 2789 meam
774 2745 1053 2789 causam
1143 2725 1372 2808 Itaque
1427 2728 1502 2788 ut
1552 2745 1672 2810 ego
1720 2724 1789 2788 in
1835 2725 2134 2789 contione
2181 2747 2329 2789 mea

244 2783 477 2879 9nihil
522 2835 760 2916 ponam
811 2813 887 2877 de
943 2812 1100 2878 meis
1156 2813 1349 2877 rebus
1407 2813 1636 2898 gestis,
1692 2817 1912 2877 tamen
1966 2813 2058 2876 in
2089 2813 2327 2878 animis

314 2902 692 2969 memoriam
711 2902 946 2967 vestris
967 2901 1238 2987 largiter
1272 2901 1664 2985 relinquam3
1690 2901 1803 2966 isti
1830 2901 2020 2966 modo
2047 2901 2328 2986 videant,
2354 2918 2403 2957 3⁰

316 3015 442 3076 qua
495 2992 745 3056 ratione
799 2991 966 3055 hanc
1010 3013 1221 3054 meam
1277 2994 1526 3055 mutam
1569 2990 1796 3075 fugam
1842 2990 2008 3054 ferre
2053 2991 2326 3075 possint.

312 3081 573 3145 Etenim
630 3081 686 3143 si
740 3103 780 3144 a
833 3102 961 3158 me,
1020 3083 1095 3142 ut
1146 3078 1260 3142 isti
1315 3079 1714 3161 existimant,
1767 3077 2030 3143 Lentuli
2083 3080 2328 3142 mortui

315 3170 552 3253 sordeS,
583 3168 638 3232 si
663 3167 981 3233 Catilinae
1008 3166 1385 3231 notissimus
1412 3166 1612 3251 furor,
1642 3167 1699 3231 si
1727 3167 2013 3231 amentia
2031 3164 2326 3252 Cethegi,

315 3258 370 3320 si
414 3256 696 3321 luxuries
745 3280 819 3321 ac
867 3260 1092 3341 stupra
1130 3253 1315 3320 Cassi
1359 3277 1600 3340 poenas
1646 3259 1977 3341 repetunt,
2031 3255 2324 3339 profecto

311 3344 457 3407 istis
502 3344 667 3409 hora
711 3345 892 3409 nulla
939 3345 1139 3410 eiecto
1178 3343 1394 3408 Tullio
1431 3366 1634 3409 vacua
1671 3367 1711 3408 a
1745 3344 2030 3429 periculo
2073 3347 2187 3408 aut
2226 3366 2326 3408 ex·
2353 3358 2398 3398 ⁸⁵

313 3431 675 3510 pectatione
721 3433 990 3516 periculi
1034 3432 1449 3516 relinquetur.
1539 3432 1644 3496 Ita
1692 3435 1760 3496 in
1807 3432 1940 3496 dies
1986 3453 2118 3495 non
2162 3433 2324 3496 meis

314 3515 581 3599 insidiis,
629 3539 791 3600 quae
836 3521 1051 3584 nullae
1099 3543 1138 3584 a
1182 3543 1284 3584 me
1330 3524 1661 3605 parantur,
1707 3521 1819 3585 sed
1865 3541 2127 3585 suorum
2173 3541 2324 3585 con-
