2630 3913
768 632 893 730 [M.
950 633 1233 705 TULLI
1290 628 1815 727 CICERONIS]

1127 786 1452 851 ORATIO

1043 906 1290 961 PRIDIE
1329 906 1538 971 QUAM

904 1014 1001 1080 IN
1046 1014 1419 1080 EXILIUM
1464 1014 1688 1080 IRET.

238 1178 263 1218 5
421 1156 490 1221 Si
528 1157 781 1241 quando
818 1156 1224 1221 inimicorum
1259 1157 1576 1240 impetum
1612 1156 1995 1242 propulsare
2033 1178 2107 1220 ac
2152 1177 2296 1241 pro·
2333 1141 2362 1260 ξ

289 1247 530 1333 pellere
568 1244 857 1330 cupistiS‚
903 1244 1221 1309 defendite
1256 1267 1426 1309 nunc
1462 1245 1747 1309 universi
1783 1267 1998 1327 unum,
2046 1245 2174 1329 qui,
2218 1266 2299 1307 ne

290 1356 511 1401 omnes
560 1334 787 1399 ardore
833 1333 1132 1398 flammae
1181 1333 1552 1398 occideretis
1562 1384 1580 1415 ‚
1681 1334 1809 1397 mei
1854 1334 2085 1418 capitis
2110 1364 2111 1367 ¹
2132 1334 2300 1417 peri-

289 1424 434 1489 culo
495 1445 630 1488 non
694 1421 985 1486 dubitavi
1046 1422 1402 1506 providere.
1508 1421 1708 1506 Nam,
1782 1444 1972 1507 quem
2035 1421 2299 1486 virtutis

290 1512 503 1598 gloria
546 1534 692 1577 cum
738 1532 989 1575 summa
1035 1510 1223 1573 laude
1272 1510 1354 1574 ad
1409 1512 1656 1576 caelum
1712 1511 1970 1593 extulit,
2030 1509 2300 1574 eundem

209 1620 261 1660 ιο
288 1600 697 1665 inimicorum
750 1599 994 1663 invidia
1046 1599 1496 1684 indignissime
1551 1620 1930 1684 oppressum
1997 1598 2301 1683 deprimit

289 1689 372 1755 ad
408 1688 816 1774 supplicium.
873 1684 940 1751 Si
978 1687 1255 1752 liberum
1268 1691 1643 1773 conceptam
1656 1688 2054 1752 dulcedinem
2084 1687 2300 1750 animo

286 1778 607 1842 inclusam
653 1777 1025 1859 continetiS‚
1078 1776 1281 1841 nolite
1329 1798 1404 1841 eo
1450 1776 1619 1840 velle
1665 1798 1906 1860 carere,
1954 1776 2064 1860 qui
2111 1776 2299 1840 caris·

288 1867 521 1930 simam
575 1869 862 1929 vestram
915 1865 1430 1949 procreationem
1497 1865 1622 1929 sibi
1687 1887 1826 1930 esse
1890 1865 2087 1928 duxit.
2177 1863 2300 1927 Est
2338 1880 2369 1926 2

286 1953 461 2019 enim
515 1953 784 2017 liberale
840 1952 1123 2018 officium
1179 1975 1391 2018 serere
1455 1954 1861 2037 beneficium,
1925 1958 1997 2018 ut
2060 1958 2300 2017 metere

203 2061 255 2100 15
286 2040 501 2126 possis
556 2040 868 2122 fructum3
921 2041 1071 2104 fidei
1126 2041 1424 2105 conducit
1468 2042 1537 2105 in
1582 2044 1725 2107 loco
1773 2043 2062 2107 debitum
2117 2043 2300 2107 retri-

286 2132 502 2195 buere.
591 2127 737 2192 Illic
792 2127 962 2191 enim
1018 2127 1218 2191 animi
1272 2128 1577 2192 voluntas
1633 2152 1959 2214 propensa
2013 2152 2301 2213 compro—

286 2220 510 2302 batur,
554 2216 661 2280 hic
706 2215 1020 2279 memoria
1065 2215 1506 2280 conlaudatur.
1596 2217 1852 2299 Itaque,
1900 2219 1957 2281 si
2003 2218 2299 2282 omnibus

288 2328 488 2393 grave
525 2305 750 2389 iugum
788 2304 1121 2368 servitutis
1161 2325 1299 2367 esse
1338 2304 1582 2367 debet
1562 2327 1631 2367 in
1661 2305 1965 2368 libertate
1995 2306 2303 2389 edueatiS,

287 2396 377 2459 sit
420 2395 475 2457 is
522 2393 757 2458 vestris
804 2392 1035 2456 animis
1083 2392 1568 2476 acceptissimus
1580 2443 1598 2475 ‚
1655 2394 1765 2475 qui
1811 2416 1850 2457 a
1895 2396 2111 2457 vestro
2169 2415 2300 2458 cor-

201 2501 256 2541 20
285 2505 445 2568 pore
489 2482 716 2567 iugum
763 2481 1249 2545 acerbissimum
1294 2481 1581 2565 reppulit
1635 2481 1984 2545 servitutis
2074 2481 2190 2563 Et,
2245 2482 2300 2546 si
2338 2499 2370 2546 3

286 2571 568 2635 maiores
622 2570 826 2634 vestri
880 2592 989 2634 eos
1043 2570 1498 2654 imperatoreS‚
1560 2570 1671 2653 qui
1725 2571 2006 2634 militum
2061 2571 2302 2634 virtute

284 2660 576 2724 hostium
620 2658 957 2744 fregerunt
999 2658 1305 2741 furorem,
1349 2658 1807 2724 iucundissimo
1851 2659 2068 2724 fructu
2112 2660 2302 2724 liber-

284 2748 447 2813 tatis
503 2748 917 2811 reconciliato
973 2768 1104 2811 non
1151 2747 1365 2811 solum
1411 2748 1646 2810 statuis
1695 2747 1923 2832 dignos
1970 2753 2302 2833 putarunt,

284 2836 402 2901 sed
448 2836 645 2899 etiam
684 2839 947 2900 aeterna
982 2836 1297 2920 triumphi
1334 2835 1522 2899 laude
1560 2836 1960 2919 decorarunt,
2005 2840 2148 2899 tum
2184 2858 2301 2901 vos

196 2942 256 2982 25
285 2947 435 2989 eum
482 2924 828 3025 consulem,
876 2924 987 3008 qui
1031 2946 1161 2988 non
1206 2923 1490 2988 militum
1537 2925 1865 3025 praesenti
1903 2924 2301 3003 fortitudine,

284 3013 401 3077 sed
449 3034 567 3076 sua
612 3013 845 3076 eximia
883 3012 1082 3076 animi
1121 3013 1362 3076 virtute
1399 3012 1707 3077 hostilem
1745 3012 1980 3077 civium
2018 3017 2300 3077 mentem

284 3104 551 3166 senatus
582 3102 968 3165 auctoritate
998 3100 1365 3183 vindicavit,
1402 3101 1768 3165 existimate
1804 3101 1988 3165 vobis
2026 3102 2301 3165 retinen-

283 3191 439 3254 dum
488 3211 627 3254 esse
672 3189 741 3252 in
787 3189 1067 3253 civitate.
1143 3186 1228 3273 Si,
1275 3211 1439 3273 quae
1484 3189 1794 3254 beneficia
1840 3189 2114 3273 singulis
2154 3190 2300 3255 civi-
2337 3169 2376 3291 Ξ

280 3279 407 3343 bus
454 3278 887 3362 privatimque
935 3277 1196 3361 dantur,
1252 3300 1328 3341 ea
1383 3277 1594 3342 solent
1637 3277 1718 3343 iis
1766 3299 1906 3342 esse
1950 3278 2300 3362 fructuosa,

190 3384 248 3424 30
281 3390 325 3432 a
381 3366 615 3450 quibus
672 3369 824 3430 sunt
876 3365 1195 3450 profecta,
1252 3365 1391 3429 iure
1448 3369 1514 3429 et
1568 3366 1801 3430 merito
1855 3388 2124 3451 possum
2179 3389 2301 3453 ego

279 3477 402 3520 vos
451 3455 533 3519 ad
579 3455 1014 3519 defensionem
1060 3476 1242 3519 meae
1289 3454 1520 3518 salutis
1559 3454 1913 3537 adhortari,
1959 3477 2120 3538 quos
2157 3478 2301 3521 con-

281 3543 540 3609 servavi
604 3544 955 3608 universoS.
1055 3541 1225 3607 Nam
1276 3564 1484 3626 neque
1541 3543 1748 3607 maius
1804 3546 1903 3607 est
1967 3544 2301 3609 defendere
