2630 3913
763 211 1185 267 POEMATUM.
1222 212 1291 267 H.
1332 211 1409 265 IV
1445 228 1480 266 a
1517 230 1566 266 v.
1609 218 1795 268 1—63.
2152 211 2277 276 361

272 375 607 442 Conversas
652 375 950 440 humeros.
1020 374 1201 440 Creta
1243 373 1330 456 (si
1374 374 1607 438 eredere
1644 374 1751 456 fas
1795 373 1913 457 est)

273 465 383 530 Ad
424 465 577 528 caeli
619 465 846 528 nitidos
888 482 1035 528 aoees
1075 483 1283 527 venere
1327 463 1569 527 relicta:

272 554 515 634 Iupiter
558 551 667 617 hoe
709 551 924 628 voluit,
970 570 1146 632 quem
1189 550 1300 615 sub
1345 550 1784 615 beneolentibus.
1821 550 2019 616 herbis

272 642 609 706 Ludentem
653 639 852 717 Dicti,
893 643 1071 721 yrato
1103 659 1364 721 posuere
1406 638 1517 702 sub
1561 643 1769 716 antro,

274 729 535 795 Idaeum
578 730 666 793 ad
705 732 996 810 mmm,
1040 732 1344 808 totumque
1387 727 1591 792 aluere
1627 747 1739 808 per
1781 746 2044 804 annum,
2215 742 2282 792 35

274 818 620 883 Saturnum
659 817 896 896 fallunt
935 817 1085 880 dum
1127 815 1377 881 Dictaei
1423 814 1808 897 Corybantes,

273 905 376 969 Ex
419 905 523 970 his
571 905 779 969 altera
825 904 994 989 apud
1041 901 1273 968 Graios
1323 901 1717 986 Cynosura
1760 906 2053 987 vocatur,

274 995 508 1058 Altera
553 993 787 1058 dicitur
834 1013 974 1056 esse
1019 991 1314 1075 Helice,
1360 1012 1516 1072 quae
1557 996 1860 1056 monstrat
1902 992 2154 1057 Achivis

274 1083 363 1146 In
394 1083 640 1165 pelago,
685 1083 866 1146 navis
909 1100 1027 1163 quo
1070 1081 1155 1145 sit
1194 1081 1478 1144 vertenda
1487 1131 1505 1163 ‚
1547 1081 1654 1144 sed
1692 1100 1879 1160 usque

274 1170 418 1234 Hae
461 1170 669 1234 fidunt
716 1169 872 1234 duce
916 1171 1236 1232 nocturna
1280 1167 1632 1232 Phoenices
1677 1168 1747 1230 in
1793 1169 1946 1232 alto.
2211 1184 2282 1234 40

277 1257 403 1322 Sed
447 1258 627 1343 prior
670 1258 788 1322 illa
832 1257 1043 1342 magis
1092 1256 1301 1320 stellis
1350 1256 1653 1321 distincta
1696 1256 1978 1342 refulget

273 1346 367 1410 Et
411 1346 546 1410 late
590 1346 801 1430 prima
847 1344 1186 1409 confestim
1234 1367 1273 1409 a
1315 1349 1503 1409 nocte
1549 1344 1816 1408 videtur.

275 1434 457 1499 Haec
500 1455 656 1499 vero
700 1455 903 1518 parva
950 1436 1075 1516 est,
1121 1433 1233 1497 sed
1278 1433 1494 1496 nautis
1539 1453 1694 1496 usus
1740 1434 1808 1495 in
1851 1433 1972 1497 hac
2020 1437 2144 1516 est3

275 1523 449 1587 Nam
495 1543 685 1587 cursu
728 1521 1033 1586 interiore
1078 1520 1262 1585 brevi
1308 1520 1704 1586 convertitur
1750 1522 1930 1605 orbe,

275 1610 586 1693 Siynaque
628 1609 903 1675 Sidoniis
945 1614 1249 1674 monstrat
1288 1610 1625 1674 certissima
1666 1604 1894 1674 nautis.
2213 1627 2280 1675 45

362 1699 502 1763 Has
547 1699 743 1783 inter,
790 1697 992 1763 veluti
1036 1697 1261 1782 rapido
1309 1719 1455 1761 cum
1503 1697 1760 1783 gurgite
1804 1697 2069 1781 flumen,

275 1787 525 1853 Torvus
570 1787 818 1851 Draco
867 1786 1072 1871 serpit
1118 1786 1341 1850 subter
1387 1807 1743 1870 superaque
1788 1787 2127 1851 revolvens

276 1874 428 1940 Sese
474 1876 942 1960 conficiensque
989 1874 1167 1938 sinus
1214 1897 1248 1938 e
1294 1896 1561 1960 corpore
1605 1874 1830 1960 flexoe,

278 1966 441 2045 Quos
484 1967 627 2030 cani
673 1969 936 2047 tanyunt
976 1965 1279 2029 immunes
1315 1966 1580 2046 ⁴quryitis
1625 1965 1857 2029 Arctoi.

286 2054 512 2118 Verum
555 2053 699 2118 haec
741 2058 1041 2117 extremae
1084 2053 1499 2116 circumdatur
1540 2055 1783 2134 aymine
1825 2054 2080 2131 caudae,
2213 2070 2283 2119 50

282 2140 421 2222 Qua
462 2142 668 2223 spirae
708 2143 884 2206 sinus
927 2145 1015 2205 est
1055 2141 1386 2205 involvitur
1429 2140 1624 2204 altera
1667 2142 1845 2205 caelo.

278 2230 513 2310 Nempe
557 2229 767 2294 Helice
811 2234 1107 2293 extremae
1150 2229 1564 2293 circumdatur
1606 2231 1848 2310 aymine
1891 2232 2144 2307 cau-dae,

281 2317 421 2397 Qua
463 2318 668 2399 spirae
710 2319 885 2382 sinus
928 2322 1030 2400 est,
1074 2322 1259 2399 eaput
1300 2322 1390 2381 est
1431 2316 1839 2398 Cynosuridos
1896 2316 2116 2383 Ursae:

281 2405 450 2485 Quae
494 2410 698 2469 tamen
738 2425 923 2487 usque
955 2407 1138 2487 pedes
1180 2425 1418 2470 summo
1459 2405 1639 2469 illum
1683 2425 1723 2467 a
1767 2406 1982 2469 vertice
2025 2408 2237 2489 tangit.

275 2493 655 2576 Retroyrado
698 2492 796 2558 hio
836 2496 1058 2558 iterum
1102 2514 1287 2559 cursu
1330 2495 1692 2558 convertitur
1736 2494 1972 2575 anquis.
2213 2509 2280 2560 55

277 2581 446 2647 Huic
489 2604 623 2647 non
664 2604 795 2647 una
840 2581 1031 2646 modo
1078 2586 1272 2666 caput
1320 2603 1555 2646 ornans
1601 2581 1792 2645 stella
1837 2582 2106 2667 relucet,

275 2669 522 2735 Verum
566 2675 863 2757 tempora
910 2675 1061 2734 sunt
1106 2669 1346 2755 duplici
1390 2670 1644 2756 fulgore
1690 2673 1944 2755 notata,

274 2757 330 2824 E
378 2759 796 2843 trucibusque
842 2759 1043 2824 oculis
1092 2758 1215 2823 duo
1262 2757 1511 2822 fervida
1554 2759 1798 2822 lumina
1842 2759 2149 2845 flagrant,

276 2845 493 2931 Atque
542 2870 669 2913 uno
715 2850 1005 2911 mentum
1050 2847 1332 2910 radianti
1377 2847 1582 2911 sidere
1628 2848 1824 2929 lucet3

276 2933 622 3020 Obstipum
668 2939 862 3019 caput
908 2938 978 2999 at
1022 2935 1214 2999 tereti
1259 2934 1502 3000 cervice
1548 2934 1853 2998 reflexum
2212 2952 2284 3004 co

275 3021 595 3088 Obtutum
638 3022 709 3088 in
753 3023 956 3088 cauda
1000 3022 1262 3087 maioris
1308 3023 1508 3108 figere
1554 3022 1746 3088 dicas

278 3110 569 3193 Offlosita
612 3118 913 3177 extremae
956 3114 1176 3192 capitis
1217 3116 1365 3175 sunt
1407 3113 1651 3175 deoetera
1694 3111 1940 3177 caudae.

272 3197 418 3266 Hoc
460 3203 657 3286 caput
700 3200 807 3266 hic
851 3200 1118 3287 paulum
1163 3220 1305 3264 sese
1351 3199 1569 3264 subito
1615 3215 1894 3283 aequore
1936 3198 2182 3285 condit,

412 3422 482 3479 V·
519 3430 589 3481 37
607 3441 688 3493 sq.
730 3425 840 3482 060.
886 3424 963 3480 N.
1008 3426 1082 3479 D.
1120 3426 1201 3479 II
1228 3431 1313 3481 41.
1352 3431 1476 3483 105.
1513 3455 1587 3467 -
1620 3431 1692 3481 40
1709 3441 1829 3493 sqq.
1875 3426 2009 3482 ibid.
2046 3431 2173 3484 106.
2209 3455 2279 3469 -—

268 3500 340 3550 46
361 3512 481 3564 sqq.
519 3497 592 3550 ib.
629 3501 724 3553 42.
761 3502 889 3563 106,
926 3496 1099 3551 Prisc.
1130 3497 1289 3550 XIV
1320 3501 1483 3553 2.-11
1512 3513 1574 3566 p.
1613 3501 1701 3552 30.
1740 3502 1774 3551 5
1811 3502 1863 3551 et
1898 3502 1949 3551 6.
1988 3502 2063 3553 52
2090 3513 2153 3569 p.
2189 3502 2278 3556 55.

268 3570 366 3624 26.
405 3596 471 3606 --
513 3572 579 3621 56
602 3583 720 3635 sqq.
760 3567 834 3622 N.
873 3568 949 3621 D.
986 3568 1067 3621 II
1094 3572 1186 3624 42.
1224 3573 1351 3623 107.
1391 3597 1457 3607 —
1495 3573 1562 3622 63
1585 3584 1703 3636 sqq.
1741 3568 1874 3623 ibid.
1911 3573 2039 3624 108.
