2630 3913
296 175 383 237 24
1077 173 1175 228 DE
1213 174 1304 229 OF
1306 173 1514 229 FlCIlS

296 338 427 401 rari
475 341 588 401 aut
634 340 861 422 optare
908 340 1023 400 aut
1068 340 1367 420 expetere
1414 336 2051 421 oportere7nullique
2095 352 2307 420 neque

295 425 543 489 homini
597 447 803 508 neque
858 424 1335 509 perturbationi
1391 424 1591 488 animi
1634 444 1751 488 nec
1804 423 2103 488 fortunae
2160 426 2303 489 sub-

296 514 610 578 cumbere.
699 513 931 576 Altera
993 516 1093 578 est
1155 533 1287 596 res,
1349 515 1470 594 ut„
1514 533 1659 577 cum
1721 511 1817 576 ita
1882 513 1972 576 sis
2039 513 2306 578 affectus

240 676 241 681 γ
297 602 545 685 animo,
585 604 660 665 ut
705 622 902 685 supra
948 600 1105 683 dixi,
1150 621 1252 664 res
1301 620 1490 685 geras
1528 621 1800 684 magnas
1846 599 1997 665 illas
2047 601 2303 684 quidem

193 883 257 933 67

192 2117 258 2168 68

193 3178 258 3228 69

296 694 361 753 et
397 710 694 754 maxume
730 690 944 771 utileS,
981 689 1093 753 sed
1139 690 1267 769 [ut]
1313 689 1727 753 vehementer
1773 688 2007 753 arduas
2025 690 2305 780 ,plenas
2359 707 2383 747 ο

298 800 421 861 que
475 778 775 843 laborum
832 781 899 841 et
950 776 1384 862 periculorum
1440 798 1586 842 cum
1639 777 1858 859 vitaer
1884 781 2027 841 tum
2073 779 2306 842 multa-

297 888 441 930 rum
486 887 700 931 rerum
700 912 743 949 J
776 886 938 950 quae
985 865 1067 930 ad
1110 865 1314 929 vitam
1359 865 1703 949 pertinent.
1793 864 2043 929 Harum
2090 887 2304 930 rerum

299 955 570 1019 duarum
616 954 921 1040 splendor
968 954 1204 1036 omnis,
1251 953 1639 1037 amplitude,
1687 952 1851 1018 addo
1899 954 2096 1018 etiam
2133 955 2305 1018 utili-

295 1047 528 1126 tatem,
564 1042 632 1106 in
668 1042 1026 1127 posteriore
1063 1046 1190 1124 est,
1227 1062 1422 1107 causa
1459 1045 1675 1106 autem
1713 1045 1779 1105 et
1814 1042 1983 1106 ratio
2021 1042 2304 1108 efficiens

296 1152 569 1216 magnos
614 1131 789 1195 viros
843 1131 911 1194 in
966 1130 1210 1214 priore3
1267 1130 1338 1194 in
1396 1151 1470 1194 eo
1528 1135 1627 1194 est
1683 1129 1852 1194 enim
1898 1130 2091 1213 illud,
2134 1131 2305 1214 qued
2334 1148 2384 1188 ιο

297 1220 683 1283 excellentes
731 1219 979 1283 animos
1027 1222 1093 1283 et
1128 1218 1414 1283 humana
1460 1222 1944 1283 contemnentes
1980 1219 2157 1284 facit.
2228 1218 2306 1283 Id

297 1312 514 1372 autem
550 1308 765 1393 ipsum
802 1307 1084 1372 cernitur
1119 1306 1186 1371 in
1227 1307 1528 1389 duobuss.
1550 1307 1606 1370 si
1652 1311 1717 1370 et
1756 1307 1967 1371 solum
2004 1307 2100 1390 id,
2136 1307 2307 1390 quod

295 1396 641 1461 honestum
698 1396 824 1477 sit
864 1396 1105 1460 bonum
1150 1395 1424 1460 iudices
1448 1399 1514 1459 et
1570 1394 1653 1459 ab
1700 1395 1876 1459 omni
1923 1395 2121 1459 animi
2167 1417 2304 1479 per-

296 1484 668 1549 turbatione
714 1484 881 1548 liber
925 1484 1032 1547 siS.
1121 1481 1293 1547 Nam
1341 1487 1406 1547 et
1453 1504 1568 1566 eaff
1602 1504 1765 1566 quae
1803 1483 2037 1548 eximia
2080 1484 2305 1567 pleris-

298 1594 421 1656 que
468 1577 533 1636 et
577 1573 912 1657 praeclara
948 1571 1265 1654 videntur,
1300 1593 1504 1655 parva
1541 1570 1769 1635 ducere
1815 1592 2015 1655 eaque
2052 1572 2304 1636 ratione
2336 1586 2386 1627 ιδ

299 1661 523 1726 stabili
579 1661 893 1742 firmaque
958 1662 1365 1724 contemnere
1435 1659 1628 1724 fortis
1695 1659 1893 1723 animi
1959 1660 2304 1745 magnique

298 1744 653 1814 ducendum
717 1753 843 1830 est3
916 1750 981 1812 et
1046 1768 1161 1829 ea,
1221 1769 1385 1831 quae
1450 1747 1747 1812 videntur
1821 1748 2077 1831 acerba,
2142 1770 2305 1831 quae

296 1837 506 1900 multa
551 1841 616 1900 et
652 1837 834 1901 varia
869 1836 937 1903 in
972 1835 1307 1900 hominum
1344 1835 1483 1900 vita
1517 1834 1906 1919 fortunaque
1943 1841 2304 1918 versantur,

296 1925 392 1989 ita
435 1924 643 2009 ferre,
684 1928 759 1989 ut
812 1924 976 1989 nihil
1031 1946 1070 1989 a
1125 1928 1301 1990 statu
1356 1927 1626 1990 naturae
1682 1924 1996 2009 discedaS,
2052 1923 2218 1989 nihil
2266 1947 2305 1989 a

298 2014 619 2099 dignitate
666 2014 1007 2098 sapientiS,
1053 2013 1306 2078 robusti
1346 2014 1545 2078 animi
1584 2017 1684 2077 est
1720 2035 2121 2100 magnaeque
2158 2035 2301 2078 con-
2330 2030 2381 2071 ao

299 2103 594 2167 stantiae.
701 2101 851 2167 Non
916 2104 1016 2166 est
1079 2105 1293 2167 autem
1359 2105 1889 2186 consentaneum,
1954 2103 2065 2186 qui
2126 2105 2302 2166 metu

296 2213 428 2256 non
461 2190 821 2275 frangatur,
859 2211 1005 2254 eum
1041 2189 1254 2275 frangi
1286 2190 1661 2291 cupiditate}
1680 2212 1799 2256 nec
1789 2191 1954 2278 ,qui
1991 2190 2303 2255 invictum

298 2301 366 2344 se
413 2302 452 2344 a
496 2279 720 2344 labore
765 2278 1194 2363 praestiterit,
1239 2278 1409 2344 vinci
1457 2301 1496 2343 a
1540 2279 1893 2363 voluptate.
1966 2277 2173 2354 Quam
2220 2280 2303 2342 ob

297 2390 434 2433 rem
491 2372 557 2432 et
608 2368 768 2433 haec
820 2366 1086 2432 vitanda
1144 2370 1209 2431 et
1254 2367 1560 2469 pecuniae
1605 2367 1913 2453 fugienda
1958 2367 2305 2468 cupiditas3

295 2456 462 2522 nihil
510 2457 680 2521 enim
727 2459 828 2522 est
871 2460 1010 2519 tam
1048 2455 1311 2541 angusti
1349 2456 1550 2520 animi
1584 2460 1848 2540 tamque
1885 2456 2070 2541 parvi
2110 2478 2302 2539 quam
2332 2470 2383 2510 2⁵

300 2567 517 2610 amare
546 2544 834 2626 divitias,
861 2544 1026 2607 nihil
1053 2543 1389 2607 honestius
1427 2544 2072 2629 magnificentiusque
2111 2565 2302 2627 quam

297 2633 635 2718 pecuniam
689 2635 1131 2716 contemnere,
1178 2631 1234 2695 si
1287 2652 1420 2697 non
1473 2632 1743 2718 habeas,
1799 2633 1855 2697 si
1907 2632 2192 2714 habeas,
2223 2632 2305 2696 ad

298 2721 787 2785 beneficentiam
806 2720 1396 2803 liberalitatemque
1418 2720 1723 2786 conferre.
1780 2718 2080 2785 Cavenda
2108 2720 2304 2784 etiam

300 2813 399 2874 est
446 2809 692 2894 gloriae
731 2807 1050 2891 cupiditas
1060 2858 1078 2890 ,
1122 2812 1199 2872 ut
1234 2829 1432 2893 supra
1471 2808 1629 2893 dixi3
1674 2808 1870 2892 eripit
1907 2808 2078 2874 enim
2116 2808 2304 2872 liber-

298 2903 530 2981 tatem,
585 2918 703 2982 pro
761 2918 889 2980 qua
941 2897 1375 2981 magnanimis
1429 2896 1587 2960 viris
1652 2897 1861 2961 omnis
1918 2896 2109 2961 debet
2164 2918 2304 2962 esse
2331 2912 2384 2953 ⁸0

299 2986 645 3051 contentio.
717 2984 854 3049 Nec
898 3006 1051 3049 vero
1089 2984 1361 3070 imperia
1407 2984 1784 3069 expetenda,
1808 3006 1882 3050 ac
1926 2986 2146 3069 potius
2193 2989 2307 3050 aut

298 3097 430 3139 non
460 3073 827 3159 accipienda
862 3072 1188 3138 interdum
1225 3077 1340 3137 aut
1376 3072 1751 3156 deponenda
1777 3094 1908 3137 non
1934 3094 2304 3156 numquam.

296 3162 674 3228 Vacandum
720 3166 936 3226 autem
984 3161 1161 3226 omni
1206 3166 1306 3226 est
1354 3162 1551 3242 animi
1598 3160 2113 3245 perturbatione,
2160 3182 2305 3225 cum

298 3251 649 3335 cupiditate
689 3254 754 3314 et
791 3253 1154 3332 metustum
1191 3250 1388 3314 etiam
1427 3249 1828 3335 aegritudine
1865 3253 1932 3312 et
1966 3248 2305 3333 voluptate

296 3339 500 3403 nimia
554 3342 620 3403 et
671 3339 1030 3421 iracundia,
1075 3341 1151 3402 ut
1205 3338 1651 3422 tranquillitas
1707 3336 1907 3401 animi
1953 3339 2020 3400 et
2075 3336 2306 3400 securi·
2333 3351 2387 3394 οε

298 3430 399 3491 tas
457 3427 653 3509 adsit,
717 3448 880 3509 quae
937 3427 1125 3490 affert
1188 3448 1333 3491 cum
1389 3426 1856 3510 constantiam,
1911 3429 2052 3490 tum
2108 3425 2306 3489 etiam

298 3514 699 3600 dignitatem.
772 3513 966 3577 Multi
1005 3517 1221 3578 autem
1267 3518 1335 3578 et
1373 3518 1524 3578 sunt
1570 3519 1637 3579 et
1670 3513 1932 3579 fuerunt
1936 3563 1966 3599 ,-
1997 3514 2106 3599 qui
2146 3536 2309 3592 eam,
