2630 3913
180 1175 229 1215 10

176 1616 226 1657 15

169 2939 223 2979 30

775 198 1197 255 POEMATUM.
1233 199 1301 253 H.
1340 199 1392 252 X
1426 215 1463 253 a
1498 199 1657 255 8—b
1695 207 1742 255 2.
2133 200 2262 264 399

345 360 444 426 Tu
491 382 772 446 quoque,
827 383 970 425 cum
1017 362 1301 425 tumulos
1349 360 1606 426 Albano
1651 361 1721 425 in
1766 366 1985 427 monte
2028 362 2265 427 nivalis

342 450 671 514 Lustrasti
720 452 787 513 et
832 449 1004 514 laeto
1053 450 1356 514 mactasti
1403 449 1569 514 lacte
1614 448 1908 533 Latinas,

342 538 588 604 Vidisti
635 541 700 603 et
745 538 920 602 cla-ro
966 538 1280 603 tremulos
1327 538 1554 603 ardore
1602 541 1913 621 cometas»,
2204 557 2265 604 15

345 628 681 711 Multaque
727 626 985 691 misceri
1028 629 1348 692 nocturna
1392 629 1611 711 strage
1656 627 1932 712 putasti,

347 714 533 790 Quod
575 714 778 779 ferme
826 714 1036 779 dirum
1080 714 1150 779 in
1195 717 1452 799 tempus
1499 715 1781 781 cecidere
1823 715 2122 800 Latinae,

346 803 512 870 Cum
557 803 801 869 claram
850 803 1127 887 speciem
1173 806 1473 867 concreto
1521 803 1764 867 lumine
1811 804 1966 868 luna

346 892 619 956 Abdidit
664 895 731 955 et
775 891 992 956 subito
1039 891 1333 956 stellanti
1375 894 1565 957 nocte
1610 896 1947 977 perempta
1993 896 2108 957 est.

346 979 514 1055 Quid
558 1001 709 1045 vero
754 978 1002 1044 Phoebi
1043 978 1180 1062 fax,
1226 979 1438 1043 tristis
1484 980 1714 1044 nuntia
1758 981 1942 1064 belli,
2200 997 2268 1045 20

347 1067 524 1143 Quae
553 1089 861 1154 magnum
900 1068 982 1132 ad
1018 1068 1315 1133 columen
1348 1067 1683 1133 flammato
1723 1068 1950 1133 ardore
1983 1070 2268 1153 volabat,

344 1156 727 1241 Praecipitis
774 1156 937 1221 caeli
982 1156 1190 1241 partis
1230 1156 1582 1241 obitusque
1626 1158 2002 1242 petessens‘?

346 1245 483 1309 Aut
529 1267 671 1309 cum
718 1245 999 1309 terribili
1044 1246 1376 1328 perculsus
1419 1244 1691 1309 fulmine
1737 1245 1893 1310 civis

344 1333 515 1398 Luce
563 1333 889 1398 serenanti
934 1333 1160 1397 vitalia
1205 1333 1454 1398 lumina
1499 1334 1733 1417 liquit?

348 1424 484 1486 Aut
528 1443 673 1486 cum
720 1443 788 1485 se
836 1422 1103 1505 gravido
1150 1422 1511 1486 tremefecit
1557 1443 1824 1507 corpore
1870 1422 2112 1487 tellus?
2198 1437 2264 1486 25

345 1507 488 1574 Iam
532 1531 685 1574 vero
732 1510 951 1574 variae
995 1513 1309 1575 nocturno
1358 1514 1648 1595 tempore
1694 1509 1870 1575 visae

346 1597 696 1662 Terribiles
741 1597 990 1663 formae
1037 1598 1280 1662 bellum
1327 1603 1668 1682 motusque
1713 1598 2090 1682 monebant,

344 1684 681 1769 Multaque
725 1708 840 1770 per
885 1690 1094 1750 terras
1142 1690 1325 1751 vates
1372 1687 1589 1751 oracla
1632 1687 1875 1751 furenti

343 1773 614 1839 Pectore
659 1773 1017 1839 fundebant
1063 1775 1272 1839 tristis
1321 1775 1692 1840 minitantia
1737 1797 1950 1858 casus,

344 1862 562 1946 Atque
610 1884 712 1948 ea,
737 1885 920 1947 quae
967 1863 1155 1948 lapsu
1200 1863 1463 1929 tandem
1509 1864 1787 1929 cecidere
1833 1867 2090 1928 vetusto
2101 1914 2119 1947 ,
2197 1880 2265 1928 30

344 1951 523 2017 Haec
565 1950 706 2017 fore
749 1952 1080 2037 perpetuis
1128 1952 1333 2037 signis
1380 1953 1700 2038 clarisque
1743 1953 2162 2038 frequentans

344 2038 493 2125 Ipse
540 2041 726 2108 deum
775 2040 1031 2126 genitor
1076 2042 1254 2105 caelo
1302 2043 1620 2125 terrisque
1667 2043 1957 2108 canebat.

344 2128 532 2193 Nunc
578 2151 672 2212 ea,
716 2128 1047 2213 Torquato
1096 2150 1259 2212 quae
1306 2129 1629 2213 quondam
1668 2134 1734 2193 et
1770 2132 2031 2195 consule
2071 2129 2265 2195 Cotta

342 2216 583 2301 Lydius
632 2216 918 2281 ediderat
962 2216 1332 2300 Tyrrhenae
1380 2218 1592 2302 gentis
1637 2218 1986 2301 haruspex,

345 2303 579 2370 Omnia
622 2305 752 2369 fixa
795 2308 946 2369 tuus
995 2306 1367 2392 glomerans
1414 2305 1801 2370 determinat
1847 2327 2069 2370 annus.
2196 2323 2263 2371 35

344 2391 515 2458 Nam
560 2397 748 2478 pater
793 2394 1147 2459 altitonans
1195 2393 1488 2458 stellanti
1530 2393 1718 2458 nixus
1765 2392 2046 2477 Olympo

342 2479 492 2565 Ipse
539 2503 690 2545 suos
737 2482 1060 2565 quondam
1105 2482 1394 2546 tumulos
1443 2504 1517 2546 ac
1562 2482 1810 2566 templa
1853 2481 2086 2565 petivit

343 2568 435 2632 Et
481 2568 867 2655 Capitolinis
913 2570 1133 2636 iniecit
1179 2571 1437 2635 sedibus
1482 2571 1671 2656 ignis.

344 2656 508 2722 Tum
557 2659 800 2743 species
847 2680 924 2724 ex
971 2681 1116 2723 aere
1161 2662 1348 2723 vetus
1397 2680 1835 2745 generosaque
1880 2657 2123 2723 Nattae

345 2744 666 2829 Concidit,
714 2747 1096 2831 elapsaeque
1143 2751 1400 2813 vetusto
1446 2748 1708 2812 numine
1754 2748 1931 2833 leges
1941 2798 1959 2831 ,
2196 2763 2264 2811 40

341 2833 433 2897 Et
479 2834 694 2898 divom
743 2835 1088 2900 simulacra
1130 2836 1407 2921 peremit
1451 2835 1741 2900 fulminis
1780 2836 1988 2901 ardor.

342 2922 470 2987 Hic
516 2923 833 2988 silvestris
881 2928 1021 2988 erat
1064 2923 1344 2988 Romani
1389 2924 1667 2988 nominis
1716 2924 1939 3006 altrix,

340 3010 609 3094 Martia,
656 3033 817 3095 quae
862 3034 1100 3097 parvos
1146 3011 1462 3077 Mavortis
1509 3012 1750 3076 semine
1794 3015 1986 3076 natos

341 3097 669 3163 Uberibus
717 3101 1002 3184 gravidis
1048 3101 1237 3166 vitali
1283 3122 1428 3165 rore
1473 3100 1761 3186 rigabat3

342 3185 518 3261 Quae
565 3191 706 3253 tum
753 3211 897 3253 cum
942 3190 1157 3273 pueris
1203 3189 1538 3253 flammato
1584 3188 1876 3252 fulminis
1921 3188 2056 3253 ictu
2195 3205 2262 3253 45

340 3274 638 3341 Concidit
684 3280 878 3361 atque
925 3278 1149 3342 avolsa
1194 3277 1429 3362 pedum
1476 3277 1756 3363 vestigia
1800 3277 2010 3360 liquit.

339 3363 506 3428 Tum
555 3364 698 3448 quis
739 3387 871 3429 non
916 3366 1076 3430 artis
1115 3367 1358 3451 scripta
1395 3388 1468 3431 ac
1505 3370 1924 3431 monumenta
1960 3366 2261 3431 volutans

337 3451 548 3518 Voces
594 3453 926 3519 tristificas
974 3454 1215 3519 chartis
1261 3455 1603 3540 promebat
1647 3454 1986 3520 Etruscis?

338 3540 579 3607 Omnes
627 3542 802 3607 civili
850 3564 1162 3628 generosa
1208 3565 1247 3608 a
1294 3543 1495 3628 stirpe
1540 3543 1899 3629 profectam
