2630 3913
753 199 1275 255 EPISTULARUM.
1312 201 1375 256 E.
1414 200 1465 255 V
1505 207 1568 255 12
1583 200 1728 255 -VI
1765 207 1814 257 2.
2151 201 2280 265 297

277 384 408 429 rem
443 363 541 428 lib.
578 363 693 428 II:
740 384 929 446 quem
965 363 1209 447 perisse
1253 362 1351 427 ita
1395 362 1472 426 de
1516 383 1586 427 re
1631 363 1893 448 publica
1929 368 2282 429 merentem

280 452 610 517 consulem
655 452 860 516 doleo.

411 541 515 605 23.
562 540 726 605 Non.
764 562 828 621 Ρ.
863 544 1006 604 389.
1041 543 1133 605 27
1174 539 1270 604 M
1312 539 1556 604 Tullius
1599 541 1686 604 ad
1719 538 2038 606 Caesarem
2082 542 2282 605 iunio-

277 649 407 695 rem
461 629 559 693 lib.
613 627 729 692 II:
793 627 1104 712 scriptum
1160 631 1300 691 erat
1355 630 1650 711 equestre
1717 628 2032 711 proelium
2095 630 2284 694 valde

228 736 253 774 ⁵
281 717 655 800 secundum,
698 715 769 780 in
811 714 915 780 his
962 719 1178 780 autem
1223 715 1443 799 potius
1490 716 1847 781 adversum.

411 806 514 870 24.
552 806 714 870 Non.
740 825 808 887 Ρ.
835 808 982 870 462.
1009 810 1093 869 10
1120 802 1506 886 ‘Locupletis'
1539 825 1665 869 non
1699 825 2069 887 magnarum
2103 826 2286 888 opum

281 899 521 959 tantum
562 894 763 975 mod0‚
820 894 925 958 sed
973 897 1033 957 et
1081 893 1167 957 ad
1204 892 1536 974 quamlibet
1559 912 1704 957 vrem
1745 894 1957 975 firmos
2001 898 2058 958 et
2099 900 2286 959 certos

280 984 374 1047 M.
433 981 675 1046 Tullius
726 982 849 1046 dici
897 980 1091 1045 voluit
1140 981 1226 1045 ad
1281 978 1601 1045 Gaesarem
1659 982 1961 1046 iuniorem
2016 982 2114 1047 lib.
2170 983 2261 1047 II
2263 1004 2285 1046 .·

279 1070 442 1134 nihil
500 1069 761 1134 omnino
817 1068 978 1134 certi
1029 1089 1147 1134 nec
1202 1068 1589 1154 locupletem
1645 1068 1725 1133 ad
1780 1069 1902 1135 hoc
1957 1074 2284 1136 auctorem

204 1174 253 1213 10
280 1158 699 1223 habebamus.

414 1246 519 1311 25.
565 1246 726 1311 Non.
770 1266 839 1327 Ρ.
887 1248 1027 1310 539.
1071 1250 1115 1310 3
1155 1244 1252 1309 M
1302 1245 1546 1309 Tullius
1599 1247 1685 1310 ad
1727 1244 2046 1311 Gaesarem
2091 1249 2286 1313 iunio·

282 1355 411 1400 rem
456 1334 555 1399 lib.
600 1334 718 1397 II:
774 1333 1098 1397 Antonius
1156 1333 1416 1397 demens
1472 1336 1623 1397 ante
1668 1334 1878 1399 lucem
1921 1335 2287 1419 paludatus,

774 1489 873 1543 AD
910 1487 1219 1543 EUNDEM
1254 1487 1475 1543 EPIST.
1513 1487 1647 1544 LIB.
1686 1489 1782 1542 ΙΙΙ.

416 1599 519 1664 26.
565 1599 727 1664 Non.
761 1619 829 1680 Ρ.
864 1600 1011 1662 329.
1046 1601 1134 1663 26
1176 1596 1272 1662 M.
1312 1597 1558 1663 Tullius
1599 1600 1686 1663 ad
1729 1597 2049 1664 Caesarem
2092 1602 2289 1665 iunio·

205 1701 255 1742 15
282 1688 571 1842 {mdvig
615 1686 773 1751 III:
835 1685 1065 1769 Itaque
1127 1685 1195 1749 in
1249 1707 1392 1749 eam
1445 1684 1659 1751 Pansa
1719 1687 2130 1752 vehementer
2190 1692 2288 1753 est

414 1866 517 1929 27.
563 1864 725 1929 Non.
759 1884 827 1945 Ρ.
864 1866 1011 1929 426.
1047 1866 1133 1928 12
1176 1862 1271 1927 M
1323 1862 1565 1927 Tullius
1609 1864 1695 1927 ad
1730 1862 2047 1929 Caesarem
2088 1866 2288 1931 iunio·

283 1975 409 2018 rem
455 1953 555 2018 lib.
592 1952 748 2017 III:
794 1950 940 2037 Ego
980 1955 1197 2016 autem
1236 1949 1542 2034 antiquus
1589 1973 1748 2035 sum,
1796 1952 2101 2019 oriundus
2141 1952 2289 2040 Scy·

284 2042 436 2124 this,
483 2040 715 2124 quibus
762 2039 1089 2123 antiquior
1134 2039 1388 2103 laetitia
1435 2043 1534 2104 est
1581 2062 1775 2124 quam
1819 2041 2086 2108 lucrum.

203 2204 258 2244 20
681 2193 778 2248 AD
816 2194 1125 2249 EUNDEM
1160 2195 1258 2249 EX
1297 2194 1512 2249 LIBRO
1550 2194 1882 2252 INCERTO.

420 2303 521 2368 28.
568 2303 731 2368 Non.
764 2323 831 2384 Ρ.
869 2306 1007 2367 356.
1042 2307 1136 2369 22
1179 2305 1273 2368 Μ.
1323 2305 1565 2370 Tullius
1610 2307 1696 2370 ad
1729 2304 2049 2372 Caesarem
2092 2310 2280 2373 iunio·

286 2412 447 2456 rem:
491 2390 773 2456 Posthac
820 2392 990 2474 quod
1034 2392 1215 2456 voles
1262 2415 1301 2456 a
1347 2415 1448 2456 me
1492 2392 1651 2476 fieri,
1696 2392 1990 2477 scribito3
2035 2396 2287 2461 vincam

287 2480 653 2565 opinionem
700 2483 897 2544 tuam.

420 2568 523 2633 29.
570 2567 732 2632 Non.
766 2590 834 2649 Ρ.
870 2573 1015 2634 362.
1051 2573 1140 2633 24
1184 2569 1279 2634 M
1322 2569 1562 2635 Tullius
1605 2572 1691 2636 ad
1724 2569 2043 2637 Gaesarem
2087 2574 2287 2637 iunio·

204 2671 256 2711 25
285 2677 442 2722 rem:
485 2656 808 2742 promissa
851 2660 965 2722 tua
1012 2657 1323 2722 memoria
1367 2660 1607 2722 teneas.

611 2960 715 3022 VI.
780 2962 889 3020 AD
938 2961 998 3022 C.
1044 2962 1376 3023 PANSAM
1423 2963 1667 3023 EPIST.
1715 2964 1867 3023 LIB.
1911 2965 1958 3022 Ι.

421 3099 475 3161 1.
530 3097 693 3162 Non.
734 3119 802 3180 Ρ.
845 3102 987 3164 509.
1033 3105 1120 3164 17
1165 3099 1260 3164 M
1308 3100 1554 3165 Tullius
1606 3102 1693 3165 ad
1733 3099 2010 3166 Pansam
2065 3100 2164 3166 lib.
2211 3100 2262 3164 I
2265 3121 2287 3164 .·

283 3182 381 3248 De
409 3184 733 3251 Antiocho
768 3185 981 3251 fecisti
1013 3187 1401 3270 humaniter,
1438 3209 1627 3272 quem
1666 3188 1925 3272 quidem
1961 3209 2083 3274 ego
2127 3209 2289 3253 sem·

282 3294 398 3356 per
443 3272 637 3340 dilexi
682 3296 909 3358 meque
956 3276 1038 3340 ab
1086 3297 1161 3341 eo
1210 3275 1393 3361 diligi
1438 3276 1627 3340 sensi.
1674 3313 1755 3322 —-
1802 3277 2110 3341 Priscian.
2156 3277 2295 3343 XV

199 3376 255 3417 ³0
281 3364 339 3425 3.
384 3365 466 3425 13
498 3383 565 3444 Ρ.
616 3367 715 3428 70.
758 3368 841 3428 13
877 3363 1081 3429 Cicero
1133 3400 1205 3410 —
1255 3367 1343 3445 ad
1385 3364 1663 3429 Pansam
1695 3365 1746 3429 Ι
1748 3386 1770 3428 .·
1816 3363 1914 3429 De
1959 3363 2285 3431 Antiocho

281 3447 494 3513 fecisti
538 3450 921 3516 humaniter.

415 3538 472 3601 2.
519 3538 682 3603 Non.
723 3558 792 3620 Ρ.
837 3544 981 3605 126.
1026 3545 1109 3606 18
1160 3540 1255 3605 M
1306 3541 1550 3606 Tullius
1601 3542 1689 3605 ad
1729 3541 2008 3608 Pansam
2066 3543 2164 3608 lib.
2209 3543 2262 3608 Ι
2263 3564 2283 3609 .·
