2630 3913
318 189 448 252 342
843 203 847 207 “
1082 191 1536 245 FRAGMENTA

319 352 447 415 lum
493 346 670 435 παρὰ
716 354 1159 434 προσδοκίαν,
1205 353 1333 416 nisi
1376 358 1589 435 cetera,
1647 373 1804 435 quae
1845 358 1993 418 sunt
2033 373 2074 416 a
2119 374 2216 417 me
2257 355 2332 418 in

315 441 573 504 secundo
620 440 774 505 libro
818 442 890 506 de
933 445 1170 504 oratore
1200 461 1320 522 per
1362 441 1601 505 Antoni
1639 459 1969 522 personam
2014 443 2334 522 disputata

316 529 388 592 de
421 529 717 605 ridiculis,
764 530 1034 612 ἔντεχνα
1068 534 1128 592 et
1158 533 1384 609 aryuta
1417 530 1813 613 adparebunt‚
1847 534 1919 594 ut
1949 536 2333 595 sacramento

318 618 642 681 contendas
685 637 821 680 mea
861 637 990 681 non
1032 637 1169 681 esse.

451 706 508 768 2.
565 703 685 769 Cic.
736 704 889 784 fam.
944 704 1228 770 XV21.
1280 708 1462 770 2ex.
1515 705 2122 789 Isiberiste,quem
2174 706 2334 771 mihi
2389 728 2420 769 5

317 793 568 873 misisti,
625 797 921 873 quantam
974 793 1152 857 habet
1200 793 1666 858 declarationem
1720 794 1954 858 amoris
2007 795 2140 857 tui!
2194 796 2333 876 pri»

318 901 508 963 mum,
550 881 711 961 quod
753 881 863 946 tibi
903 881 1167 961 facetum
1211 883 1463 959 videtur,
1506 883 1795 963 quicquid
1830 902 1934 964 eqo
1976 883 2125 961 dixi,
2169 885 2337 964 quod

318 969 464 1032 aliis
513 969 773 1047 fortasse
823 989 951 1034 non
1002 971 1176 1046 item;
1239 970 1476 1047 deinde,
1536 971 1701 1055 quod
1751 970 1892 1052 illa,
1952 971 2079 1035 sive
2124 971 2333 1051 faceta

318 1061 464 1120 sunt
495 1058 618 1121 sive
650 1077 835 1140 secus,
868 1058 1033 1139 fiunt
1055 1064 1354 1123 narrante
1380 1063 1435 1121 te
1461 1059 1922 1135 venustissima,·
1957 1060 2110 1140 quin
2141 1061 2331 1123 etiam

319 1150 476 1227 ante,
509 1166 697 1227 quam
723 1147 809 1210 ad
832 1165 927 1210 me
960 1148 1257 1228 veniatur,
1292 1148 1460 1210 risus
1485 1148 1685 1211 omnis
1706 1167 1907 1228 paene
1932 1148 2328 1211 eonsumitur.
2361 1170 2415 1209 10

451 1234 510 1297 3.
565 1233 685 1299 Cic
741 1236 894 1314 fam.
949 1234 1064 1298 IX
1110 1240 1307 1299 1614
1361 1234 1506 1315 Ipse
1558 1234 1788 1301 Caesar
1847 1234 2027 1298 habet
2072 1255 2332 1316 peracre

318 1321 633 1404 iudicium,
668 1328 740 1405 et,
775 1327 847 1387 ut
877 1322 1141 1400 Servius,
1172 1323 1372 1402 frater
1408 1328 1565 1401 tuus,
1603 1343 1779 1405 quem
1815 1323 2331 1388 litteratissimum

316 1409 508 1488 fuisse
552 1412 777 1494 iudico,
832 1410 1015 1490 facile
1067 1412 1315 1475 diceret:
1372 1410 1499 1474 hic
1540 1431 1746 1476 versus
1789 1410 2012 1475 Plauti
2052 1431 2179 1476 non
2223 1417 2331 1495 est,

317 1498 414 1561 hic
475 1498 590 1562 est'
594 1549 609 1576 ,
671 1500 834 1580 quod
894 1500 1073 1564 tritas
1134 1500 1309 1563 auris
1370 1498 1612 1563 haberet
1671 1500 1958 1564 notandis
2008 1500 2329 1581 ¹qeneribus

312 1590 630 1666 poetarum
682 1593 740 1650 et
794 1588 1219 1652 consuetudine
1281 1588 1535 1668 leyendi,
1596 1588 1685 1652 sic
1744 1588 1931 1651 audio
1986 1586 2329 1666 Gaesarem,
2361 1608 2413 1646 1⁵

317 1694 455 1737 cum
509 1676 824 1738 volumina
876 1676 1008 1739 iam
1059 1674 1377 1754 confecerit
1427 1669 2000 1758 ἀποφθεγμάτων,
2057 1677 2116 1740 si
2169 1638 2333 1757 quod

317 1763 637 1841 adseratur
681 1764 768 1827 ad
808 1782 945 1827 eum
977 1782 1099 1843 pro
1144 1783 1299 1845 meo,
1354 1765 1515 1844 quod
1554 1784 1757 1828 meum
1798 1783 1924 1828 non
1956 1764 2063 1841 sit,
2106 1765 2331 1828 reicere

316 1851 532 1924 solere,·
595 1852 756 1930 quod
804 1871 869 1914 eo
922 1871 1088 1914 nunc
1139 1853 1338 1933 mayis
1387 1851 1565 1931 facit,
1627 1851 1779 1934 quia
1831 1852 2045 1916 vivunt
2093 1872 2330 1916 mecum

312 1938 441 2018 sere
484 1939 699 2003 cotidie
743 1939 915 2004 illius
946 1939 1309 2019 familiares.
1374 1940 1672 2005 Incidunt
1704 1945 1907 2004 autem
1941 1940 2011 2005 in
2054 1961 2331 2006 sermone

318 2028 490 2090 vario
534 2028 747 2111 multa,
789 2049 944 2109 quae
982 2029 1243 2109 fortasse
1285 2029 1433 2110 illiS,
1478 2049 1616 2092 cum
1659 2030 1810 2111 dixi,
1854 2049 1963 2093 nec
2007 2029 2329 2093 illitterata
2356 2047 2411 2087 20

315 2135 420 2178 nec
463 2115 704 2179 insulsa
747 2136 869 2181 esse
909 2118 1261 2194 videantur;
1317 2117 1463 2180 haec
1513 2118 1599 2181 ad
1646 2117 1828 2181 illum
1880 2137 2018 2181 cum
2069 2118 2331 2198 reliquis

315 2205 469 2269 actis
501 2205 931 2285 perferuntur&
987 2207 1078 2269 ita
1130 2206 1292 2270 enim
1347 2207 1474 2287 ipse
1516 2207 1848 2269 mandavit.
1939 2204 2045 2269 Sic
2085 2206 2185 2287 fit,
2239 2211 2329 2289 ut,

317 2293 373 2355 si
425 2294 577 2373 quid
605 2299 926 2373 praeterea
977 2296 1049 2358 de
1101 2315 1195 2358 me
1247 2295 1489 2371 audiat,
1542 2314 1668 2357 non
1719 2295 2095 2358 audiendum
2139 2299 2327 2374 putet.

448 2382 509 2444 4.
554 2381 827 2446 Macrob.
863 2381 1117 2446 Saturn.
1154 2382 1244 2445 II
1271 2388 1327 2445 1.
1362 2387 1445 2446 10
1479 2382 1921 2446 Animadverto
1964 2383 2131 2462 duoS,
2175 2402 2327 2463 quos

317 2469 828 2549 eloquentissimos
871 2472 1131 2551 antiqua
1173 2475 1345 2534 aetas
1388 2469 1544 2548 tulit,
1588 2470 1880 2533 comicum
1925 2468 2227 2534 Plautum
2270 2475 2327 2535 et
2351 2492 2412 2533 25

317 2563 616 2621 oratorem
655 2558 947 2635 Tullium,
992 2577 1089 2622 eos
1132 2558 1340 2622 ambos
1383 2559 1568 2621 etiam
1611 2557 1699 2622 ad
1737 2559 2008 2622 iocorum
2049 2563 2327 2622 venusta-

317 2650 434 2708 tem
486 2647 691 2710 ceteris
742 2646 1132 2726 praestitisse.
1228 2645 1497 2711 Plautus
1556 2647 1799 2727 quidem
1859 2666 1932 2710 ea
1991 2666 2059 2709 re
2120 2646 2329 2711 clarus

313 2735 463 2815 fuit,
507 2739 579 2796 ut
606 2739 753 2815 post
793 2739 1046 2798 mortem
1088 2735 1219 2798 eius
1262 2734 1625 2810 comoediae,
1669 2754 1825 2814 quae
1865 2735 2132 2798 incertae
2170 2733 2326 2814 fere-

316 2823 559 2902 bantur,
603 2821 940 2887 Plautinae
983 2827 1188 2888 tamen
1230 2842 1353 2887 esse
1395 2823 1469 2887 de
1510 2823 1780 2887 iocorum
1814 2824 1988 2904 copia
2021 2841 2328 2887 nosceren-

318 2916 433 2975 tur.
508 2908 712 2976 Cicero
746 2916 950 2975 autem
983 2915 1284 2991 quantum
1319 2912 1389 2975 in
1432 2931 1505 2974 ea
1547 2930 1616 2974 re
1655 2912 1933 2988 valuerit,
1977 2912 2116 2992 quis
2157 2911 2328 2992 ἑρπο-
2358 2934 2418 2973 so

314 3005 441 3078 rat,
496 3000 605 3081 qui
657 3000 749 3063 vel
806 2999 1005 3063 liberti
1046 3001 1177 3065 eius
1222 2999 1430 3077 libros,
1463 3019 1630 3080 vquos
1673 3000 1729 3064 is
1773 3001 1844 3063 de
1886 3000 2034 3064 iocis
2066 3001 2330 3080 patroni

315 3088 661 3170 composuit,
696 3107 845 3169 quos
878 3088 1131 3168 quidam
1165 3088 1362 3169 ipsius
1383 3091 1618 3169 putant
1648 3107 1787 3165 esse,
1824 3088 2009 3170 leyere
2042 3087 2328 3152 curavit?

448 3177 507 3239 5.
566 3175 822 3254 Quintil.
878 3175 974 3242 V]
1015 3182 1074 3241 3.
1119 3180 1159 3240 5
1216 3176 1469 3242 Utinam
1524 3175 1771 3241 libertus
1827 3178 1957 3240 eius
2013 3174 2162 3240 Tiro
2214 3181 2333 3240 aut

315 3264 497 3341 alius,
541 3266 818 3345 quisquis
856 3264 1000 3343 suit,
1043 3267 1153 3346 qui
1197 3267 1310 3329 tris
1355 3265 1469 3329 hac
1511 3266 1583 3329 de
1615 3285 1683 3328 re
1719 3265 1903 3329 libros
1937 3264 2140 3341 edidit,
2172 3284 2329 3345 par-

315 3352 445 3415 cius
488 3353 788 3416 dictorum
830 3373 1082 3417 numero
1127 3354 1522 3418 indulsissent
1563 3357 1621 3417 et
1651 3353 1801 3434 plus
1843 3352 2061 3416 iudicii
2102 3353 2175 3415 in
2218 3353 2331 3417 eli·
2363 3373 2421 3413 35

313 3438 523 3515 yendis
576 3458 762 3518 quam
813 3441 886 3504 in
937 3442 1323 3522 conyerendis
1373 3442 1565 3506 studii
1617 3440 2032 3505 adhibuissent
2038 3460 2061 3517 ;
2114 3440 2332 3506 minus

318 3522 571 3587 obiectus
614 3526 1131 3592 calumniantibus
1171 3530 1345 3608 foret.
