2630 3913
235 305 301 431 ,ἒ

226 1028 298 1096 ἰι

235 1839 301 1890 is

337 164 467 228 200
1150 160 1548 216 PARADOXA

338 325 569 411 opinor
630 325 889 390 bonum.
994 321 1120 388 Sed
1180 324 1342 388 haec
1403 322 1608 388 videri
1670 336 1945 408 possunt
2010 324 2346 408 odiosiora,

337 436 484 479 cum
529 413 766 477 lentius
813 413 1255 497 disputantur;
1309 412 1446 476 vita
1500 415 1694 494 atque
1750 410 1942 477 factis
1999 412 2348 479 inlustrata

340 506 492 567 sunt
538 523 935 566 summorum
981 501 1268 564 virorum
1311 500 1498 581 haec,
1554 521 1716 583 quae
1762 501 1978 565 verbis
2026 502 2348 585 subtiliuS,

341 612 534 674 quam
591 590 752 654 satis
807 592 934 673 est,
998 587 1317 674 disputari
1369 586 1683 652 videntur.
1775 586 2027 662 Quaero
2084 590 2253 655 enim
2307 613 2349 656 a

339 678 544 763 vobis,
592 699 748 741 num
791 677 996 742 ullam
1043 676 1506 762 cogitationem
1551 676 1855 740 habuisse
1899 673 2237 743 videantur
2282 679 2347 762 ii,
2402 698 2428 737 5

341 767 451 850 qui
496 728 662 830 lianc
708 787 845 829 rem
880 766 1209 850 publicam
1247 769 1384 829 tam
1421 765 1750 848 praeclare
1786 764 2124 830 fundatam
2159 767 2346 831 nobis

338 855 755 937 reliquerunt,
793 856 906 918 aut
942 854 1197 938 argenti
1234 852 1317 917 ad
1355 852 1698 917 avaritiam
1735 857 1849 917 aut
1885 855 2348 919 amoenitatum

341 942 422 1006 ad
467 940 960 1007 delectationem
1009 946 1121 1006 aut
1167 941 1592 1026 supellectilis
1631 940 1712 1005 ad
1749 941 2011 1007 delicias
2049 946 2163 1007 aut
2200 964 2347 1028 epu—

340 1031 553 1094 larum
599 1030 679 1094 ad
724 1030 1112 1115 voluptates.
1183 1030 1415 1095 Ponite
1457 1034 1607 1094 ante
1645 1030 1861 1094 oculos
1897 1052 2096 1095 unum
2133 1053 2347 1113 quem-

341 1140 463 1203 que
509 1122 818 1183 veterum.
907 1117 1126 1184 Voltis
1173 1140 1212 1182 a
1254 1118 1586 1183 Romulo?
1630 1118 1828 1183 voltis
1875 1122 2028 1203 post
2072 1119 2346 1184 liberam
2377 1140 2428 1178 lo

339 1207 668 1272 civitatem
716 1207 798 1272 ab
844 1207 924 1272 iis
970 1207 1149 1291 ipsis,
1196 1206 1307 1289 qui
1351 1206 1836 1271 liberaverunt?
1916 1205 2162 1281 Quibus
2207 1212 2345 1272 tan-

339 1295 484 1360 dem
548 1295 857 1397 gradibus
920 1295 1237 1359 Romulus
1302 1294 1588 1359 escendit
1657 1295 1726 1358 in
1798 1295 2093 1360 caelum?
2164 1296 2346 1396 iisne,
2423 1353 2428 1354 ff

341 1405 503 1467 quae
546 1384 660 1448 isti
704 1384 876 1448 bona
922 1384 1283 1468 appellant,
1339 1405 1420 1447 an
1476 1383 1667 1447 rebus
1724 1383 1925 1468 gestis
1983 1387 2177 1468 atque
2214 1385 2346 1449 vir-

340 1472 634 1536 tutibus?
725 1470 935 1547 Quid?
1000 1493 1039 1535 a
1099 1470 1317 1535 Numa
1377 1470 1698 1553 Pompilio
1763 1471 2056 1536 minusne
2121 1477 2346 1558 gratas

339 1560 436 1624 dis
491 1560 947 1624 inmortalibus
1002 1559 1348 1644 capudines
1403 1581 1478 1624 ac
1529 1559 1764 1624 fictiles
1818 1560 2085 1625 urnulas
2147 1561 2347 1625 fuisse
2379 1579 2430 1619 ιε

340 1670 534 1732 quam
578 1647 874 1712 felicatas
920 1645 1244 1712 Saliorum
1289 1643 1552 1732 pateras
1590 1648 2033 1713 arbitramur?
2098 1647 2346 1713 Omitto

339 1736 651 1820 reliquos;
724 1740 875 1800 sunt
946 1736 1117 1800 enim
1182 1756 1405 1800 omnes
1468 1757 1657 1819 pares
1721 1736 1893 1800 inter
1956 1758 2024 1801 se
2086 1740 2344 1835 praeter

341 1822 719 1909 Superbum.
790 1822 1067 1888 Brutum
1106 1823 1161 1888 si
1197 1823 1307 1906 qui
1344 1827 1549 1909 roget,
1597 1823 1750 1907 quid
1786 1824 1993 1910 egerit
2027 1825 2094 1888 in
2129 1824 2347 1908 patria

337 1911 689 1997 liberanda,
728 1912 785 1977 si
821 1913 964 1996 quis
1001 1912 1159 1976 item
1195 1910 1480 1996 reliquos
1520 1911 1802 1977 eiusdem
1832 1911 2085 1979 consilii
2116 1912 2344 1997 socios,

339 2000 491 2085 quid
538 2001 998 2086 spectaverint,
1045 2000 1198 2084 quid
1244 2001 1448 2065 secuti
1495 2001 1650 2083 sint,
1694 2023 1851 2066 num
1898 2001 2041 2085 quis
2089 2001 2345 2086 existat,
2374 2022 2428 2062 ao

336 2089 438 2154 cui
483 2090 805 2174 voluptas,
851 2090 954 2153 cui
990 2088 1273 2172 divitiae,
1319 2090 1422 2154 cui
1459 2089 1730 2172 denique
1767 2094 2027 2174 praeter
2063 2053 2349 2155 officiuni

334 2177 527 2242 fortis
574 2181 639 2242 et
684 2177 906 2263 magni
950 2177 1073 2242 viri
1112 2176 1455 2261 quicquam
1492 2177 1666 2241 aliud
1703 2179 2110 2263 propositum
2146 2178 2348 2263 fuisse

336 2266 675 2331 videatur?
769 2264 945 2342 Quae
992 2287 1095 2330 res
1142 2265 1223 2331 ad
1267 2288 1490 2331 necem
1534 2265 1901 2331 Porsennae
1947 2265 2016 2332 O.
2060 2266 2346 2332 Mucium

250 2428 255 2433 ,
335 2354 574 2440 inpulit
596 2355 757 2420 ‘sine
801 2355 941 2420 ulla
986 2376 1100 2438 spe
1146 2354 1378 2419 salutis
1426 2354 1626 2419 suae?
1674 2376 1838 2438 quae
1883 2356 1982 2419 vis
2030 2353 2345 2420 Coclitem

335 2448 562 2509 contra
607 2465 830 2509 omnes
875 2443 1164 2508 hostium
1210 2442 1430 2528 copias
1475 2442 1687 2507 tenuit
1729 2443 1799 2506 in
1842 2448 2040 2528 ponte
2088 2444 2343 2509 solum?
2370 2451 2426 2504 ’π

337 2554 500 2616 quae
547 2536 800 2616 patrem
836 2531 1124 2614 Decium,
1171 2552 1335 2614 quae
1379 2530 1589 2595 filium
1634 2531 1869 2596 devota
1914 2532 2052 2597 vita
2096 2533 2346 2597 inmisit

334 2622 404 2685 in
458 2624 745 2685 armatas
797 2620 1089 2684 hostium
1143 2619 1408 2703 copias?
1463 2619 1616 2703 quid
1669 2621 2068 2686 continentia
2113 2618 2181 2685 C.
2227 2619 2346 2685 Fa—

335 2709 524 2792 brici,
572 2707 725 2791 quid
761 2708 1044 2772 tenuitas
1082 2707 1290 2772 victus
1329 2707 1430 2774 M’.
1471 2706 1627 2773 Curi
1672 2709 2105 2792 sequebatur?
2148 2709 2344 2794 quid?

337 2798 462 2862 duo
517 2796 1004 2881 propugnacula
1057 2796 1217 2860 belli
1270 2795 1524 2879 Punici,
1584 2794 1696 2862 Cn.
1752 2801 1818 2861 et
1870 2797 1940 2862 P.
1996 2795 2346 2883 Scipiones,

337 2886 446 2970 qui
483 2883 1118 2970 Carthaginiensium
1164 2885 1512 2950 adventum
1559 2885 1936 2970 corporibus
1983 2886 2116 2951 suis
2151 2886 2345 2950 inter-
2372 2905 2427 2945 so

335 2973 741 3041 cludendum.
763 2977 1174 3058 putaverunt,
1219 2973 1416 3057 quid?
1492 2972 1837 3039 Africanus
1883 2975 2109 3059 maior,
2151 2974 2345 3058 quid?

333 3066 565 3147 minor,
628 3061 823 3145 quid?
886 3061 1057 3126 inter
1116 3062 1351 3127 horum
1416 3066 1662 3127 aetates
1725 3062 2101 3128 interiectus
2162 3060 2346 3141 Catn,

336 3151 533 3236 quid?
606 3150 1108 3215 innumerabiles
1177 3150 1291 3215 alii
1355 3148 1536 3234 (nam
1599 3150 1969 3216 domesticis
2034 3152 2345 3236 exemplis

336 3237 768 3326 abundamus)
835 3239 1242 3324 cogitassene
1308 3239 1652 3322 quicquam
1715 3239 1785 3303 in
1840 3239 1980 3305 vita
2034 3240 2160 3305 sibi
2204 3260 2346 3305 esse

338 3327 794 3412 expetendum,
838 3326 965 3391 nisi
1010 3328 1181 3411 quod
1226 3327 1551 3392 laudabile
1597 3332 1767 3392 esset
1814 3332 1879 3392 et
1923 3329 2346 3411 praeclarum,
2373 3345 2426 3387 es

139 3495 143 3499 .
233 3395 299 3519 ¹}
336 3415 678 3479 videntur?
731 3414 1019 3479 Veniant
1062 3416 1265 3501 igitur
1300 3416 1416 3480 isti
1449 3415 1758 3481 inrisores
1799 3416 1991 3481 huius
2031 3416 2345 3482 orationis

334 3523 412 3568 ac
458 3503 815 3568 sententiae
862 3506 928 3567 et
972 3504 1105 3567 iam
1149 3503 1254 3569 vel
1298 3504 1427 3587 ipsi
1470 3504 1781 3581 iudicent,
1837 3509 2056 3570 utrum
2112 3527 2180 3570 se
2233 3505 2347 3571 ho-
