2630 3913
752 195 885 250 ΜΒ.
924 196 1020 250 111.
1098 195 1249 250 CAP.
1288 203 1444 252 3-5.
1519 203 1550 263 ς
1590 203 1811 253 15—21.
2201 196 2287 260 95

270 355 530 422 ‘solere’
568 357 779 440 modo,
815 379 945 423 non
983 346 1179 423 etiam
1219 357 1584 444 ‘oportere'.
1647 359 1910 425 Etenim
1936 381 2068 424 non
2095 359 2286 424 modo

269 446 479 532 pluris
524 449 783 531 putare,
837 446 1008 529 quod
1053 448 1213 511 utile
1259 447 1582 532 videatur,
1638 470 1832 532 quam
1881 448 2051 532 quod
2096 448 2288 512 hone·

272 539 445 599 stum
493 534 597 618 sit,
644 534 755 598 sed
802 535 1000 598 etiam
1045 535 1204 600 haec
1250 535 1421 600 inter
1457 557 1526 601 se
1564 558 1941 621 comparare
1979 540 2045 600 et
2082 536 2148 599 in
2185 535 2286 600 his

272 622 656 688 addubitare
702 623 1152 707 turpissimum
1200 628 1317 688 est.

218 729 245 769 ο
406 710 574 786 Quid
619 731 775 796 ergo
824 716 949 794 est,
1005 712 1177 795 quod
1229 733 1361 777 non
1405 734 1756 797 numquam
1816 713 2286 778 dubitationem

273 798 524 865 adferre
573 799 784 864 soleat
829 799 1488 885 considerandumque
1534 802 1874 866 videatur?
1957 800 2182 885 Crede,
2234 802 2287 865 si

275 888 530 972 quando
579 887 901 952 dubitatio
949 889 1210 972 accidit,
1267 891 1458 973 quale
1505 889 1592 954 sit
1636 889 1730 973 id,
1784 890 1861 954 de
1910 912 2037 974 quo
2085 889 2287 955 consi·

273 977 547 1041 deretur.
602 973 806 1060 Saepe
835 976 1006 1041 enim
1034 982 1326 1061 tempore
1354 978 1450 1062 fit,
1476 982 1567 1062 ut,
1596 977 1768 1059 quod
1797 982 1984 1062 turpe
2011 978 2288 1063 plerum-

276 1087 396 1148 que
442 1065 671 1129 haberi
718 1065 944 1148 soleat,
990 1065 1360 1130 inveniatur
1403 1088 1536 1130 non
1572 1088 1711 1130 esse
1747 1070 1964 1151 turpe3
2011 1068 2285 1150 exempli

193 1173 243 1211 ιο
273 1174 469 1218 causa
505 1156 785 1236 ponatur
823 1153 1086 1237 aliquid,
1124 1154 1296 1238 quod
1332 1158 1557 1239 pateat
1594 1155 1817 1219 latius:
1856 1152 2039 1229 Quod
2072 1159 2288 1239 potest

273 1241 483 1306 maius
514 1263 652 1306 esse
681 1242 889 1306 scelus
929 1263 1122 1325 quam
1158 1264 1288 1307 non
1328 1243 1517 1306 modo
1557 1242 1902 1326 hominem,
1940 1243 2052 1307 sed
2091 1243 2284 1307 etiam

271 1328 662 1393 familiarem
689 1330 1020 1394 hominem
1050 1331 1379 1395 occidere?
1444 1330 1619 1395 Num
1655 1331 1859 1416 igitur
1889 1352 1956 1395 se
1986 1332 2289 1395 astrinxit

276 1418 533 1501 scelere,
581 1417 636 1482 si
683 1418 793 1502 qui
839 1422 1188 1502 tyrannum
1236 1419 1469 1484 occidit
1516 1419 1809 1503 quamvis
1855 1419 2287 1484 familiarem?

273 1505 526 1589 Populo
573 1507 830 1590 quidem
872 1506 1168 1572 Romano
1213 1529 1346 1572 non
1390 1507 1663 1592 videtur,
1709 1507 1820 1590 qui
1867 1529 1942 1572 ex
1991 1508 2288 1572 omnibus

194 1614 245 1652 15
275 1594 625 1678 praeclaris
671 1594 863 1659 factis
919 1595 1081 1660 illud
1126 1596 1631 1680 pulcherrimum
1679 1595 2024 1661 existimat.
2113 1595 2290 1661 Vicit

274 1703 431 1768 ergo
479 1683 732 1747 utilitas
778 1683 1232 1750 honestatem?
1305 1684 1514 1748 Immo
1562 1706 1715 1749 vero
1763 1685 2071 1749 honestas
2118 1685 2288 1749 utili-

271 1775 507 1854 tatem3
551 1772 922 1837 honestatem
965 1775 1207 1838 utilitas
1255 1778 1477 1838 secuta
1522 1777 1638 1837 est.

404 1859 654 1943 Itaque,
703 1864 777 1923 ut
821 1860 958 1925 sine
1003 1861 1140 1925 ullo
1188 1882 1404 1926 errore
1451 1861 1797 1926 diiudicare
1842 1861 2187 1948 possimuS,
2233 1863 2289 1927 si

191 2056 242 2096 ,ο
272 1949 707 2102 ffaffissbiffi
734 1948 1078 2103 ³¹¹3z3¹²3⁶
1115 1950 1960 2104 {fissffiffiffissdissffffssffii’
1996 1973 2288 2105 Ρυέἷὲἓέ

276 2089 728 2190 constituenda
771 2060 900 2209 (elst3
956 2062 1149 2211 qulalin
1205 2128 1262 2191 si
1308 2090 1648 2211 sequemu’r
1692 2128 1762 2191 in
1806 2062 2288 2212 compqaratione

272 2236 512 2296 rerum,
573 2214 656 2279 ab
702 2214 929 2279 officio
985 2237 1338 2300 numquam
1394 2216 1779 2281 recedemus,
1867 2215 2015 2280 Erit
2072 2220 2285 2282 autem

270 2302 429 2367 haec
466 2301 750 2367 formula
777 2300 1140 2369 Stoicorum
1178 2304 1419 2369 rationi
1461 2303 1964 2387 disciplinaeque
2010 2306 2308 2391 maxime⁴

270 2395 729 2474 consentanea3
776 2413 969 2475 quam
1018 2392 1275 2476 quidem
1323 2392 1425 2456 his
1474 2392 1660 2456 libris
1698 2395 2043 2477 propterea
2082 2393 2286 2476 sequi·

191 2498 244 2537 25
275 2501 447 2561 mur,
503 2479 718 2562 quod‚·
756 2501 1146 2563 quamquam
1203 2486 1269 2545 et
1317 2504 1356 2545 a
1399 2480 1726 2545 veteribus
1775 2479 2176 2545 Academicis
2223 2486 2288 2546 et

272 2591 311 2632 a
357 2567 806 2652 Peripateticis
853 2569 1108 2653 vestrm,
1165 2570 1273 2653 qui
1331 2569 1652 2653 quondam
1709 2568 1880 2632 idem
1925 2573 2131 2653 erant,
2177 2571 2286 2653 qui

272 2656 657 2739 Academici,
704 2678 868 2740 quae
914 2657 1189 2722 honesta
1235 2661 1405 2740 sunt,
1452 2661 1931 2741 anteponuntur
1977 2657 2076 2742 iis,
2125 2680 2286 2741 quae

270 2744 570 2809 videntur
615 2745 831 2829 utilia,
888 2749 1107 2810 tamen
1163 2746 1561 2830 splendidius
1619 2746 1776 2811 haec
1824 2745 1905 2810 ab
1954 2746 2046 2810 eis
2094 2748 2286 2811 disse·

269 2837 518 2916 runtur‚
556 2834 807 2917 quibus,
845 2834 1149 2918 quicquid
1184 2834 1530 2899 honestum
1566 2838 1684 2918 est,
1718 2834 1886 2898 idem
1924 2835 2084 2899 utile
2120 2836 2284 2900 vide·

188 2940 242 2979 so
270 2925 379 2985 tur
422 2943 539 2986 nec
574 2922 737 2986 utile
776 2923 1135 3005 quicquam,
1183 2924 1353 3007 quod
1392 2945 1521 2987 non
1558 2922 1921 3006 honestum,
1971 2946 2163 3006 quam
2203 2925 2284 2987 ab

268 3009 377 3093 iis,
442 3010 675 3093 quibus
740 3014 805 3075 et
868 3011 1215 3075 honestum
1273 3011 1517 3095 aliquid
1585 3033 1716 3076 non
1778 3011 1939 3075 utile
2004 3015 2070 3074 et
2125 3011 2282 3076 utile

268 3119 398 3162 non
451 3097 814 3163 honestum.
917 3099 1125 3164 Nobis
1182 3104 1400 3165 autem
1460 3105 1686 3165 nostra
1740 3099 2090 3164 Academia
2154 3122 2283 3163 ma·

269 3207 467 3272 gnam
504 3187 834 3252 licentiam
872 3189 1001 3271 dat,
1028 3192 1120 3272 ut,
1150 3188 1592 3273 quodcumque
1632 3188 1908 3253 maxime
1946 3187 2283 3271 probabile

267 3279 591 3358 occurrat,
650 3276 716 3339 id
771 3281 996 3342 nostro
1051 3276 1188 3341 iure
1236 3277 1430 3342 liceat
1479 3277 1831 3341 defendere.
1923 3273 2047 3339 Sed
2093 3275 2280 3340 redeo

187 3379 237 3420 ⁸5
266 3363 349 3427 ad
393 3363 761 3428 formulam.

288 3520 292 3525 ,
398 3452 756 3517 Detrahere
794 3453 997 3538 igitur
1033 3454 1223 3518 alteri
1263 3453 1507 3536 aliquid
1538 3456 1603 3516 et
1641 3452 1969 3518 hominem
1998 3453 2279 3518 hominis

263 3540 671 3606 incommodo
713 3562 898 3605 suum
928 3542 1336 3606 commodum
1377 3563 1612 3624 augere
1642 3541 1870 3624 ¹magis
1908 3546 2009 3606 est
2055 3548 2281 3607 contra

2329 995 2391 1042 19

2328 2232 2392 2281 20

2319 3425 2376 3549 ἓ,
