2630 3913
311 194 442 257 364
1086 190 1538 247 FRAGMENTA

310 355 697 439 Impendent,
740 355 1099 437 culpamque
1141 374 1333 418 comes
1376 374 1494 418 sua
1530 374 1730 435 poena
1772 359 2063 435 sequetur.
2221 371 2334 420 130

311 444 418 508 Sic
461 445 579 525 ait,
623 448 682 508 et
712 444 974 525 populos
1015 445 1250 506 intenta
1294 445 1480 507 etiam
1526 462 1636 506 ora
1681 447 1938 507 tenentes

310 534 600 615 Linquit,
645 537 704 596 et
743 534 830 595 ad
869 536 1098 595 montes
1139 532 1565 613 sylvarumque
1607 533 1755 595 avia
1798 532 2003 595 tendit.

311 622 488 685 Haec
529 625 699 684 aetas
739 621 932 683 vitam
977 619 1179 700 liquit,
1224 620 1593 700 sobolemque
1636 620 1897 700 reliquit.

310 709 548 774 Ferrea
593 712 733 772 tum
778 729 931 771 vero
978 707 1195 792 proles
1242 711 1468 772 exorta
1512 711 1775 791 repente
1822 711 1923 771 est

312 798 616 880 Ansaque
661 795 992 859 funestum
1036 796 1248 879 prima
1293 799 1396 859 est
1438 794 1817 859 fabricarier
1863 817 2080 859 ensem
2220 811 2335 860 135

309 886 400 949 Et
446 888 709 971 gustare
757 906 951 949 manu
996 884 1282 948 vinetum
1332 883 1773 967 domitumque
1817 883 2170 949 iuvencum.

316 975 488 1037 Tunc
530 973 785 1037 mortale
828 993 1010 1038 exosa
1048 993 1238 1054 yenus
1281 971 1424 1037 Dea
1465 973 1537 1036 iu
1580 972 1714 1036 alta
1754 972 2006 1051 volavit,

310 1061 401 1127 Et
443 1060 620 1126 Iovis
666 1062 735 1125 in
780 1082 982 1146 regno
1030 1060 1317 1144 caelique
1360 1060 1432 1124 in
1475 1063 1661 1144 parte
1707 1060 1947 1124 resedit

309 1148 625 1215 Illustrem
668 1151 888 1213 sortita
932 1150 1152 1226 loevam,
1195 1170 1321 1230 qua
1362 1153 1530 1212 nocte
1571 1169 1784 1213 serena

322 1240 505 1321 Virqo
547 1239 865 1319 conspicuo
906 1238 1098 1320 fulqet
1138 1238 1343 1301 vicina
1387 1236 1638 1301 Bootae.
2219 1254 2336 1304 140

397 1327 592 1407 Huic,
637 1327 917 1390 humeros
958 1346 1182 1407 supera
1222 1325 1516 1406 duplices,
1560 1326 1928 1389 convertitur
1971 1325 2142 1388 alam

309 1415 419 1479 Ad
459 1417 760 1492 dextram,
808 1413 1005 1479 Graio
1041 1413 1518 1496 Protryyeter
1559 1415 1806 1477 nomine
1849 1414 2034 1491 dicta,

312 1503 506 1569 Stella
549 1504 809 1586 micam,
856 1503 971 1566 tali
1012 1504 1227 1585 speeie,
1273 1503 1501 1584 talique
1541 1502 1762 1579 nitore,

314 1592 532 1672 Qualis
574 1596 633 1655 et
672 1592 1005 1655 immensae
1045 1591 1157 1655 sub
1199 1592 1401 1654 cauda
1442 1591 1703 1655 volvitur
1745 1590 1942 1655 Arcti.

309 1679 445 1744 Illa
486 1680 728 1761 quidem
769 1680 1080 1760 flayrauS:
1124 1680 1231 1743 sed
1270 1685 1329 1742 et
1368 1679 1509 1742 huie
1549 1679 1889 1760 slayrautia
1921 1679 2117 1760 plura
2221 1697 2334 1746 145

310 1768 556 1844 Sidera,
601 1787 756 1848 quae
787 1786 988 1847 parvo
1027 1767 1252 1846 poteris
1294 1768 1557 1848 reperire
1601 1767 1816 1831 labore.

313 1856 479 1935 Quin
522 1857 707 1918 etiam
751 1859 894 1917 aute
924 1856 1107 1935 pedes
1150 1875 1373 1936 mayno
1412 1855 1647 1937 fulyore
1690 1861 1901 1919 notata

311 1944 501 2011 Stella
543 1943 725 2007 uitet:
771 1942 982 2007 dehinc
1013 1943 1231 2025 prima
1274 1943 1553 2009 humeros
1595 1943 1781 2023 subit,
1825 1944 2021 2009 altera
2066 1943 2332 2031 lumbos,

309 2032 531 2096 Tertia
578 2031 695 2095 sub
744 2031 946 2095 cauda
992 2031 1073 2095 ad
1121 2054 1323 2117 genus
1369 2033 1582 2116 ipsum
1628 2032 1875 2096 lumina
1919 2032 2163 2117 pandit.

308 2121 562 2187 Caetera
604 2123 709 2185 sed
749 2126 904 2188 certo
937 2122 1180 2201 passim
1223 2123 1356 2185 siue
1398 2123 1645 2184 nomine
1684 2121 1936 2203 fungeut.
2220 2139 2333 2188 150

395 2209 485 2272 Et
528 2212 721 2273 natos
767 2207 1124 2273 Geminos
1170 2209 1410 2273 invises
1458 2209 1578 2272 sub
1625 2213 1820 2292 caput
1864 2208 2073 2292 Arcti3

311 2296 647 2362 Subiectus
695 2297 941 2361 mediae
989 2301 1089 2361 est
1135 2295 1445 2379 Cancer,
1491 2296 1887 2381 pedibusque
1932 2301 2192 2361 tenetur

309 2386 587 2472 Magnus
633 2385 779 2450 Leo
826 2387 1173 2449 tremulam
1220 2386 1516 2468 quatiens
1563 2407 1597 2449 e
1647 2406 1914 2470 corpore
1968 2385 2327 2451 flammam.

307 2475 603 2556 Explicat
643 2475 743 2540 hic
783 2494 1052 2539 summos
1094 2476 1344 2539 ardores
1384 2475 1601 2538 semita
1643 2473 1897 2555 Phoebi,

313 2564 486 2626 Tunc
526 2563 736 2627 uullae
779 2567 1081 2643 apparent
1109 2583 1227 2643 per
1271 2564 1436 2627 culta
1478 2563 1729 2625 nova-lia
1771 2564 1998 2643 spicae,
2219 2579 2326 2628 155

308 2651 741 2731 Principioque
784 2652 930 2713 adeo
976 2649 1139 2714 Solis
1173 2671 1289 2730 per
1332 2650 1577 2714 caerula
1619 2650 1772 2714 caeli

309 2738 453 2802 Hoc
498 2742 680 2802 motu
725 2737 1039 2800 radiantis
1088 2738 1327 2801 etesiae
1371 2738 1440 2802 in
1484 2737 1649 2802 vada
1692 2739 1879 2823 ponti

307 2826 727 2891 Procumbunt
762 2827 1107 2910 ylomerati‚
1151 2832 1210 2891 et
1252 2828 1426 2909 louyo
1469 2826 1723 2907 flamine
1764 2828 2022 2908 spirant.

313 2916 486 2979 Tunc
527 2913 683 2978 mihi
724 2935 851 2978 uon
893 2916 1079 2979 remis
1111 2915 1360 2996 placeat
1397 2917 1555 2980 ratis
1597 2917 1835 2997 indiqu,
1879 2936 2085 2979 verum

307 3004 520 3086 Larya
561 3005 740 3080 satis,
785 3008 1053 3085 rectoque
1096 3005 1182 3068 ad
1220 3005 1385 3067 venti
1426 3005 1737 3068 commoda
1779 3004 1962 3069 clavo.
2217 3020 2327 3069 160

394 3092 470 3156 Si
512 3093 684 3173 cupis
727 3091 1118 3173 Auriyam‚
1164 3096 1342 3172 atque
1384 3092 1642 3173 auriyae
1685 3111 1922 3156 noscere
1963 3091 2197 3171 stellas,

318 3179 576 3261 Ullaque
616 3181 795 3259 fama
841 3185 979 3244 tuas
1023 3179 1304 3261 Caprae
1336 3181 1616 3262 pervertit
1656 3181 1742 3245 ad
1782 3201 1986 3258 aureS,

445 3334 512 3389 V.
555 3341 656 3388 134
675 3352 794 3402 sqq.
835 3335 944 3390 Cic.
984 3335 1059 3389 N.
1098 3336 1172 3389 D.
1210 3335 1291 3388 II
1311 3341 1400 3390 63.
1439 3341 1564 3391 159.
1601 3366 1669 3376 —
1710 3341 1809 3390 138
1847 3336 2000 3391 Lact.
2038 3338 2167 3390 inst.
2207 3339 2320 3392 div.

315 3402 366 3453 V
396 3408 445 3457 5.
484 3410 537 3457 9.
576 3435 643 3443 —
688 3410 785 3458 149
825 3406 998 3459 Prisc.
1034 3404 1127 3458 VI
1154 3411 1203 3461 4.
1242 3412 1313 3459 19
1342 3424 1402 3474 p.
1441 3412 1567 3460 211.
1605 3413 1658 3472 1,
1695 3408 1762 3474 cf.
1803 3406 1948 3462 Serv.
1985 3405 2136 3477 Very.
2175 3408 2320 3462 Aen.

304 3471 668 3594 }}11}}ex—
721 3480 816 3526 151
849 3492 966 3542 sqq.
1018 3476 1127 3529 Cic.
1176 3476 1249 3529 N.
1297 3476 1370 3529 D.
1419 3476 1498 3528 II
1535 3480 1622 3533 43.
1670 3482 1792 3532 110.
1833 3508 1899 3517 -
1940 3482 2040 3532 157
2081 3476 2190 3532 Cic.
2239 3495 2305 3532 or
