2630 3913
234 3279 273 3404 ξ

819 899 915 973 Μ.
972 899 1258 975 TULLI
1313 899 1804 975 CICERONIS

405 1064 551 1150 DE:
612 1063 1051 1151 OFFIOIIS
1115 1063 1258 1149 AD
1323 1063 1776 1151 MARCUM
1838 1064 2208 1151 FILIUM

950 1255 1192 1314 ΜΒΕΒ
1236 1253 1671 1315 SECUNDUS.

979 1535 1642 1597 ARGUMENTUM.

448 1651 743 1723 Proposito
779 1654 1105 1734 argumento
1108 1686 1144 1727 s
1178 1651 1248 1706 de
1295 1668 1406 1734 quo
1456 1652 1564 1706 hoc
1600 1651 1745 1706 libro
1785 1668 1851 1708 ex
1887 1651 2192 1723 partitione
2230 1669 2325 1721 ear

309 1739 475 1791 quam
511 1722 570 1776 in
605 1722 789 1792 priore
825 1722 970 1777 hbro
1008 1722 1220 1776 fecerat
1226 1752 1253 1793 ,›
1281 1721 1666 1792 disputaturus
1706 1721 1805 1790 sit,
1842 1724 2084 1794 primum
2119 1739 2313 1794 prooe-

307 1794 481 1847 mium
516 1793 656 1848 facit
689 1793 763 1847 M.
802 1793 1019 1848 Tullius
1057 1791 1386 1874 explicando
1424 1793 1494 1847 de
1531 1792 1645 1847 suis
1720 1792 2072 1864 hilosophiae
2111 1793 2314 1849 studiis

311 1866 369 1918 et
404 1863 799 1934 scriptionibus
834 1880 901 1918 ao
938 1863 1006 1945 fle
1043 1864 1258 1917 ratione
1294 1862 1672 1946 philosophari
1716 1862 1728 1875 ⁸
1759 1863 2115 1934 Academica,
2152 1866 2218 1919 ut
2243 1865 2313 1918 de

307 1950 448 2059 ffl
463 1950 895 2076 qalrfflem
908 1951 1115 2060 til-xctlat
1148 1951 1255 2080 idsq
1255 1950 1333 2059 ι(1186
1361 1934 2313 2077 {ffsscdffgsstztggisgffiug’sffli

308 2076 604 2132 dicendum
632 2093 752 2132 esse
776 2076 877 2145 ait,
906 2092 971 2130 ac
988 2076 1229 2146 primum
1248 2075 1475 2144 quidem
1492 2076 1563 2131 de
1581 2076 1712 2130 utili
1730 2077 1960 2148 exponit
1978 2081 2119 2150 (cap.
2141 2083 2314 2132 3—24

307 2154 339 2214 3
385 2154 417 2201 9
431 2179 492 2187 -
507 2152 597 2217 87)
612 2190 625 2217 ,
671 2149 732 2202 et
775 2147 1054 2218 explicata
1100 2146 1325 2215 quidem
1368 2145 1630 2201 universa
1673 2147 1830 2202 utilis
1876 2149 2101 2216 natura,
2149 2164 2314 2217 quam

305 2219 480 2287 negat
524 2219 594 2272 ab
638 2219 932 2273 honestate
978 2234 1099 2272 esse
1147 2215 1482 2284 seiunctam,
1530 2220 1671 2288 (cap.
1711 2224 1744 2273 3
1780 2224 1810 2284 3
1848 2226 1899 2288 9,
1939 2222 2026 2287 10)
2074 2219 2182 2273 hoc
2218 2218 2315 2272 ad-

309 2291 583 2365 severat,·.
600 2288 744 2342 nihil
790 2291 890 2344 aut
931 2288 1127 2343 utilius
1162 2289 1262 2342 aut
1295 2288 1588 2342 nocentius
1625 2304 1746 2343 esse
1782 2288 2098 2343 hominibus
2135 2289 2196 2343 in
2232 2289 2313 2344 eis

308 2360 504 2436 rebus7
518 2376 658 2429 quae
686 2359 855 2414 utiles
883 2359 1020 2432 sint,
1079 2374 1208 2413 uam
1235 2358 1489 2413 homines
1517 2357 1669 2428 ipsos
1694 2360 1834 2428 (cap.
1856 2366 1994 2415 3-5
2014 2366 2044 2426 9
2066 2362 2313 2428 11-16),

309 2448 476 2499 quam
512 2431 584 2485 ob
622 2447 737 2484 rem
774 2429 1048 2484 concilian
1090 2446 1151 2484 os
1188 2428 1403 2483 animos
1430 2428 1716 2483 hominum
1745 2431 1804 2483 et
1830 2431 1901 2483 ad
1929 2447 2061 2484 usus
2089 2432 2312 2485 nostros

308 2502 692 2571 adiungendus
730 2517 850 2555 esse
889 2500 1045 2567 dicit,
1084 2499 1234 2568 quod
1270 2499 1348 2554 sit
1382 2517 1580 2553 munus
1618 2499 1863 2569 virtutis}
1881 2500 2106 2555 exclusa
2142 2500 2312 2556 etiam

308 2572 369 2628 vi
403 2572 660 2627 fortunae
699 2573 842 2641 (cap.
881 2576 932 2638 ⁶,
969 2577 1001 2626 6
1039 2576 1069 2636 9
1111 2572 1355 2639 17-20).
1428 2567 1570 2623 Tum
1606 2587 1847 2640 causas*
1876 2588 2043 2639 quam
2088 2571 2160 2627 ob
2196 2589 2310 2626 rem

307 2642 560 2697 homines
597 2642 915 2697 hominibus
951 2639 1288 2709 inserviant,
1312 2642 1600 2695 enumerat
1634 2642 1694 2695 et
1728 2642 2065 2711 pertractat,:
2086 2641 2314 2697 benivo-

309 2713 559 2780 lentiam,
587 2711 1030 2778 admirationem,
1059 2710 1352 2764 commoda
1377 2726 1508 2764 acce
1548 2713 1611 2765 ta
1636 2712 1737 2766 aut
1761 2711 2090 2782 accipienda
2118 2716 2259 2784 (cap.
2283 2719 2314 2767 6

309 2791 339 2851 9
376 2784 644 2851 20-22),
690 2782 823 2837 dein
867 2779 1168 2851 separatim
1214 2779 1355 2835 dicit
1398 2780 1467 2835 de
1508 2729 1898 2837 benivolentia
1943 2785 2004 2838 et
2038 2783 2314 2838 contrario

308 2854 429 2910 eius
473 2854 628 2907 metu
674 2856 816 2922 (cap.
866 2860 915 2919 7,
959 2857 993 2908 8
1039 2857 1070 2917 9
1107 2853 1378 2921 23-30),
1422 2851 1544 2905 tum
1589 2852 1659 2908 de
1704 2852 1887 2934 gloria
1933 2855 2075 2924 (cap.
2124 2860 2315 2909 9-14

307 2931 340 2992 9
385 2928 654 2992 31-51),
707 2923 829 2977 tum
878 2922 949 2977 de
992 2921 1362 2976 beneficentia
1407 2923 1467 2976 et
1508 2921 1849 2977 liberalitate
1895 2927 2038 2994 (cap.
2091 2930 2316 2979 15—24

307 3002 340 3064 3
368 2997 617 3064 ⁶2-85)‚
646 2993 885 3062 denique
915 2993 985 3047 de
1012 2991 1249 3048 aliarum
1274 3009 1459 3046 rerum
1485 2993 1735 3048 utilitate
1763 2996 1905 3064 (cap.
1936 3000 2006 3048 24
2033 3000 2062 3059 3
2091 3001 2177 3061 86,
2206 2997 2318 3064 8⁸1),

306 3068 591 3138 postremo
629 3063 944 3119 utilitatum
980 3062 1454 3133 comparationem
1488 3061 1740 3120 instituit
1774 3067 1918 3134 (cap.
1957 3067 2065 3134 2⁶).

445 3315 650 3391 Quem
696 3314 777 3379 ad
832 3313 1093 3379 modum
1145 3312 1360 3379 officia
1405 3313 1786 3379 ducerentur
1833 3316 1915 3380 ab
1960 3315 2321 3398 honestate,

308 3403 526 3468 Marce
570 3402 685 3486 fili,
733 3406 926 3486 atque
973 3402 1055 3466 ab
1103 3402 1277 3467 omni
1329 3421 1562 3487 genere
1597 3402 1879 3487 virtutiS‚
1925 3402 2086 3467 satis
2126 3403 2319 3488 expli·

311 3494 530 3557 catum
559 3490 843 3555 arbitror
870 3489 1039 3554 libro
1060 3489 1405 3594 superiore}
1453 3487 1779 3577 Sequitur,
1799 3495 1875 3556 ut
1895 3491 2055 3556 haec
2083 3490 2319 3556 officio·
