2630 3913
347 189 476 253 336
1124 185 1574 241 FRAGMENTA

344 349 623 431 potuisse,
668 348 798 414 nisi
842 349 1070 412 luctum
1113 347 1242 412 eius
1285 352 1345 411 et
1384 348 1546 410 ratio
1579 346 1721 428 ipsa
1755 350 1813 410 et
1845 348 2174 412 consolatio
2207 369 2370 413 ami·

345 457 553 502 eorum
600 442 659 500 et
700 439 985 518 temporis
1031 436 1340 517 lonyitudo
1384 436 1733 516 mitiyasset.

485 525 583 589 12.
628 524 912 588 Lactant.
959 525 1098 587 inst.
1142 524 1262 587 div.
1306 522 1442 585 III
1474 527 1575 586 19.
1611 528 1793 604 3sqq.
1838 521 2077 587 Docent
2119 524 2369 587 divinae

345 613 582 677 litterae
625 633 749 677 non
793 612 1099 693 exstinyui
1142 612 1406 693 animas,
1450 612 1556 675 sed
1596 616 1709 674 aut
1738 630 1861 692 pro
1904 611 2148 675 iustitia
2179 631 2367 693 prae-

345 702 469 765 mio
505 702 692 781 adfici
726 705 840 763 aut
869 720 1074 781 poena
1101 720 1223 780 pro
1257 699 1576 763 sceleribus
1609 699 1979 779 sempiterna
1988 718 2010 775 ‚·
2055 718 2164 763 nec
2197 701 2367 763 enim
2421 718 2452 760 5

344 789 448 867 fas
492 792 580 852 est
629 793 743 851 aut
791 808 954 863 eum,
1008 788 1116 869 qui
1168 787 1491 851 sceleratus
1545 787 1614 850 in
1668 787 1798 850 vita
1846 786 2106 866 feliciter
2153 787 2368 870 fuerit,

346 875 620 957 effuyere‚
664 877 825 957 quod
866 880 1146 957 meretur,
1190 880 1304 938 aut
1346 895 1499 951 eum,
1544 875 1652 955 qui
1697 875 1769 939 ob
1811 875 2117 939 iustitiam
2151 876 2367 940 miser-

346 965 546 1028 rimus
587 963 805 1045 fuerit,
858 984 976 1027 sua
1028 964 1290 1027 mercede
1340 961 1650 1041 fraudari.
1744 961 1921 1041 Quod
1960 963 2109 1027 adeo
2152 983 2369 1028 verum

344 1054 459 1133 est,
515 1056 586 1114 ut
634 1052 796 1115 idem
845 1052 1090 1116 Tullius
1141 1051 1212 1114 in
1256 1049 1680 1115 Consolatione
1729 1070 1860 1114 non
1911 1052 2150 1115 easdem
2200 1053 2371 1116 sedes

347 1139 606 1203 incolere
667 1140 858 1205 iustos
919 1144 1098 1219 atque
1160 1140 1385 1219 impios
1435 1139 1898 1218 praedicaverit.
1988 1136 2126 1202 Nec
2191 1138 2367 1203 enim
2400 1161 2451 1202 ιο

350 1226 682 1310 omnibUS,
747 1228 977 1307 inquit,
1039 1226 1234 1290 iidem
1298 1225 1402 1289 illi
1467 1225 1792 1310 sapientes
1853 1225 2156 1290 arbitrati
2212 1231 2368 1291 sunt

350 1315 625 1378 eundem
662 1336 919 1379 cursum
956 1313 1026 1377 in
1062 1314 1312 1378 eaelum
1351 1317 1602 1398 patere3
1647 1335 1799 1377 nam
1847 1312 2023 1377 vitiis
2069 1318 2134 1379 et
2171 1315 2368 1379 scele-

348 1402 527 1465 ribus
566 1402 1042 1467 contaminatos
1081 1401 1356 1485 deprimi
1391 1401 1461 1464 in
1494 1401 1797 1465 tenebras
1831 1405 2023 1485 atque
2059 1402 2130 1465 in
2166 1424 2368 1467 caeno

347 1489 554 1554 iacere
602 1490 971 1572 docuerunt,
1021 1493 1236 1553 castos
1283 1493 1499 1553 autem
1547 1489 1885 1572 [animos],
1930 1512 2158 1574 puros,
2203 1490 2369 1555 inte-

349 1598 529 1661 grOS,
583 1577 1017 1661 incorruptOS‚
1075 1577 1264 1641 bonis
1320 1577 1517 1641 etiam
1574 1577 1805 1640 studiis
1860 1580 2055 1660 atque
2109 1578 2368 1643 artibus
2398 1600 2450 1639 15

345 1665 668 1749 expolitos
715 1665 847 1729 leni
894 1665 1172 1748 quodam
1220 1668 1284 1728 et
1328 1664 1507 1728 facili
1552 1665 1741 1752 lapsu
1788 1664 1869 1729 ad
1917 1665 2095 1748 deOS,
2149 1665 2219 1729 id
2265 1671 2370 1731 est

349 1753 434 1817 ad
478 1755 780 1816 naturam
830 1753 931 1816 sui
977 1752 1284 1834 similem,
1331 1753 1687 1836 pervolare.

487 1839 585 1902 13.
639 1840 809 1904 Lact.
865 1842 1005 1904 inst.
1062 1842 1179 1904 div.
1234 1840 1366 1903 III
1412 1844 1518 1925 28.
1574 1847 1616 1905 9
1670 1841 1766 1905 M.
1824 1841 2069 1906 Tullius
2120 1843 2190 1906 in
2248 1862 2370 1908 sua

346 1925 778 1992 Consolatione
809 1948 1121 2010 pugnasse
1162 1947 1225 1993 se
1268 1948 1500 2010 semper
1543 1933 1757 1994 contra
1805 1929 2126 2009 fortunam
2173 1930 2371 2013 loqui-

349 2021 478 2096 tur,
532 2035 782 2097 eamque
833 2037 876 2079 a
928 2037 991 2080 se
1044 2037 1275 2098 semper
1327 2037 1449 2081 esse
1500 2022 1877 2100 superatam,
1935 2038 2072 2082 eum
2121 2019 2371 2098 fortiter
2398 2041 2451 2080 20

348 2104 742 2167 inimieorum
786 2105 1045 2186 impetus
1088 2106 1433 2170 rettudisset
1439 2126 1461 2181 ;
1506 2125 1583 2168 ne
1628 2111 1758 2169 tum
1802 2107 2044 2186 quidem
2079 2126 2141 2171 se
2174 2108 2254 2171 ab
2295 2129 2373 2172 ea

345 2193 642 2274 fractum,
696 2212 834 2256 cum
886 2194 1061 2258 domo
1095 2194 1320 2274 pulsus
1352 2194 1573 2274 patria
1616 2195 1912 2271 caruerit;
1969 2199 2100 2258 tum
2143 2200 2370 2279 autem,

343 2299 486 2342 cum
547 2281 824 2344 amiserit
884 2282 1271 2346 carissimam
1333 2281 1558 2362 filiam,
1620 2281 1843 2346 victum
1904 2301 1968 2346 se
2017 2302 2059 2345 a
2109 2283 2372 2362 fortuna

353 2368 612 2449 turpiter
656 2370 988 2449 confitetur.
1078 2367 1279 2451 Cedo,
1325 2369 1552 2451 inquit,
1599 2372 1666 2433 ei:
1711 2391 1973 2433 manum
2019 2370 2203 2435 tollo.

490 2457 587 2520 14.
625 2455 745 2520 Cio.
787 2456 959 2520 Tuse.
997 2455 1131 2519 III
1155 2461 1253 2520 31.
1294 2461 1378 2520 76
1415 2456 1579 2521 Sunt
1611 2457 1796 2520 etiam
1831 2458 1939 2539 qui
1973 2457 2118 2522 haec
2152 2460 2372 2524 omnia
2400 2480 2455 2521 85

337 2563 569 2624 *yenera
612 2544 966 2608 consolandi
1008 2544 1296 2624 eolliyant
1332 2542 1527 2624 (alius
1570 2545 1733 2608 enim
1779 2546 1904 2609 alio
1948 2547 2125 2610 modo
2169 2566 2371 2611 move-

351 2630 500 2712 tur),
544 2639 611 2694 ut
652 2632 779 2710 fere
813 2651 925 2695 nos
960 2631 1029 2694 in
1068 2629 1490 2696 Consolatione
1524 2633 1736 2695 omnia
1779 2633 1850 2696 in
1895 2635 2373 2699 consolationem

348 2738 542 2781 unam
586 2719 976 2795 conieeimus‚·
1021 2723 1157 2782 erat
1188 2719 1353 2782 enim
1386 2720 1458 2783 in
1495 2724 1727 2783 tumore
1769 2721 2020 2785 animus
2063 2725 2122 2785 et
2163 2724 2373 2788 omnis

351 2805 421 2868 in
466 2826 531 2869 eo
578 2806 983 2885 temptabatur
1026 2808 1278 2870 miratio,

486 2892 585 2957 15.
615 2891 735 2957 Cic.
764 2895 835 2957 ele
860 2895 1048 2958 divin.
1076 2894 1167 2957 II
1186 2900 1243 2958 9.
1262 2898 1356 2960 22
1381 2893 1891 2960 Clarissimorum
1917 2896 2236 2961 hominum
2262 2919 2373 2963 no-
2403 2918 2460 2959 so

349 2986 509 3044 strae
535 2982 799 3045 civitatis
819 2983 1217 3063 yravissimos
1243 2984 1442 3048 exitus
1471 2985 1540 3047 in
1560 2981 1984 3048 Consolatione
2002 2985 2373 3067 collegimus.

355 3104 427 3112 -
466 3069 639 3132 Tuse.
668 3068 801 3132 III
817 3073 923 3133 28.
955 3075 1037 3133 70
1067 3069 1245 3152 Quid,
1281 3072 1540 3150 quinon
1558 3076 1789 3151 putant
1814 3073 2139 3154 lugendum
2165 3074 2373 3139 viris?

334 3157 551 3236 qualis
573 3156 701 3235 fuit
730 3156 798 3235 Q.
826 3157 1170 3221 Maxumus
1201 3157 1456 3236 efferens
1490 3159 1695 3240 filium
1729 3160 2127 3243 consularem,
2163 3162 2376 3242 qualis

346 3243 421 3305 L.
459 3243 700 3308 Paulus
743 3245 975 3310 duobus
1006 3246 1230 3327 paucis
1275 3247 1483 3311 diebus
1527 3248 1774 3312 amissis
1816 3247 1986 3330 filiis,
2031 3249 2238 3331 qualis
2272 3250 2373 3314 Μ.

349 3328 498 3393 Cato
532 3335 816 3410 praetore
849 3334 1159 3413 desiynato
1203 3339 1442 3398 mortuo
1486 3335 1634 3415 filio,
1680 3335 1889 3415 quales
1934 3337 2175 3420 reliqui,
2218 3356 2377 3418 quos
2406 3352 2464 3396 ³5

346 3415 416 3476 in
472 3415 894 3483 Consolatione
951 3421 1332 3502 conleyimus.
1391 3458 1474 3468 —-
1529 3421 1900 3504 Hieronym.
1950 3426 2120 3506 epist.
2178 3429 2276 3488 60.
2335 3427 2380 3490 5

335 3501 435 3560 ad
466 3501 710 3567 Heliod.
751 3505 821 3568 Τ.
852 3506 903 3568 Ι
917 3528 985 3586 p.
1022 3511 1147 3571 335
1173 3508 1237 3571 A
1279 3509 1545 3574 Vallars.
1585 3509 1751 3589 Quid
1783 3531 2108 3575 memorem
2143 3511 2369 3576 Roma·
