<?xml version="1.0" encoding="UTF-8"?>
<!DOCTYPE html PUBLIC "-//W3C//DTD XHTML 1.0 Transitional//EN"
    "http://www.w3.org/TR/xhtml1/DTD/xhtml1-transitional.dtd">
<html xmlns="http://www.w3.org/1999/xhtml" xml:lang="en" lang="en">
 <head>
  <title>
</title>
<meta http-equiv="Content-Type" content="text/html;charset=utf-8" />
  <meta name='ocr-system' content='tesseract 3.04.00' />
  <meta name='ocr-capabilities' content='ocr_page ocr_carea ocr_par ocr_line ocrx_word'/>
</head>
<body>
  <div class='ocr_page' id='page_1' title='image "./scriptaquaemans01cicegoog_0378.png"; bbox 0 0 2630 3913; ppageno 0'>
   <div class='ocr_carea' id='block_1_1' title="bbox 354 210 1569 277">
    <p class='ocr_par' dir='ltr' id='par_1_1' title="bbox 354 210 1569 277">
     <span class='ocr_line' id='line_1_1' title="bbox 354 210 1569 277; baseline -0.011 0"><span class='ocrx_word' id='word_1_1' title='bbox 354 214 483 277; x_wconf 83' lang='lat'>304</span> <span class='ocrx_word' id='word_1_2' title='bbox 1125 210 1569 266; x_wconf 70' lang='lat' dir='ltr'><strong>FRAGMENTA</strong></span> 
     </span>
    </p>
   </div>
   <div class='ocr_carea' id='block_1_2' title="bbox 983 410 1723 473">
    <p class='ocr_par' dir='ltr' id='par_1_2' title="bbox 983 410 1723 473">
     <span class='ocr_line' id='line_1_2' title="bbox 983 410 1723 473; baseline 0.003 -2"><span class='ocrx_word' id='word_1_3' title='bbox 983 413 1116 472; x_wconf 88' lang='lat' dir='ltr'>XII.</span> <span class='ocrx_word' id='word_1_4' title='bbox 1162 412 1272 471; x_wconf 71' lang='lat' dir='ltr'>AD</span> <span class='ocrx_word' id='word_1_5' title='bbox 1322 410 1587 471; x_wconf 90' lang='lat' dir='ltr'>CATON</span> <span class='ocrx_word' id='word_1_6' title='bbox 1592 412 1723 473; x_wconf 90' lang='lat' dir='ltr'>EM.</span> 
     </span>
    </p>
   </div>
   <div class='ocr_carea' id='block_1_3' title="bbox 353 545 2446 1055">
    <p class='ocr_par' dir='ltr' id='par_1_3' title="bbox 353 545 2446 1055">
     <span class='ocr_line' id='line_1_3' title="bbox 484 545 2364 633; baseline 0.001 -17"><span class='ocrx_word' id='word_1_7' title='bbox 484 551 650 616; x_wconf 85' lang='lat' dir='ltr'>Non.</span> <span class='ocrx_word' id='word_1_8' title='bbox 664 572 732 633; x_wconf 88' lang='lat' dir='ltr'>p.</span> <span class='ocrx_word' id='word_1_9' title='bbox 758 553 889 615; x_wconf 81' lang='lat'>438</span> <span class='ocrx_word' id='word_1_10' title='bbox 904 569 989 631; x_wconf 78' lang='lat' dir='ltr'>sq.</span> <span class='ocrx_word' id='word_1_11' title='bbox 1019 545 1220 613; x_wconf 71' lang='lat' dir='ltr'>‘Plus’</span> <span class='ocrx_word' id='word_1_12' title='bbox 1247 547 1295 630; x_wconf 86' lang='lat'><strong>†</strong></span> <span class='ocrx_word' id='word_1_13' title='bbox 1321 549 1478 614; x_wconf 82' lang='lat' dir='ltr'>sicut</span> <span class='ocrx_word' id='word_1_14' title='bbox 1500 549 1570 613; x_wconf 81' lang='lat' dir='ltr'>in</span> <span class='ocrx_word' id='word_1_15' title='bbox 1586 549 1892 631; x_wconf 79' lang='lat' dir='ltr'>plerisque</span> <span class='ocrx_word' id='word_1_16' title='bbox 1916 570 2074 632; x_wconf 79' lang='lat' dir='ltr'>quae</span> <span class='ocrx_word' id='word_1_17' title='bbox 2100 552 2364 618; x_wconf 88' lang='lat' dir='ltr'>maioris</span> 
     </span>
     <span class='ocr_line' id='line_1_4' title="bbox 353 638 2364 722; baseline 0 -19"><span class='ocrx_word' id='word_1_18' title='bbox 353 641 521 704; x_wconf 84' lang='lat' dir='ltr'>modi</span> <span class='ocrx_word' id='word_1_19' title='bbox 563 644 673 722; x_wconf 90' lang='lat' dir='ltr'>est,</span> <span class='ocrx_word' id='word_1_20' title='bbox 725 656 913 719; x_wconf 80' lang='lat' dir='ltr'>quam</span> <span class='ocrx_word' id='word_1_21' title='bbox 954 638 1357 702; x_wconf 80' lang='lat' dir='ltr'>necessarium</span> <span class='ocrx_word' id='word_1_22' title='bbox 1401 642 1519 715; x_wconf 90' lang='lat' dir='ltr'>est‚·</span> <span class='ocrx_word' id='word_1_23' title='bbox 1577 642 1756 719; x_wconf 79' lang='lat' dir='ltr'>atque</span> <span class='ocrx_word' id='word_1_24' title='bbox 1797 639 1928 703; x_wconf 81' lang='lat' dir='ltr'>ideo</span> <span class='ocrx_word' id='word_1_25' title='bbox 1971 640 2067 703; x_wconf 88' lang='lat' dir='ltr'>M.</span> <span class='ocrx_word' id='word_1_26' title='bbox 2116 639 2364 705; x_wconf 81' lang='lat' dir='ltr'>Tullius</span> 
     </span>
     <span class='ocr_line' id='line_1_5' title="bbox 354 724 2357 807; baseline -0 -16"><span class='ocrx_word' id='word_1_27' title='bbox 354 727 400 806; x_wconf 83' lang='lat'><strong>†</strong></span> <span class='ocrx_word' id='word_1_28' title='bbox 435 728 640 792; x_wconf 87' lang='lat' dir='ltr'>maius</span> <span class='ocrx_word' id='word_1_29' title='bbox 673 727 953 791; x_wconf 79' lang='lat' dir='ltr'><em>discrevit</em></span> <span class='ocrx_word' id='word_1_30' title='bbox 984 726 1243 807; x_wconf 80' lang='lat' dir='ltr'><em>epistula</em></span> <span class='ocrx_word' id='word_1_31' title='bbox 1276 727 1364 790; x_wconf 82' lang='lat' dir='ltr'>ad</span> <span class='ocrx_word' id='word_1_32' title='bbox 1387 724 1708 791; x_wconf 82' lang='lat' dir='ltr'>Catonem:</span> <span class='ocrx_word' id='word_1_33' title='bbox 1752 747 1870 791; x_wconf 90' lang='lat' dir='ltr'>nec</span> <span class='ocrx_word' id='word_1_34' title='bbox 1913 726 2150 792; x_wconf 90' lang='lat' dir='ltr'>idcirco</span> <span class='ocrx_word' id='word_1_35' title='bbox 2195 728 2357 791; x_wconf 85' lang='lat' dir='ltr'>mihi</span> 
     </span>
     <span class='ocr_line' id='line_1_6' title="bbox 358 812 2446 899; baseline -0.002 -21"><span class='ocrx_word' id='word_1_36' title='bbox 358 814 767 878; x_wconf 82' lang='lat' dir='ltr'>deserendam</span> <span class='ocrx_word' id='word_1_37' title='bbox 824 835 964 878; x_wconf 87' lang='lat' dir='ltr'>esse</span> <span class='ocrx_word' id='word_1_38' title='bbox 1019 812 1406 899; x_wconf 73' lang='lat' dir='ltr'>dignitatem</span> <span class='ocrx_word' id='word_1_39' title='bbox 1451 835 1688 896; x_wconf 83' lang='lat' dir='ltr'>meam,</span> <span class='ocrx_word' id='word_1_40' title='bbox 1745 814 1914 898; x_wconf 90' lang='lat' dir='ltr'>quod</span> <span class='ocrx_word' id='word_1_41' title='bbox 1969 836 2111 879; x_wconf 89' lang='lat' dir='ltr'>eam</span> <span class='ocrx_word' id='word_1_42' title='bbox 2166 816 2361 880; x_wconf 74' lang='lat' dir='ltr'>multi</span> <span class='ocrx_word' id='word_1_43' title='bbox 2418 834 2446 874; x_wconf 80' lang='lat'><strong>⁵</strong></span> 
     </span>
     <span class='ocr_line' id='line_1_7' title="bbox 355 901 2361 988; baseline 0.001 -22"><span class='ocrx_word' id='word_1_44' title='bbox 355 902 801 987; x_wconf 73' lang='lat' dir='ltr'>inpugnarint,</span> <span class='ocrx_word' id='word_1_45' title='bbox 856 902 968 967; x_wconf 88' lang='lat' dir='ltr'>sed</span> <span class='ocrx_word' id='word_1_46' title='bbox 1022 923 1097 966; x_wconf 87' lang='lat' dir='ltr'>eo</span> <span class='ocrx_word' id='word_1_47' title='bbox 1153 901 1366 986; x_wconf 83' lang='lat' dir='ltr'>magis</span> <span class='ocrx_word' id='word_1_48' title='bbox 1420 901 1854 985; x_wconf 82' lang='lat' dir='ltr'>recolendam,</span> <span class='ocrx_word' id='word_1_49' title='bbox 1914 902 2084 987; x_wconf 91' lang='lat' dir='ltr'>quod</span> <span class='ocrx_word' id='word_1_50' title='bbox 2137 904 2361 988; x_wconf 84' lang='lat' dir='ltr'>plures</span> 
     </span>
     <span class='ocr_line' id='line_1_8' title="bbox 358 990 796 1055; baseline -0.002 -1"><span class='ocrx_word' id='word_1_51' title='bbox 358 990 796 1055; x_wconf 73' lang='lat' dir='ltr'>desiderarint.</span> 
     </span>
    </p>
   </div>
   <div class='ocr_carea' id='block_1_4' title="bbox 1144 1079 1564 1086">
    <p class='ocr_par' dir='ltr' id='par_1_4' title="bbox 1144 1079 1564 1086">
     <span class='ocr_line' id='line_1_9' title="bbox 1144 1079 1564 1086; baseline 0 0"><span class='ocrx_word' id='word_1_52' title='bbox 1144 1079 1564 1086; x_wconf 95' lang='lat' dir='ltr'> </span> 
     </span>
    </p>
   </div>
   <div class='ocr_carea' id='block_1_5' title="bbox 891 1205 1809 1266">
    <p class='ocr_par' dir='ltr' id='par_1_5' title="bbox 891 1205 1809 1266">
     <span class='ocr_line' id='line_1_10' title="bbox 891 1205 1809 1266; baseline 0.002 -2"><span class='ocrx_word' id='word_1_53' title='bbox 891 1205 1053 1264; x_wconf 90' lang='lat' dir='ltr'>XIII.</span> <span class='ocrx_word' id='word_1_54' title='bbox 1116 1205 1227 1263; x_wconf 90' lang='lat' dir='ltr'>AD</span> <span class='ocrx_word' id='word_1_55' title='bbox 1276 1205 1809 1266; x_wconf 82' lang='lat' dir='ltr'>CAERELLIAM.</span> 
     </span>
    </p>
   </div>
   <div class='ocr_carea' id='block_1_6' title="bbox 355 1341 2577 2202">
    <p class='ocr_par' dir='ltr' id='par_1_6' title="bbox 355 1341 2446 1850">
     <span class='ocr_line' id='line_1_11' title="bbox 493 1341 2364 1425; baseline -0.001 -15"><span class='ocrx_word' id='word_1_56' title='bbox 493 1346 549 1410; x_wconf 90' lang='lat'>1.</span> <span class='ocrx_word' id='word_1_57' title='bbox 597 1344 852 1425; x_wconf 75' lang='lat' dir='ltr'>Quintil.</span> <span class='ocrx_word' id='word_1_58' title='bbox 894 1341 993 1406; x_wconf 90' lang='lat' dir='ltr'>VI</span> <span class='ocrx_word' id='word_1_59' title='bbox 1022 1347 1080 1407; x_wconf 89' lang='grc'>3.</span> <span class='ocrx_word' id='word_1_60' title='bbox 1117 1345 1242 1406; x_wconf 80' lang='lat'>112</span> <span class='ocrx_word' id='word_1_61' title='bbox 1284 1341 1503 1405; x_wconf 75' lang='lat' dir='ltr'>Etiam</span> <span class='ocrx_word' id='word_1_62' title='bbox 1547 1341 1709 1406; x_wconf 81' lang='lat' dir='ltr'>illud</span> <span class='ocrx_word' id='word_1_63' title='bbox 1747 1342 1967 1425; x_wconf 80' lang='lat' dir='ltr'>(potest</span> <span class='ocrx_word' id='word_1_64' title='bbox 2008 1344 2168 1409; x_wconf 82' lang='lat' dir='ltr'>inter</span> <span class='ocrx_word' id='word_1_65' title='bbox 2207 1345 2364 1410; x_wconf 85' lang='lat' dir='ltr'>ridi-</span> 
     </span>
     <span class='ocr_line' id='line_1_12' title="bbox 355 1427 2446 1514; baseline 0 -17"><span class='ocrx_word' id='word_1_66' title='bbox 355 1433 494 1497; x_wconf 90' lang='lat' dir='ltr'>cula</span> <span class='ocrx_word' id='word_1_67' title='bbox 544 1430 919 1514; x_wconf 80' lang='lat' dir='ltr'>numerari),</span> <span class='ocrx_word' id='word_1_68' title='bbox 971 1431 1133 1511; x_wconf 79' lang='lat' dir='ltr'>quod</span> <span class='ocrx_word' id='word_1_69' title='bbox 1174 1427 1377 1495; x_wconf 84' lang='lat' dir='ltr'>Cicero</span> <span class='ocrx_word' id='word_1_70' title='bbox 1431 1429 1763 1495; x_wconf 79' lang='lat' dir='ltr'>Caerelliae</span> <span class='ocrx_word' id='word_1_71' title='bbox 1813 1432 2057 1513; x_wconf 69' lang='lat' dir='ltr'>scripsit</span> <span class='ocrx_word' id='word_1_72' title='bbox 2105 1434 2363 1499; x_wconf 79' lang='lat' dir='ltr'>reddens</span> <span class='ocrx_word' id='word_1_73' title='bbox 2392 1452 2446 1492; x_wconf 80' lang='grc' dir='ltr'>ιο</span> 
     </span>
     <span class='ocr_line' id='line_1_13' title="bbox 355 1516 2364 1604; baseline 0.001 -21"><span class='ocrx_word' id='word_1_74' title='bbox 355 1521 680 1604; x_wconf 78' lang='lat' dir='ltr'>rationem,</span> <span class='ocrx_word' id='word_1_75' title='bbox 742 1540 853 1583; x_wconf 86' lang='lat' dir='ltr'>cur</span> <span class='ocrx_word' id='word_1_76' title='bbox 911 1518 1027 1583; x_wconf 90' lang='lat' dir='ltr'>illa</span> <span class='ocrx_word' id='word_1_77' title='bbox 1080 1517 1143 1583; x_wconf 95' lang='lat' dir='ltr'>C.</span> <span class='ocrx_word' id='word_1_78' title='bbox 1198 1516 1481 1582; x_wconf 82' lang='lat' dir='ltr'>Caesaris</span> <span class='ocrx_word' id='word_1_79' title='bbox 1543 1524 1810 1600; x_wconf 87' lang='lat' dir='ltr'>tempora</span> <span class='ocrx_word' id='word_1_80' title='bbox 1874 1524 2001 1584; x_wconf 89' lang='lat' dir='ltr'>tam</span> <span class='ocrx_word' id='word_1_81' title='bbox 2051 1523 2364 1602; x_wconf 75' lang='lat' dir='ltr'>patienter</span> 
     </span>
     <span class='ocr_line' id='line_1_14' title="bbox 357 1603 2361 1674; baseline 0 -1"><span class='ocrx_word' id='word_1_82' title='bbox 357 1610 666 1673; x_wconf 81' lang='lat' dir='ltr'>toleraret:</span> <span class='ocrx_word' id='word_1_83' title='bbox 728 1606 907 1671; x_wconf 89' lang='lat' dir='ltr'>Haec</span> <span class='ocrx_word' id='word_1_84' title='bbox 963 1609 1076 1671; x_wconf 74' lang='lat' dir='ltr'>aut</span> <span class='ocrx_word' id='word_1_85' title='bbox 1120 1604 1338 1669; x_wconf 87' lang='lat' dir='ltr'>animo</span> <span class='ocrx_word' id='word_1_86' title='bbox 1383 1603 1650 1670; x_wconf 78' lang='lat' dir='ltr'>Catonis</span> <span class='ocrx_word' id='word_1_87' title='bbox 1703 1605 1967 1672; x_wconf 88' lang='lat' dir='ltr'>ferenda</span> <span class='ocrx_word' id='word_1_88' title='bbox 2029 1612 2180 1672; x_wconf 74' lang='lat' dir='ltr'>sunt</span> <span class='ocrx_word' id='word_1_89' title='bbox 2244 1613 2361 1674; x_wconf 78' lang='lat' dir='ltr'>aut</span> 
     </span>
     <span class='ocr_line' id='line_1_15' title="bbox 358 1692 2368 1779; baseline 0 -17"><span class='ocrx_word' id='word_1_90' title='bbox 358 1695 682 1762; x_wconf 85' lang='lat' dir='ltr'>Ciceronis</span> <span class='ocrx_word' id='word_1_91' title='bbox 718 1694 1079 1777; x_wconf 77' lang='lat' dir='ltr'>stomach03</span> <span class='ocrx_word' id='word_1_92' title='bbox 1124 1692 1510 1759; x_wconf 70' lang='lat' dir='ltr'>‘stomachus&#39;</span> <span class='ocrx_word' id='word_1_93' title='bbox 1555 1696 1718 1759; x_wconf 82' lang='lat' dir='ltr'>enim</span> <span class='ocrx_word' id='word_1_94' title='bbox 1759 1696 1865 1761; x_wconf 91' lang='lat' dir='ltr'>ille</span> <span class='ocrx_word' id='word_1_95' title='bbox 1906 1696 2082 1761; x_wconf 85' lang='lat' dir='ltr'>habet</span> <span class='ocrx_word' id='word_1_96' title='bbox 2121 1698 2368 1779; x_wconf 81' lang='lat' dir='ltr'>aliquid</span> 
     </span>
     <span class='ocr_line' id='line_1_16' title="bbox 355 1784 740 1850; baseline -0.008 0"><span class='ocrx_word' id='word_1_97' title='bbox 355 1787 483 1850; x_wconf 89' lang='lat' dir='ltr'>ioco</span> <span class='ocrx_word' id='word_1_98' title='bbox 527 1784 740 1849; x_wconf 88' lang='lat' dir='ltr'>simile.</span> 
     </span>
    </p>

    <p class='ocr_par' dir='ltr' id='par_1_7' title="bbox 356 1870 2577 2202">
     <span class='ocr_line' id='line_1_17' title="bbox 488 1870 2577 1955; baseline 0.001 -20"><span class='ocrx_word' id='word_1_99' title='bbox 488 1873 547 1935; x_wconf 84' lang='lat'>2.</span> <span class='ocrx_word' id='word_1_100' title='bbox 591 1871 906 1935; x_wconf 80' lang='lat' dir='ltr'>Ausonius</span> <span class='ocrx_word' id='word_1_101' title='bbox 956 1871 1027 1934; x_wconf 81' lang='lat' dir='ltr'>in</span> <span class='ocrx_word' id='word_1_102' title='bbox 1070 1870 1337 1934; x_wconf 75' lang='lat' dir='ltr'>centonis</span> <span class='ocrx_word' id='word_1_103' title='bbox 1377 1871 1679 1951; x_wconf 77' lang='lat' dir='ltr'>nuptialis</span> <span class='ocrx_word' id='word_1_104' title='bbox 1721 1872 1966 1955; x_wconf 72' lang='lat' dir='ltr'>epiloya</span> <span class='ocrx_word' id='word_1_105' title='bbox 2055 1873 2359 1938; x_wconf 82' lang='lat' dir='ltr'>Memiue-</span> <span class='ocrx_word' id='word_1_106' title='bbox 2390 1890 2444 1930; x_wconf 77' lang='lat'>1⁵</span> <span class='ocrx_word' id='word_1_107' title='bbox 2576 1949 2577 1952; x_wconf 8' lang='grc' dir='ltr'><strong>Ἴ</strong></span> 
     </span>
     <span class='ocr_line' id='line_1_18' title="bbox 356 1959 2577 2046; baseline 0.002 -22"><span class='ocrx_word' id='word_1_108' title='bbox 356 1963 488 2025; x_wconf 78' lang='lat' dir='ltr'>rint</span> <span class='ocrx_word' id='word_1_109' title='bbox 529 1996 613 2006; x_wconf 90' lang='lat'><strong>—</strong></span> <span class='ocrx_word' id='word_1_110' title='bbox 658 1960 882 2024; x_wconf 71' lang='lat' dir='ltr'>eruditi</span> <span class='ocrx_word' id='word_1_111' title='bbox 930 1994 1005 2006; x_wconf 93' lang='lat'>-·</span> <span class='ocrx_word' id='word_1_112' title='bbox 1055 1960 1125 2023; x_wconf 80' lang='lat' dir='ltr'>in</span> <span class='ocrx_word' id='word_1_113' title='bbox 1158 1961 1498 2041; x_wconf 70' lang='lat' dir='ltr'>praeceptis</span> <span class='ocrx_word' id='word_1_114' title='bbox 1541 1961 1820 2026; x_wconf 82' lang='lat' dir='ltr'>omnibus</span> <span class='ocrx_word' id='word_1_115' title='bbox 1853 1959 2221 2046; x_wconf 79' lang='lat' dir='ltr'>(Ciceronis)</span> <span class='ocrx_word' id='word_1_116' title='bbox 2255 1983 2358 2028; x_wconf 73' lang='lat' dir='ltr'>ex-</span> <span class='ocrx_word' id='word_1_117' title='bbox 2576 1968 2577 1993; x_wconf 71' lang='lat'><em>²</em></span> 
     </span>
     <span class='ocr_line' id='line_1_19' title="bbox 357 2045 2357 2133; baseline 0.003 -21"><span class='ocrx_word' id='word_1_118' title='bbox 357 2055 486 2113; x_wconf 83' lang='lat' dir='ltr'>tare</span> <span class='ocrx_word' id='word_1_119' title='bbox 526 2049 913 2126; x_wconf 87' lang='lat' dir='ltr'>severitatem,</span> <span class='ocrx_word' id='word_1_120' title='bbox 955 2049 1028 2112; x_wconf 78' lang='lat' dir='ltr'>in</span> <span class='ocrx_word' id='word_1_121' title='bbox 1069 2048 1346 2130; x_wconf 78' lang='lat' dir='ltr'>epistulis</span> <span class='ocrx_word' id='word_1_122' title='bbox 1388 2049 1475 2113; x_wconf 83' lang='lat' dir='ltr'>ad</span> <span class='ocrx_word' id='word_1_123' title='bbox 1516 2045 1879 2114; x_wconf 81' lang='lat' dir='ltr'>Caerelliam</span> <span class='ocrx_word' id='word_1_124' title='bbox 1920 2050 2152 2116; x_wconf 83' lang='lat' dir='ltr'>subesse</span> <span class='ocrx_word' id='word_1_125' title='bbox 2183 2056 2357 2133; x_wconf 85' lang='lat' dir='ltr'>petu-</span> 
     </span>
     <span class='ocr_line' id='line_1_20' title="bbox 357 2138 635 2202; baseline -0.004 0"><span class='ocrx_word' id='word_1_126' title='bbox 357 2138 635 2202; x_wconf 69' lang='lat' dir='ltr'>lantiam.</span> 
     </span>
    </p>
   </div>
   <div class='ocr_carea' id='block_1_7' title="bbox 1149 2225 1564 2232">
    <p class='ocr_par' dir='ltr' id='par_1_8' title="bbox 1149 2225 1564 2232">
     <span class='ocr_line' id='line_1_21' title="bbox 1149 2225 1564 2232; baseline 0 1681"><span class='ocrx_word' id='word_1_127' title='bbox 1149 2225 1564 2232; x_wconf 95' lang='lat' dir='ltr'> </span> 
     </span>
    </p>
   </div>
   <div class='ocr_carea' id='block_1_8' title="bbox 928 2350 1767 2411">
    <p class='ocr_par' dir='ltr' id='par_1_9' title="bbox 928 2350 1767 2411">
     <span class='ocr_line' id='line_1_22' title="bbox 928 2350 1767 2411; baseline 0.001 -1"><span class='ocrx_word' id='word_1_128' title='bbox 928 2351 1087 2410; x_wconf 89' lang='lat' dir='ltr'>XIV.</span> <span class='ocrx_word' id='word_1_129' title='bbox 1148 2351 1261 2409; x_wconf 88' lang='lat' dir='ltr'>AD</span> <span class='ocrx_word' id='word_1_130' title='bbox 1311 2350 1767 2411; x_wconf 85' lang='lat' dir='ltr'>HOSTILIUM.</span> 
     </span>
    </p>
   </div>
   <div class='ocr_carea' id='block_1_9' title="bbox 352 2484 2445 2834">
    <p class='ocr_par' dir='ltr' id='par_1_10' title="bbox 352 2484 2445 2834">
     <span class='ocr_line' id='line_1_23' title="bbox 471 2484 2445 2602; baseline -0.003 -50"><span class='ocrx_word' id='word_1_131' title='bbox 471 2484 725 2602; x_wconf 32' lang='lat' dir='ltr'>‘Clitaris</span> <span class='ocrx_word' id='word_1_132' title='bbox 749 2487 821 2589; x_wconf 35' lang='lat' dir='ltr'>‚I</span> <span class='ocrx_word' id='word_1_133' title='bbox 844 2508 938 2602; x_wconf 58' lang='lat' dir='ltr'>p,</span> <span class='ocrx_word' id='word_1_134' title='bbox 955 2492 1093 2552; x_wconf 89' lang='lat'>110.</span> <span class='ocrx_word' id='word_1_135' title='bbox 1137 2492 1183 2602; x_wconf 56' lang='grc' dir='ltr'>1ξ</span> <span class='ocrx_word' id='word_1_136' title='bbox 1220 2486 1384 2587; x_wconf 83' lang='lat' dir='ltr'>Keil.</span> <span class='ocrx_word' id='word_1_137' title='bbox 1467 2485 1810 2602; x_wconf 44' lang='lat' dir='ltr'>&#39;‘Requies&#39;·</span> <span class='ocrx_word' id='word_1_138' title='bbox 1841 2487 2198 2591; x_wconf 43' lang='lat' dir='ltr'>accusativo·</span> <span class='ocrx_word' id='word_1_139' title='bbox 2231 2509 2360 2590; x_wconf 67' lang='lat' dir='ltr'>nou</span> <span class='ocrx_word' id='word_1_140' title='bbox 2389 2508 2445 2547; x_wconf 78' lang='lat'>20</span> 
     </span>
     <span class='ocr_line' id='line_1_24' title="bbox 352 2573 2363 2748; baseline 0.001 -20"><span class='ocrx_word' id='word_1_141' title='bbox 352 2576 1460 2748; x_wconf 46' lang='grc' dir='ltr'>ζῖῗξῑθιέῗῖῗωῄοέῗῂαῶῗῳῗὸῗ</span> <span class='ocrx_word' id='word_1_142' title='bbox 1493 2573 2086 2745; x_wconf 53' lang='grc' dir='ltr'>’σῖἶῖῗηῗερᾝ</span> <span class='ocrx_word' id='word_1_143' title='bbox 2128 2577 2363 2732; x_wconf 49' lang='grc' dir='ltr'>ἕῗωδῗξ</span> 
     </span>
     <span class='ocr_line' id='line_1_25' title="bbox 354 2749 1908 2834; baseline -0.001 -16"><span class='ocrx_word' id='word_1_144' title='bbox 354 2754 426 2818; x_wconf 82' lang='lat' dir='ltr'>de</span> <span class='ocrx_word' id='word_1_145' title='bbox 467 2753 576 2833; x_wconf 74' lang='lat' dir='ltr'>fin.</span> <span class='ocrx_word' id='word_1_146' title='bbox 632 2751 696 2817; x_wconf 83' lang='lat' dir='ltr'><strong><em>V</em></strong></span> <span class='ocrx_word' id='word_1_147' title='bbox 726 2756 827 2816; x_wconf 87' lang='lat'>19.</span> <span class='ocrx_word' id='word_1_148' title='bbox 872 2754 975 2834; x_wconf 76' lang='lat'>54,</span> <span class='ocrx_word' id='word_1_149' title='bbox 1021 2751 1123 2832; x_wconf 76' lang='lat' dir='ltr'>ley.</span> <span class='ocrx_word' id='word_1_150' title='bbox 1168 2749 1262 2814; x_wconf 93' lang='lat' dir='ltr'>II</span> <span class='ocrx_word' id='word_1_151' title='bbox 1294 2756 1353 2816; x_wconf 90' lang='lat'>1.</span> <span class='ocrx_word' id='word_1_152' title='bbox 1395 2755 1459 2833; x_wconf 82' lang='lat'>2,</span> <span class='ocrx_word' id='word_1_153' title='bbox 1503 2750 1595 2813; x_wconf 91' lang='lat' dir='ltr'>II</span> <span class='ocrx_word' id='word_1_154' title='bbox 1631 2755 1732 2817; x_wconf 80' lang='lat'>12.</span> <span class='ocrx_word' id='word_1_155' title='bbox 1774 2755 1908 2830; x_wconf 83' lang='lat'>29.)</span> 
     </span>
    </p>
   </div>
   <div class='ocr_carea' id='block_1_10' title="bbox 1144 2929 1564 2936">
    <p class='ocr_par' dir='ltr' id='par_1_11' title="bbox 1144 2929 1564 2936">
     <span class='ocr_line' id='line_1_26' title="bbox 1144 2929 1564 2936; baseline 0 0"><span class='ocrx_word' id='word_1_156' title='bbox 1144 2929 1564 2936; x_wconf 95' lang='lat' dir='ltr'> </span> 
     </span>
    </p>
   </div>
   <div class='ocr_carea' id='block_1_11' title="bbox 872 3053 1826 3114">
    <p class='ocr_par' dir='ltr' id='par_1_12' title="bbox 872 3053 1826 3114">
     <span class='ocr_line' id='line_1_27' title="bbox 872 3053 1826 3114; baseline 0.001 -1"><span class='ocrx_word' id='word_1_157' title='bbox 872 3053 1001 3113; x_wconf 90' lang='lat' dir='ltr'>XV.</span> <span class='ocrx_word' id='word_1_158' title='bbox 1066 3055 1175 3114; x_wconf 86' lang='lat' dir='ltr'>AD</span> <span class='ocrx_word' id='word_1_159' title='bbox 1224 3053 1344 3112; x_wconf 83' lang='lat' dir='ltr'>CN.</span> <span class='ocrx_word' id='word_1_160' title='bbox 1391 3053 1826 3114; x_wconf 87' lang='lat' dir='ltr'>POMPEIUM.</span> 
     </span>
    </p>
   </div>
   <div class='ocr_carea' id='block_1_12' title="bbox 355 3189 2454 3629">
    <p class='ocr_par' dir='ltr' id='par_1_13' title="bbox 355 3189 2454 3629">
     <span class='ocr_line' id='line_1_28' title="bbox 487 3189 2454 3274; baseline -0.002 -19"><span class='ocrx_word' id='word_1_161' title='bbox 487 3189 609 3255; x_wconf 85' lang='lat' dir='ltr'>Cic.</span> <span class='ocrx_word' id='word_1_162' title='bbox 641 3210 765 3272; x_wconf 86' lang='lat' dir='ltr'>pro</span> <span class='ocrx_word' id='word_1_163' title='bbox 798 3189 981 3256; x_wconf 82' lang='lat' dir='ltr'>Sulla</span> <span class='ocrx_word' id='word_1_164' title='bbox 1013 3194 1121 3255; x_wconf 82' lang='lat'>24.</span> <span class='ocrx_word' id='word_1_165' title='bbox 1167 3196 1253 3255; x_wconf 86' lang='lat'>67</span> <span class='ocrx_word' id='word_1_166' title='bbox 1295 3189 1426 3255; x_wconf 89' lang='lat' dir='ltr'>Hic</span> <span class='ocrx_word' id='word_1_167' title='bbox 1469 3196 1537 3255; x_wconf 92' lang='lat' dir='ltr'>tu</span> <span class='ocrx_word' id='word_1_168' title='bbox 1580 3192 1901 3272; x_wconf 73' lang='lat' dir='ltr'>epistulam</span> <span class='ocrx_word' id='word_1_169' title='bbox 1943 3211 2141 3257; x_wconf 86' lang='lat' dir='ltr'>meam</span> <span class='ocrx_word' id='word_1_170' title='bbox 2184 3212 2362 3274; x_wconf 88' lang='lat' dir='ltr'>saepe</span> <span class='ocrx_word' id='word_1_171' title='bbox 2396 3213 2454 3252; x_wconf 78' lang='lat'>25</span> 
     </span>
     <span class='ocr_line' id='line_1_29' title="bbox 355 3277 2366 3363; baseline 0.002 -21"><span class='ocrx_word' id='word_1_172' title='bbox 355 3281 587 3355; x_wconf 80' lang='lat' dir='ltr'>recitas,</span> <span class='ocrx_word' id='word_1_173' title='bbox 630 3298 819 3360; x_wconf 79' lang='lat' dir='ltr'>quam</span> <span class='ocrx_word' id='word_1_174' title='bbox 862 3298 964 3360; x_wconf 72' lang='lat' dir='ltr'>eqo</span> <span class='ocrx_word' id='word_1_175' title='bbox 1007 3279 1094 3343; x_wconf 85' lang='lat' dir='ltr'>ad</span> <span class='ocrx_word' id='word_1_176' title='bbox 1125 3277 1234 3343; x_wconf 78' lang='lat' dir='ltr'>Cn.</span> <span class='ocrx_word' id='word_1_177' title='bbox 1271 3277 1632 3360; x_wconf 88' lang='lat' dir='ltr'>Pompeium</span> <span class='ocrx_word' id='word_1_178' title='bbox 1666 3280 1738 3344; x_wconf 84' lang='lat' dir='ltr'>de</span> <span class='ocrx_word' id='word_1_179' title='bbox 1771 3281 1921 3345; x_wconf 85' lang='lat' dir='ltr'>meis</span> <span class='ocrx_word' id='word_1_180' title='bbox 1963 3280 2138 3345; x_wconf 82' lang='lat' dir='ltr'>rebus</span> <span class='ocrx_word' id='word_1_181' title='bbox 2173 3281 2366 3363; x_wconf 67' lang='lat' dir='ltr'>,qestis</span> 
     </span>
     <span class='ocr_line' id='line_1_30' title="bbox 355 3366 2372 3451; baseline 0.002 -22"><span class='ocrx_word' id='word_1_182' title='bbox 355 3371 413 3429; x_wconf 93' lang='lat' dir='ltr'>et</span> <span class='ocrx_word' id='word_1_183' title='bbox 453 3368 525 3430; x_wconf 86' lang='lat' dir='ltr'>de</span> <span class='ocrx_word' id='word_1_184' title='bbox 567 3386 810 3430; x_wconf 89' lang='lat' dir='ltr'>summa</span> <span class='ocrx_word' id='word_1_185' title='bbox 853 3386 921 3431; x_wconf 90' lang='lat' dir='ltr'>re</span> <span class='ocrx_word' id='word_1_186' title='bbox 951 3366 1205 3448; x_wconf 82' lang='lat' dir='ltr'>publica</span> <span class='ocrx_word' id='word_1_187' title='bbox 1255 3367 1426 3450; x_wconf 88' lang='lat' dir='ltr'>misi,</span> <span class='ocrx_word' id='word_1_188' title='bbox 1481 3372 1539 3432; x_wconf 89' lang='lat' dir='ltr'>et</span> <span class='ocrx_word' id='word_1_189' title='bbox 1589 3387 1664 3432; x_wconf 72' lang='lat' dir='ltr'>ex</span> <span class='ocrx_word' id='word_1_190' title='bbox 1713 3387 1786 3431; x_wconf 92' lang='lat' dir='ltr'>ea</span> <span class='ocrx_word' id='word_1_191' title='bbox 1838 3369 2068 3434; x_wconf 80' lang='lat' dir='ltr'>crimen</span> <span class='ocrx_word' id='word_1_192' title='bbox 2110 3369 2372 3451; x_wconf 75' lang='lat' dir='ltr'>aliquod</span> 
     </span>
     <span class='ocr_line' id='line_1_31' title="bbox 357 3452 2366 3536; baseline 0.004 -22"><span class='ocrx_word' id='word_1_193' title='bbox 357 3452 425 3514; x_wconf 80' lang='lat' dir='ltr'>iu</span> <span class='ocrx_word' id='word_1_194' title='bbox 460 3453 534 3515; x_wconf 89' lang='lat' dir='ltr'>P.</span> <span class='ocrx_word' id='word_1_195' title='bbox 572 3452 816 3517; x_wconf 83' lang='lat' dir='ltr'>Sullam</span> <span class='ocrx_word' id='word_1_196' title='bbox 851 3454 1097 3535; x_wconf 78' lang='lat' dir='ltr'>quaeris</span> <span class='ocrx_word' id='word_1_197' title='bbox 1140 3458 1211 3536; x_wconf 91' lang='lat' dir='ltr'>et,</span> <span class='ocrx_word' id='word_1_198' title='bbox 1254 3455 1313 3518; x_wconf 89' lang='lat' dir='ltr'>si</span> <span class='ocrx_word' id='word_1_199' title='bbox 1353 3455 1624 3535; x_wconf 78' lang='lat' dir='ltr'>furorem</span> <span class='ocrx_word' id='word_1_200' title='bbox 1669 3456 2078 3521; x_wconf 79' lang='lat' dir='ltr'>incredibilem</span> <span class='ocrx_word' id='word_1_201' title='bbox 2122 3457 2366 3522; x_wconf 81' lang='lat' dir='ltr'>biennio</span> 
     </span>
     <span class='ocr_line' id='line_1_32' title="bbox 358 3542 2370 3629; baseline 0.006 -30"><span class='ocrx_word' id='word_1_202' title='bbox 358 3542 498 3600; x_wconf 81' lang='lat' dir='ltr'>aute</span> <span class='ocrx_word' id='word_1_203' title='bbox 540 3545 879 3618; x_wconf 78' lang='lat' dir='ltr'>conceptum</span> <span class='ocrx_word' id='word_1_204' title='bbox 921 3542 1188 3621; x_wconf 88' lang='lat' dir='ltr'>erupisse</span> <span class='ocrx_word' id='word_1_205' title='bbox 1229 3542 1300 3605; x_wconf 80' lang='lat' dir='ltr'>iu</span> <span class='ocrx_word' id='word_1_206' title='bbox 1333 3562 1462 3606; x_wconf 89' lang='lat' dir='ltr'>meo</span> <span class='ocrx_word' id='word_1_207' title='bbox 1498 3543 1815 3608; x_wconf 75' lang='lat' dir='ltr'>consulatu</span> <span class='ocrx_word' id='word_1_208' title='bbox 1849 3544 2081 3629; x_wconf 69' lang='lat' dir='ltr'>scripsi,</span> <span class='ocrx_word' id='word_1_209' title='bbox 2126 3565 2221 3609; x_wconf 90' lang='lat' dir='ltr'>me</span> <span class='ocrx_word' id='word_1_210' title='bbox 2251 3545 2370 3612; x_wconf 77' lang='lat' dir='ltr'>hoc</span> 
     </span>
    </p>
   </div>
  </div>
 </body>
</html>
