<?xml version="1.0" encoding="UTF-8"?>
<!DOCTYPE html PUBLIC "-//W3C//DTD XHTML 1.0 Transitional//EN"
    "http://www.w3.org/TR/xhtml1/DTD/xhtml1-transitional.dtd">
<html xmlns="http://www.w3.org/1999/xhtml" xml:lang="en" lang="en">
 <head>
  <title>
</title>
<meta http-equiv="Content-Type" content="text/html;charset=utf-8" />
  <meta name='ocr-system' content='tesseract 3.04.00' />
  <meta name='ocr-capabilities' content='ocr_page ocr_carea ocr_par ocr_line ocrx_word'/>
</head>
<body>
  <div class='ocr_page' id='page_1' title='image "./scriptaquaemans01cicegoog_0394.png"; bbox 0 0 2630 3913; ppageno 0'>
   <div class='ocr_carea' id='block_1_1' title="bbox 330 209 1564 278">
    <p class='ocr_par' dir='ltr' id='par_1_1' title="bbox 330 209 1564 278">
     <span class='ocr_line' id='line_1_1' title="bbox 330 209 1564 278; baseline -0.012 -1"><span class='ocrx_word' id='word_1_1' title='bbox 330 215 468 278; x_wconf 79' lang='grc'>320</span> <span class='ocrx_word' id='word_1_2' title='bbox 1113 209 1564 264; x_wconf 76' lang='lat' dir='ltr'><strong>FRAGMENTA</strong></span> 
     </span>
    </p>
   </div>
   <div class='ocr_carea' id='block_1_2' title="bbox 331 371 2457 3359">
    <p class='ocr_par' dir='ltr' id='par_1_2' title="bbox 333 371 2363 631">
     <span class='ocr_line' id='line_1_2' title="bbox 473 371 2363 455; baseline -0.003 -15"><span class='ocrx_word' id='word_1_3' title='bbox 473 376 574 440; x_wconf 89' lang='grc'>60.</span> <span class='ocrx_word' id='word_1_4' title='bbox 622 374 783 440; x_wconf 79' lang='lat' dir='ltr'>Non.</span> <span class='ocrx_word' id='word_1_5' title='bbox 818 395 883 455; x_wconf 94' lang='grc' dir='ltr'><strong>Ρ.</strong></span> <span class='ocrx_word' id='word_1_6' title='bbox 929 378 1071 437; x_wconf 83' lang='grc'><strong>170.</strong></span> <span class='ocrx_word' id='word_1_7' title='bbox 1116 378 1204 436; x_wconf 90' lang='grc'>28</span> <span class='ocrx_word' id='word_1_8' title='bbox 1249 372 1341 436; x_wconf 95' lang='grc' dir='ltr'><strong>Μ</strong></span> <span class='ocrx_word' id='word_1_9' title='bbox 1395 371 1640 436; x_wconf 77' lang='lat' dir='ltr'>Tullius</span> <span class='ocrx_word' id='word_1_10' title='bbox 1684 373 1752 434; x_wconf 80' lang='lat' dir='ltr'>in</span> <span class='ocrx_word' id='word_1_11' title='bbox 1798 371 2160 436; x_wconf 78' lang='lat' dir='ltr'>Hortensio:</span> <span class='ocrx_word' id='word_1_12' title='bbox 2219 371 2363 435; x_wconf 83' lang='lat' dir='ltr'>lta-</span> 
     </span>
     <span class='ocr_line' id='line_1_3' title="bbox 333 458 2363 548; baseline -0.002 -21"><span class='ocrx_word' id='word_1_13' title='bbox 333 487 462 548; x_wconf 88' lang='lat' dir='ltr'>que</span> <span class='ocrx_word' id='word_1_14' title='bbox 518 464 640 527; x_wconf 88' lang='lat' dir='ltr'>tibi</span> <span class='ocrx_word' id='word_1_15' title='bbox 697 461 998 543; x_wconf 90' lang='lat' dir='ltr'>conced0,</span> <span class='ocrx_word' id='word_1_16' title='bbox 1064 461 1232 543; x_wconf 90' lang='lat' dir='ltr'>quod</span> <span class='ocrx_word' id='word_1_17' title='bbox 1295 461 1364 523; x_wconf 90' lang='lat' dir='ltr'>in</span> <span class='ocrx_word' id='word_1_18' title='bbox 1419 477 1519 523; x_wconf 78' lang='grc' dir='ltr'>ΧΠ</span> <span class='ocrx_word' id='word_1_19' title='bbox 1586 458 1846 543; x_wconf 87' lang='lat' dir='ltr'>scriptis</span> <span class='ocrx_word' id='word_1_20' title='bbox 1904 459 2212 543; x_wconf 76' lang='lat' dir='ltr'>solemuS,</span> <span class='ocrx_word' id='word_1_21' title='bbox 2277 464 2363 522; x_wconf 87' lang='lat' dir='ltr'>ut</span> 
     </span>
     <span class='ocr_line' id='line_1_4' title="bbox 334 547 2065 631; baseline -0.004 -14"><span class='ocrx_word' id='word_1_22' title='bbox 334 552 656 617; x_wconf 87' lang='lat' dir='ltr'>calculum</span> <span class='ocrx_word' id='word_1_23' title='bbox 704 551 996 630; x_wconf 82' lang='lat' dir='ltr'>reducaS,</span> <span class='ocrx_word' id='word_1_24' title='bbox 1045 549 1100 611; x_wconf 92' lang='lat' dir='ltr'>si</span> <span class='ocrx_word' id='word_1_25' title='bbox 1146 552 1211 611; x_wconf 91' lang='lat' dir='ltr'>te</span> <span class='ocrx_word' id='word_1_26' title='bbox 1259 548 1530 612; x_wconf 88' lang='lat' dir='ltr'>alicuius</span> <span class='ocrx_word' id='word_1_27' title='bbox 1578 547 1713 611; x_wconf 91' lang='lat' dir='ltr'>dati</span> <span class='ocrx_word' id='word_1_28' title='bbox 1762 548 2065 631; x_wconf 89' lang='lat' dir='ltr'>paenitet.</span> 
     </span>
    </p>

    <p class='ocr_par' dir='ltr' id='par_1_3' title="bbox 333 633 2454 894">
     <span class='ocr_line' id='line_1_5' title="bbox 473 633 2362 719; baseline -0.003 -15"><span class='ocrx_word' id='word_1_29' title='bbox 473 641 575 704; x_wconf 87' lang='lat'>61</span> <span class='ocrx_word' id='word_1_30' title='bbox 615 640 774 704; x_wconf 81' lang='lat' dir='ltr'>Non.</span> <span class='ocrx_word' id='word_1_31' title='bbox 811 659 878 719; x_wconf 99' lang='grc' dir='ltr'><strong>Ρ.</strong></span> <span class='ocrx_word' id='word_1_32' title='bbox 915 642 1051 701; x_wconf 87' lang='grc'>118.</span> <span class='ocrx_word' id='word_1_33' title='bbox 1088 640 1177 701; x_wconf 81' lang='grc'>24</span> <span class='ocrx_word' id='word_1_34' title='bbox 1213 637 1309 700; x_wconf 98' lang='grc' dir='ltr'><strong>Μ</strong></span> <span class='ocrx_word' id='word_1_35' title='bbox 1342 636 1586 700; x_wconf 73' lang='lat' dir='ltr'>Tullius</span> <span class='ocrx_word' id='word_1_36' title='bbox 1620 638 1688 699; x_wconf 83' lang='lat' dir='ltr'>in</span> <span class='ocrx_word' id='word_1_37' title='bbox 1722 635 2089 700; x_wconf 72' lang='lat' dir='ltr'>Hortensio.-</span> <span class='ocrx_word' id='word_1_38' title='bbox 2135 633 2362 709; x_wconf 83' lang='lat' dir='ltr'>Quare</span> 
     </span>
     <span class='ocr_line' id='line_1_6' title="bbox 333 723 2454 813; baseline -0.005 -21"><span class='ocrx_word' id='word_1_39' title='bbox 333 727 715 813; x_wconf 78' lang='lat' dir='ltr'>adgredere,</span> <span class='ocrx_word' id='word_1_40' title='bbox 764 747 1030 809; x_wconf 82' lang='lat' dir='ltr'>quaese,</span> <span class='ocrx_word' id='word_1_41' title='bbox 1077 729 1142 788; x_wconf 90' lang='lat' dir='ltr'>et</span> <span class='ocrx_word' id='word_1_42' title='bbox 1189 724 1556 810; x_wconf 87' lang='lat' dir='ltr'>gratificare</span> <span class='ocrx_word' id='word_1_43' title='bbox 1601 723 1694 787; x_wconf 89' lang='lat' dir='ltr'>rei</span> <span class='ocrx_word' id='word_1_44' title='bbox 1741 723 2057 807; x_wconf 88' lang='lat' dir='ltr'>publicae.</span> <span class='ocrx_word' id='word_1_45' title='bbox 2425 744 2454 782; x_wconf 89' lang='lat'>5</span> 
     </span>
     <span class='ocr_line' id='line_1_7' title="bbox 474 812 2362 894; baseline -0.002 -16"><span class='ocrx_word' id='word_1_46' title='bbox 474 816 575 878; x_wconf 81' lang='grc'>62</span> <span class='ocrx_word' id='word_1_47' title='bbox 624 816 788 878; x_wconf 81' lang='lat' dir='ltr'>Non.</span> <span class='ocrx_word' id='word_1_48' title='bbox 822 835 886 894; x_wconf 93' lang='grc' dir='ltr'>Ρ.</span> <span class='ocrx_word' id='word_1_49' title='bbox 933 818 1077 878; x_wconf 85' lang='lat'>407</span> <span class='ocrx_word' id='word_1_50' title='bbox 1122 818 1166 876; x_wconf 84' lang='lat'><em>3</em></span> <span class='ocrx_word' id='word_1_51' title='bbox 1210 813 1305 876; x_wconf 97' lang='grc' dir='ltr'><strong>Μ</strong></span> <span class='ocrx_word' id='word_1_52' title='bbox 1357 812 1601 877; x_wconf 77' lang='lat' dir='ltr'>Tullius</span> <span class='ocrx_word' id='word_1_53' title='bbox 1644 814 1715 875; x_wconf 77' lang='lat' dir='ltr'>in</span> <span class='ocrx_word' id='word_1_54' title='bbox 1759 812 2125 876; x_wconf 81' lang='lat' dir='ltr'>Hortensio:</span> <span class='ocrx_word' id='word_1_55' title='bbox 2185 812 2362 875; x_wconf 86' lang='lat' dir='ltr'>nihil</span> 
     </span>
    </p>

    <p class='ocr_par' dir='ltr' id='par_1_4' title="bbox 333 900 2136 985">
     <span class='ocr_line' id='line_1_8' title="bbox 333 900 2136 985; baseline -0.002 -18"><span class='ocrx_word' id='word_1_56' title='bbox 333 909 558 967; x_wconf 87' lang='lat' dir='ltr'>tamen</span> <span class='ocrx_word' id='word_1_57' title='bbox 606 924 773 984; x_wconf 91' lang='lat' dir='ltr'>esse,</span> <span class='ocrx_word' id='word_1_58' title='bbox 818 903 883 964; x_wconf 91' lang='lat' dir='ltr'>in</span> <span class='ocrx_word' id='word_1_59' title='bbox 933 922 1059 985; x_wconf 90' lang='lat' dir='ltr'>quo</span> <span class='ocrx_word' id='word_1_60' title='bbox 1108 922 1176 965; x_wconf 91' lang='lat' dir='ltr'>se</span> <span class='ocrx_word' id='word_1_61' title='bbox 1223 901 1475 964; x_wconf 92' lang='lat' dir='ltr'>animus</span> <span class='ocrx_word' id='word_1_62' title='bbox 1523 900 1840 963; x_wconf 85' lang='lat' dir='ltr'>excellens</span> <span class='ocrx_word' id='word_1_63' title='bbox 1888 901 2136 964; x_wconf 89' lang='lat' dir='ltr'>tollere.</span> 
     </span>
    </p>

    <p class='ocr_par' dir='ltr' id='par_1_5' title="bbox 331 987 2457 1232">
     <span class='ocr_line' id='line_1_9' title="bbox 474 987 2363 1072; baseline -0.002 -18"><span class='ocrx_word' id='word_1_64' title='bbox 474 991 575 1055; x_wconf 87' lang='lat'>63.</span> <span class='ocrx_word' id='word_1_65' title='bbox 623 991 788 1055; x_wconf 84' lang='grc' dir='ltr'><strong>Νοη.</strong></span> <span class='ocrx_word' id='word_1_66' title='bbox 821 1011 886 1071; x_wconf 92' lang='grc' dir='ltr'><strong>Ρ.</strong></span> <span class='ocrx_word' id='word_1_67' title='bbox 924 993 1067 1053; x_wconf 87' lang='grc'><strong>253.</strong></span> <span class='ocrx_word' id='word_1_68' title='bbox 1105 993 1194 1053; x_wconf 81' lang='grc'>24</span> <span class='ocrx_word' id='word_1_69' title='bbox 1232 989 1326 1053; x_wconf 92' lang='lat' dir='ltr'><em>M</em></span> <span class='ocrx_word' id='word_1_70' title='bbox 1370 989 1613 1053; x_wconf 77' lang='lat' dir='ltr'>Tullius</span> <span class='ocrx_word' id='word_1_71' title='bbox 1655 990 1727 1052; x_wconf 77' lang='lat' dir='ltr'>in</span> <span class='ocrx_word' id='word_1_72' title='bbox 1772 988 2142 1053; x_wconf 78' lang='lat' dir='ltr'>Hortensio:</span> <span class='ocrx_word' id='word_1_73' title='bbox 2190 987 2363 1072; x_wconf 89' lang='lat' dir='ltr'>Cap-</span> 
     </span>
     <span class='ocr_line' id='line_1_10' title="bbox 340 1075 2363 1160; baseline -0.001 -17"><span class='ocrx_word' id='word_1_74' title='bbox 340 1084 480 1143; x_wconf 93' lang='lat' dir='ltr'>tum</span> <span class='ocrx_word' id='word_1_75' title='bbox 537 1100 638 1142; x_wconf 93' lang='lat' dir='ltr'>me</span> <span class='ocrx_word' id='word_1_76' title='bbox 692 1078 995 1160; x_wconf 85' lang='lat' dir='ltr'>fortasse,</span> <span class='ocrx_word' id='word_1_77' title='bbox 1049 1077 1287 1160; x_wconf 90' lang='lat' dir='ltr'>inquit,</span> <span class='ocrx_word' id='word_1_78' title='bbox 1341 1079 1532 1160; x_wconf 89' lang='lat' dir='ltr'>putas</span> <span class='ocrx_word' id='word_1_79' title='bbox 1590 1079 1656 1139; x_wconf 90' lang='lat' dir='ltr'>et</span> <span class='ocrx_word' id='word_1_80' title='bbox 1707 1075 1800 1158; x_wconf 90' lang='lat' dir='ltr'>id,</span> <span class='ocrx_word' id='word_1_81' title='bbox 1868 1076 2036 1160; x_wconf 91' lang='lat' dir='ltr'>quod</span> <span class='ocrx_word' id='word_1_82' title='bbox 2088 1077 2363 1160; x_wconf 88' lang='lat' dir='ltr'>nollem,</span> 
     </span>
     <span class='ocr_line' id='line_1_11' title="bbox 331 1168 2457 1232; baseline -0.005 -1"><span class='ocrx_word' id='word_1_83' title='bbox 331 1168 634 1232; x_wconf 76' lang='lat' dir='ltr'>confiteri</span> <span class='ocrx_word' id='word_1_84' title='bbox 681 1169 993 1231; x_wconf 88' lang='lat' dir='ltr'>coactum.</span> <span class='ocrx_word' id='word_1_85' title='bbox 2399 1185 2457 1222; x_wconf 83' lang='grc' dir='ltr'>ιο</span> 
     </span>
    </p>

    <p class='ocr_par' dir='ltr' id='par_1_6' title="bbox 331 1252 2365 1601">
     <span class='ocr_line' id='line_1_12' title="bbox 474 1252 2363 1336; baseline -0.002 -17"><span class='ocrx_word' id='word_1_86' title='bbox 474 1256 576 1319; x_wconf 88' lang='grc'>64.</span> <span class='ocrx_word' id='word_1_87' title='bbox 624 1255 786 1319; x_wconf 76' lang='lat' dir='ltr'>Non.</span> <span class='ocrx_word' id='word_1_88' title='bbox 822 1275 889 1335; x_wconf 97' lang='grc' dir='ltr'>Ρ.</span> <span class='ocrx_word' id='word_1_89' title='bbox 932 1259 1076 1319; x_wconf 86' lang='grc'><strong>399.</strong></span> <span class='ocrx_word' id='word_1_90' title='bbox 1121 1257 1210 1317; x_wconf 81' lang='grc'>24</span> <span class='ocrx_word' id='word_1_91' title='bbox 1255 1253 1352 1316; x_wconf 90' lang='grc' dir='ltr'>Μ.</span> <span class='ocrx_word' id='word_1_92' title='bbox 1402 1252 1645 1316; x_wconf 74' lang='lat' dir='ltr'>Tullius</span> <span class='ocrx_word' id='word_1_93' title='bbox 1689 1253 1758 1315; x_wconf 79' lang='lat' dir='ltr'>in</span> <span class='ocrx_word' id='word_1_94' title='bbox 1805 1252 2167 1316; x_wconf 80' lang='lat' dir='ltr'>Hortensio:</span> <span class='ocrx_word' id='word_1_95' title='bbox 2230 1253 2363 1336; x_wconf 90' lang='lat' dir='ltr'>An,</span> 
     </span>
     <span class='ocr_line' id='line_1_13' title="bbox 339 1340 2365 1426; baseline -0.001 -19"><span class='ocrx_word' id='word_1_96' title='bbox 339 1366 486 1407; x_wconf 89' lang='lat' dir='ltr'>cum</span> <span class='ocrx_word' id='word_1_97' title='bbox 532 1343 750 1406; x_wconf 84' lang='lat' dir='ltr'>videat</span> <span class='ocrx_word' id='word_1_98' title='bbox 795 1364 898 1405; x_wconf 91' lang='lat' dir='ltr'>me</span> <span class='ocrx_word' id='word_1_99' title='bbox 944 1345 1009 1405; x_wconf 91' lang='lat' dir='ltr'>et</span> <span class='ocrx_word' id='word_1_100' title='bbox 1047 1362 1223 1405; x_wconf 89' lang='lat' dir='ltr'>meos</span> <span class='ocrx_word' id='word_1_101' title='bbox 1261 1341 1548 1422; x_wconf 84' lang='lat' dir='ltr'>comites,</span> <span class='ocrx_word' id='word_1_102' title='bbox 1592 1340 2059 1418; x_wconf 84' lang='lat' dir='ltr'>fortitudinem,</span> <span class='ocrx_word' id='word_1_103' title='bbox 2106 1343 2365 1426; x_wconf 90' lang='lat' dir='ltr'>magni·</span> 
     </span>
     <span class='ocr_line' id='line_1_14' title="bbox 331 1428 2362 1514; baseline -0.001 -19"><span class='ocrx_word' id='word_1_104' title='bbox 331 1432 630 1495; x_wconf 69' lang='lat' dir='ltr'>¹tudinem</span> <span class='ocrx_word' id='word_1_105' title='bbox 678 1431 902 1513; x_wconf 89' lang='lat' dir='ltr'>animi,</span> <span class='ocrx_word' id='word_1_106' title='bbox 956 1429 1367 1513; x_wconf 91' lang='lat' dir='ltr'>patientiam,</span> <span class='ocrx_word' id='word_1_107' title='bbox 1420 1428 1884 1512; x_wconf 79' lang='lat' dir='ltr'>constantiam,</span> <span class='ocrx_word' id='word_1_108' title='bbox 1941 1429 2362 1514; x_wconf 86' lang='lat' dir='ltr'>gravitatem,</span> 
     </span>
     <span class='ocr_line' id='line_1_15' title="bbox 340 1518 1268 1601; baseline -0.003 -18"><span class='ocrx_word' id='word_1_109' title='bbox 340 1520 560 1601; x_wconf 89' lang='lat' dir='ltr'>fidem,</span> <span class='ocrx_word' id='word_1_110' title='bbox 603 1520 749 1601; x_wconf 90' lang='lat' dir='ltr'>ipsa</span> <span class='ocrx_word' id='word_1_111' title='bbox 796 1540 863 1582; x_wconf 91' lang='lat' dir='ltr'>se</span> <span class='ocrx_word' id='word_1_112' title='bbox 911 1518 1268 1581; x_wconf 78' lang='lat' dir='ltr'>subducat?</span> 
     </span>
    </p>

    <p class='ocr_par' dir='ltr' id='par_1_7' title="bbox 337 1602 2453 1866">
     <span class='ocr_line' id='line_1_16' title="bbox 475 1602 2453 1687; baseline -0.005 -15"><span class='ocrx_word' id='word_1_113' title='bbox 475 1608 578 1672; x_wconf 87' lang='lat'>65.</span> <span class='ocrx_word' id='word_1_114' title='bbox 615 1607 926 1671; x_wconf 74' lang='lat' dir='ltr'>Priscian.</span> <span class='ocrx_word' id='word_1_115' title='bbox 964 1605 1065 1669; x_wconf 86' lang='lat' dir='ltr'>VI</span> <span class='ocrx_word' id='word_1_116' title='bbox 1093 1608 1191 1668; x_wconf 88' lang='grc'><strong>12.</strong></span> <span class='ocrx_word' id='word_1_117' title='bbox 1230 1610 1311 1668; x_wconf 91' lang='grc'>66</span> <span class='ocrx_word' id='word_1_118' title='bbox 1349 1624 1413 1685; x_wconf 92' lang='grc' dir='ltr'>Ρ.</span> <span class='ocrx_word' id='word_1_119' title='bbox 1448 1608 1591 1669; x_wconf 89' lang='grc'><strong>250.</strong></span> <span class='ocrx_word' id='word_1_120' title='bbox 1626 1609 1714 1670; x_wconf 91' lang='grc'>12</span> <span class='ocrx_word' id='word_1_121' title='bbox 1748 1604 1836 1668; x_wconf 92' lang='grc' dir='ltr'><strong>Η.</strong></span> <span class='ocrx_word' id='word_1_122' title='bbox 1872 1605 2003 1669; x_wconf 77' lang='lat' dir='ltr'>Hic</span> <span class='ocrx_word' id='word_1_123' title='bbox 2038 1602 2362 1687; x_wconf 55' lang='lat' dir='ltr'>‘sanquis-2</span> <span class='ocrx_word' id='word_1_124' title='bbox 2396 1624 2453 1662; x_wconf 72' lang='grc' dir='ltr'>ιε»</span> 
     </span>
     <span class='ocr_line' id='line_1_17' title="bbox 339 1691 2360 1775; baseline -0 -17"><span class='ocrx_word' id='word_1_125' title='bbox 339 1697 527 1760; x_wconf 78' lang='lat' dir='ltr'>huius</span> <span class='ocrx_word' id='word_1_126' title='bbox 573 1691 975 1775; x_wconf 69' lang='lat' dir='ltr'>‘sanquinis&#39;,</span> <span class='ocrx_word' id='word_1_127' title='bbox 1011 1694 1195 1773; x_wconf 80' lang='lat' dir='ltr'>&#39;quod</span> <span class='ocrx_word' id='word_1_128' title='bbox 1244 1698 1463 1756; x_wconf 81' lang='lat' dir='ltr'>veteres</span> <span class='ocrx_word' id='word_1_129' title='bbox 1512 1693 1621 1756; x_wconf 81' lang='lat' dir='ltr'>hoc</span> <span class='ocrx_word' id='word_1_130' title='bbox 1665 1691 2000 1774; x_wconf 73' lang='lat' dir='ltr'>‘sanyuen’</span> <span class='ocrx_word' id='word_1_131' title='bbox 2048 1694 2360 1757; x_wconf 76' lang='lat' dir='ltr'>dixerunt.</span> 
     </span>
     <span class='ocr_line' id='line_1_18' title="bbox 337 1779 1652 1866; baseline -0.005 -18"><span class='ocrx_word' id='word_1_132' title='bbox 337 1784 548 1848; x_wconf 69' lang='lat' dir='ltr'>Occero</span> <span class='ocrx_word' id='word_1_133' title='bbox 593 1783 663 1845; x_wconf 77' lang='lat' dir='ltr'>in</span> <span class='ocrx_word' id='word_1_134' title='bbox 710 1782 1072 1845; x_wconf 78' lang='lat' dir='ltr'>Hortensio:</span> <span class='ocrx_word' id='word_1_135' title='bbox 1118 1784 1193 1843; x_wconf 90' lang='lat' dir='ltr'>ut</span> <span class='ocrx_word' id='word_1_136' title='bbox 1240 1781 1334 1866; x_wconf 87' lang='lat' dir='ltr'>ait</span> <span class='ocrx_word' id='word_1_137' title='bbox 1377 1779 1652 1844; x_wconf 88' lang='lat' dir='ltr'>Ennius:</span> 
     </span>
    </p>

    <p class='ocr_par' dir='ltr' id='par_1_8' title="bbox 430 1866 2219 1954">
     <span class='ocr_line' id='line_1_19' title="bbox 430 1866 2219 1954; baseline 0 -22"><span class='ocrx_word' id='word_1_138' title='bbox 430 1868 712 1954; x_wconf 77' lang='lat' dir='ltr'>refugiat</span> <span class='ocrx_word' id='word_1_139' title='bbox 758 1866 987 1932; x_wconf 79' lang='lat' dir='ltr'>timido</span> <span class='ocrx_word' id='word_1_140' title='bbox 1035 1889 1326 1952; x_wconf 83' lang='lat' dir='ltr'>sanguen</span> <span class='ocrx_word' id='word_1_141' title='bbox 1374 1870 1566 1951; x_wconf 78' lang='lat' dir='ltr'>atque</span> <span class='ocrx_word' id='word_1_142' title='bbox 1614 1869 1979 1933; x_wconf 72' lang='lat' dir='ltr'>exalbescat</span> <span class='ocrx_word' id='word_1_143' title='bbox 2026 1873 2219 1933; x_wconf 89' lang='lat' dir='ltr'>metu.</span> 
     </span>
    </p>

    <p class='ocr_par' dir='ltr' id='par_1_9' title="bbox 339 1958 2451 2217">
     <span class='ocr_line' id='line_1_20' title="bbox 476 1958 2361 2038; baseline 0.001 -16"><span class='ocrx_word' id='word_1_144' title='bbox 476 1959 579 2022; x_wconf 91' lang='grc'><strong>66.</strong></span> <span class='ocrx_word' id='word_1_145' title='bbox 635 1958 798 2022; x_wconf 81' lang='lat' dir='ltr'>Non.</span> <span class='ocrx_word' id='word_1_146' title='bbox 834 1979 900 2038; x_wconf 91' lang='grc' dir='ltr'>Ρ.</span> <span class='ocrx_word' id='word_1_147' title='bbox 944 1962 1089 2021; x_wconf 84' lang='lat'><em>371.</em></span> <span class='ocrx_word' id='word_1_148' title='bbox 1136 1962 1227 2022; x_wconf 89' lang='grc'>22</span> <span class='ocrx_word' id='word_1_149' title='bbox 1279 1958 1374 2022; x_wconf 90' lang='lat' dir='ltr'>M.</span> <span class='ocrx_word' id='word_1_150' title='bbox 1435 1958 1679 2023; x_wconf 80' lang='lat' dir='ltr'>Tullius</span> <span class='ocrx_word' id='word_1_151' title='bbox 1722 1994 1807 2004; x_wconf 88' lang='lat'>—</span> <span class='ocrx_word' id='word_1_152' title='bbox 1864 1960 1935 2022; x_wconf 82' lang='lat' dir='ltr'>in</span> <span class='ocrx_word' id='word_1_153' title='bbox 1987 1958 2361 2023; x_wconf 82' lang='lat' dir='ltr'>Hortensio:</span> 
     </span>
     <span class='ocr_line' id='line_1_21' title="bbox 343 2045 2451 2130; baseline -0.002 -20"><span class='ocrx_word' id='word_1_154' title='bbox 343 2045 570 2129; x_wconf 89' lang='lat' dir='ltr'>Itaque</span> <span class='ocrx_word' id='word_1_155' title='bbox 607 2066 722 2110; x_wconf 89' lang='lat' dir='ltr'>nec</span> <span class='ocrx_word' id='word_1_156' title='bbox 760 2045 823 2108; x_wconf 89' lang='lat' dir='ltr'>in</span> <span class='ocrx_word' id='word_1_157' title='bbox 864 2045 1278 2129; x_wconf 88' lang='lat' dir='ltr'>philosophia</span> <span class='ocrx_word' id='word_1_158' title='bbox 1315 2045 1610 2128; x_wconf 90' lang='lat' dir='ltr'>cuiquam</span> <span class='ocrx_word' id='word_1_159' title='bbox 1650 2047 1845 2110; x_wconf 89' lang='lat' dir='ltr'>cessit</span> <span class='ocrx_word' id='word_1_160' title='bbox 1888 2050 1952 2109; x_wconf 92' lang='lat' dir='ltr'>et</span> <span class='ocrx_word' id='word_1_161' title='bbox 1989 2046 2162 2110; x_wconf 86' lang='lat' dir='ltr'>vitae</span> <span class='ocrx_word' id='word_1_162' title='bbox 2210 2069 2361 2130; x_wconf 82' lang='lat' dir='ltr'>gra·</span> <span class='ocrx_word' id='word_1_163' title='bbox 2393 2066 2451 2105; x_wconf 82' lang='lat'>20</span> 
     </span>
     <span class='ocr_line' id='line_1_22' title="bbox 339 2135 940 2217; baseline -0.002 -20"><span class='ocrx_word' id='word_1_164' title='bbox 339 2136 546 2197; x_wconf 86' lang='lat' dir='ltr'>vitate</span> <span class='ocrx_word' id='word_1_165' title='bbox 592 2135 940 2217; x_wconf 87' lang='lat' dir='ltr'>praestitit.</span> 
     </span>
    </p>

    <p class='ocr_par' dir='ltr' id='par_1_10' title="bbox 338 2222 2362 2483">
     <span class='ocr_line' id='line_1_23' title="bbox 476 2222 2360 2304; baseline 0.001 -18"><span class='ocrx_word' id='word_1_166' title='bbox 476 2223 578 2286; x_wconf 83' lang='lat'>67.</span> <span class='ocrx_word' id='word_1_167' title='bbox 635 2222 799 2288; x_wconf 78' lang='lat' dir='ltr'>Non.</span> <span class='ocrx_word' id='word_1_168' title='bbox 849 2244 917 2304; x_wconf 93' lang='grc' dir='ltr'>Ρ.</span> <span class='ocrx_word' id='word_1_169' title='bbox 970 2227 1097 2287; x_wconf 87' lang='grc'>201</span> <span class='ocrx_word' id='word_1_170' title='bbox 1122 2242 1207 2303; x_wconf 81' lang='lat' dir='ltr'>sq.</span> <span class='ocrx_word' id='word_1_171' title='bbox 1261 2222 1357 2286; x_wconf 90' lang='lat' dir='ltr'><em>M</em></span> <span class='ocrx_word' id='word_1_172' title='bbox 1417 2222 1659 2285; x_wconf 77' lang='lat' dir='ltr'>Tullius</span> <span class='ocrx_word' id='word_1_173' title='bbox 1715 2259 1797 2268; x_wconf 92' lang='lat'>—-</span> <span class='ocrx_word' id='word_1_174' title='bbox 1864 2224 1931 2286; x_wconf 82' lang='lat' dir='ltr'>in</span> <span class='ocrx_word' id='word_1_175' title='bbox 1987 2224 2360 2288; x_wconf 77' lang='lat' dir='ltr'>Hortensio:</span> 
     </span>
     <span class='ocr_line' id='line_1_24' title="bbox 342 2309 2362 2395; baseline 0 -21"><span class='ocrx_word' id='word_1_176' title='bbox 342 2310 723 2395; x_wconf 84' lang='lat' dir='ltr'>magnitudo</span> <span class='ocrx_word' id='word_1_177' title='bbox 771 2311 986 2393; x_wconf 91' lang='lat' dir='ltr'>animi,</span> <span class='ocrx_word' id='word_1_178' title='bbox 1030 2310 1351 2395; x_wconf 90' lang='lat' dir='ltr'>patientia</span> <span class='ocrx_word' id='word_1_179' title='bbox 1395 2309 1710 2392; x_wconf 91' lang='lat' dir='ltr'>laborum,</span> <span class='ocrx_word' id='word_1_180' title='bbox 1758 2310 1987 2375; x_wconf 91' lang='lat' dir='ltr'>mortis</span> <span class='ocrx_word' id='word_1_181' title='bbox 2031 2312 2362 2376; x_wconf 87' lang='lat' dir='ltr'>dolorum·</span> 
     </span>
     <span class='ocr_line' id='line_1_25' title="bbox 338 2400 927 2483; baseline -0.003 -21"><span class='ocrx_word' id='word_1_182' title='bbox 338 2421 464 2482; x_wconf 90' lang='lat' dir='ltr'>que</span> <span class='ocrx_word' id='word_1_183' title='bbox 512 2400 927 2483; x_wconf 86' lang='lat' dir='ltr'>contemptio.</span> 
     </span>
    </p>

    <p class='ocr_par' dir='ltr' id='par_1_11' title="bbox 339 2485 2452 2725">
     <span class='ocr_line' id='line_1_26' title="bbox 475 2485 2452 2568; baseline -0.002 -17"><span class='ocrx_word' id='word_1_184' title='bbox 475 2488 577 2552; x_wconf 87' lang='lat'>68.</span> <span class='ocrx_word' id='word_1_185' title='bbox 626 2487 787 2552; x_wconf 81' lang='lat' dir='ltr'>Non.</span> <span class='ocrx_word' id='word_1_186' title='bbox 824 2509 889 2568; x_wconf 93' lang='grc' dir='ltr'><strong>Ρ.</strong></span> <span class='ocrx_word' id='word_1_187' title='bbox 933 2490 1081 2551; x_wconf 87' lang='grc'><strong>288.</strong></span> <span class='ocrx_word' id='word_1_188' title='bbox 1118 2491 1161 2549; x_wconf 94' lang='grc'><strong>8</strong></span> <span class='ocrx_word' id='word_1_189' title='bbox 1204 2485 1301 2550; x_wconf 89' lang='grc' dir='ltr'><strong>Μ</strong></span> <span class='ocrx_word' id='word_1_190' title='bbox 1343 2485 1586 2550; x_wconf 80' lang='lat' dir='ltr'>Tullius</span> <span class='ocrx_word' id='word_1_191' title='bbox 1635 2521 1710 2531; x_wconf 93' lang='lat'><strong>—</strong></span> <span class='ocrx_word' id='word_1_192' title='bbox 1763 2487 1832 2550; x_wconf 77' lang='lat' dir='ltr'>in</span> <span class='ocrx_word' id='word_1_193' title='bbox 1869 2486 2233 2551; x_wconf 78' lang='lat' dir='ltr'>Hortensio:</span> <span class='ocrx_word' id='word_1_194' title='bbox 2280 2495 2363 2552; x_wconf 86' lang='lat' dir='ltr'>ut</span> <span class='ocrx_word' id='word_1_195' title='bbox 2394 2508 2452 2547; x_wconf 77' lang='lat'>25</span> 
     </span>
     <span class='ocr_line' id='line_1_27' title="bbox 341 2573 2363 2656; baseline 0.002 -19"><span class='ocrx_word' id='word_1_196' title='bbox 341 2597 418 2638; x_wconf 88' lang='lat' dir='ltr'>ea</span> <span class='ocrx_word' id='word_1_197' title='bbox 465 2575 589 2638; x_wconf 90' lang='lat' dir='ltr'>sibi</span> <span class='ocrx_word' id='word_1_198' title='bbox 636 2575 805 2638; x_wconf 85' lang='lat' dir='ltr'>ratio</span> <span class='ocrx_word' id='word_1_199' title='bbox 852 2596 1004 2638; x_wconf 86' lang='lat' dir='ltr'>vera</span> <span class='ocrx_word' id='word_1_200' title='bbox 1055 2573 1389 2655; x_wconf 87' lang='lat' dir='ltr'>restituat,</span> <span class='ocrx_word' id='word_1_201' title='bbox 1446 2594 1608 2656; x_wconf 90' lang='lat' dir='ltr'>quae</span> <span class='ocrx_word' id='word_1_202' title='bbox 1650 2574 2059 2639; x_wconf 85' lang='lat' dir='ltr'>consuetudo</span> <span class='ocrx_word' id='word_1_203' title='bbox 2115 2575 2363 2641; x_wconf 84' lang='lat' dir='ltr'>vitiosa</span> 
     </span>
     <span class='ocr_line' id='line_1_28' title="bbox 339 2663 728 2725; baseline 0 -1"><span class='ocrx_word' id='word_1_204' title='bbox 339 2663 728 2725; x_wconf 87' lang='lat' dir='ltr'>detraxerat.</span> 
     </span>
    </p>

    <p class='ocr_par' dir='ltr' id='par_1_12' title="bbox 339 2748 2457 3009">
     <span class='ocr_line' id='line_1_29' title="bbox 476 2748 2363 2830; baseline 0.001 -17"><span class='ocrx_word' id='word_1_205' title='bbox 476 2750 576 2813; x_wconf 84' lang='lat'>69.</span> <span class='ocrx_word' id='word_1_206' title='bbox 625 2749 789 2813; x_wconf 79' lang='lat' dir='ltr'>Non.</span> <span class='ocrx_word' id='word_1_207' title='bbox 825 2770 892 2830; x_wconf 94' lang='grc' dir='ltr'>Ρ.</span> <span class='ocrx_word' id='word_1_208' title='bbox 936 2753 1086 2814; x_wconf 92' lang='grc'><strong>288.</strong></span> <span class='ocrx_word' id='word_1_209' title='bbox 1121 2752 1214 2813; x_wconf 95' lang='grc'>22</span> <span class='ocrx_word' id='word_1_210' title='bbox 1248 2748 1344 2812; x_wconf 90' lang='grc' dir='ltr'><strong>Μ</strong></span> <span class='ocrx_word' id='word_1_211' title='bbox 1387 2748 1630 2813; x_wconf 81' lang='lat' dir='ltr'>Tullius</span> <span class='ocrx_word' id='word_1_212' title='bbox 1673 2750 1743 2812; x_wconf 77' lang='lat' dir='ltr'>in</span> <span class='ocrx_word' id='word_1_213' title='bbox 1782 2750 2145 2816; x_wconf 79' lang='lat' dir='ltr'>Hortensio:</span> <span class='ocrx_word' id='word_1_214' title='bbox 2193 2749 2363 2817; x_wconf 87' lang='lat' dir='ltr'>Con-</span> 
     </span>
     <span class='ocr_line' id='line_1_30' title="bbox 339 2836 2364 2922; baseline 0.002 -22"><span class='ocrx_word' id='word_1_215' title='bbox 339 2836 663 2901; x_wconf 87' lang='lat' dir='ltr'>solabitur</span> <span class='ocrx_word' id='word_1_216' title='bbox 700 2858 843 2900; x_wconf 87' lang='lat' dir='ltr'>eam</span> <span class='ocrx_word' id='word_1_217' title='bbox 881 2836 1260 2921; x_wconf 83' lang='lat' dir='ltr'>magnitudo</span> <span class='ocrx_word' id='word_1_218' title='bbox 1299 2836 1497 2900; x_wconf 89' lang='lat' dir='ltr'>animi</span> <span class='ocrx_word' id='word_1_219' title='bbox 1538 2840 1603 2900; x_wconf 90' lang='lat' dir='ltr'>et</span> <span class='ocrx_word' id='word_1_220' title='bbox 1638 2837 2067 2902; x_wconf 87' lang='lat' dir='ltr'>humanarum</span> <span class='ocrx_word' id='word_1_221' title='bbox 2109 2840 2364 2922; x_wconf 90' lang='lat' dir='ltr'>opinio-</span> 
     </span>
     <span class='ocr_line' id='line_1_31' title="bbox 340 2925 2457 3009; baseline -0 -21"><span class='ocrx_word' id='word_1_222' title='bbox 340 2947 495 2989; x_wconf 92' lang='lat' dir='ltr'>num</span> <span class='ocrx_word' id='word_1_223' title='bbox 539 2925 679 2989; x_wconf 89' lang='lat' dir='ltr'>alta</span> <span class='ocrx_word' id='word_1_224' title='bbox 727 2926 1039 3008; x_wconf 91' lang='lat' dir='ltr'>quaedam</span> <span class='ocrx_word' id='word_1_225' title='bbox 1088 2925 1430 3009; x_wconf 79' lang='lat' dir='ltr'>despectio,</span> <span class='ocrx_word' id='word_1_226' title='bbox 2396 2948 2457 2988; x_wconf 74' lang='lat' dir='ltr'>so</span> 
     </span>
    </p>

    <p class='ocr_par' dir='ltr' id='par_1_13' title="bbox 338 3013 2364 3275">
     <span class='ocr_line' id='line_1_32' title="bbox 478 3013 2364 3095; baseline 0.002 -18"><span class='ocrx_word' id='word_1_227' title='bbox 478 3014 578 3077; x_wconf 84' lang='lat'>70.</span> <span class='ocrx_word' id='word_1_228' title='bbox 617 3014 779 3077; x_wconf 81' lang='lat' dir='ltr'>Non.</span> <span class='ocrx_word' id='word_1_229' title='bbox 805 3035 872 3095; x_wconf 97' lang='grc' dir='ltr'>Ρ.</span> <span class='ocrx_word' id='word_1_230' title='bbox 907 3018 1056 3079; x_wconf 85' lang='grc'><strong>289.</strong></span> <span class='ocrx_word' id='word_1_231' title='bbox 1093 3018 1173 3078; x_wconf 88' lang='grc'>19</span> <span class='ocrx_word' id='word_1_232' title='bbox 1210 3014 1304 3077; x_wconf 90' lang='grc' dir='ltr'><strong>Μ</strong></span> <span class='ocrx_word' id='word_1_233' title='bbox 1347 3013 1590 3078; x_wconf 80' lang='lat' dir='ltr'>Tullius</span> <span class='ocrx_word' id='word_1_234' title='bbox 1624 3015 1694 3076; x_wconf 76' lang='lat' dir='ltr'>in</span> <span class='ocrx_word' id='word_1_235' title='bbox 1728 3013 2094 3079; x_wconf 73' lang='lat' dir='ltr'>Hortensio.-</span> <span class='ocrx_word' id='word_1_236' title='bbox 2132 3014 2364 3081; x_wconf 89' lang='lat' dir='ltr'>Habet</span> 
     </span>
     <span class='ocr_line' id='line_1_33' title="bbox 338 3100 2363 3186; baseline 0.002 -22"><span class='ocrx_word' id='word_1_237' title='bbox 338 3100 511 3165; x_wconf 88' lang='lat' dir='ltr'>enim</span> <span class='ocrx_word' id='word_1_238' title='bbox 539 3101 686 3186; x_wconf 91' lang='lat' dir='ltr'>ipsa</span> <span class='ocrx_word' id='word_1_239' title='bbox 712 3100 1025 3166; x_wconf 89' lang='lat' dir='ltr'>incertam</span> <span class='ocrx_word' id='word_1_240' title='bbox 1065 3106 1131 3165; x_wconf 91' lang='lat' dir='ltr'>et</span> <span class='ocrx_word' id='word_1_241' title='bbox 1163 3101 1564 3165; x_wconf 90' lang='lat' dir='ltr'>indefinitam</span> <span class='ocrx_word' id='word_1_242' title='bbox 1602 3102 1775 3165; x_wconf 84' lang='lat' dir='ltr'>viam</span> <span class='ocrx_word' id='word_1_243' title='bbox 1813 3105 1878 3165; x_wconf 89' lang='lat' dir='ltr'>et</span> <span class='ocrx_word' id='word_1_244' title='bbox 1908 3124 1983 3166; x_wconf 88' lang='lat' dir='ltr'>ex</span> <span class='ocrx_word' id='word_1_245' title='bbox 2022 3125 2097 3167; x_wconf 91' lang='lat' dir='ltr'>ea</span> <span class='ocrx_word' id='word_1_246' title='bbox 2126 3104 2363 3170; x_wconf 86' lang='lat' dir='ltr'>multis</span> 
     </span>
     <span class='ocr_line' id='line_1_34' title="bbox 341 3189 1799 3275; baseline 0 -23"><span class='ocrx_word' id='word_1_247' title='bbox 341 3190 518 3262; x_wconf 82' lang='lat' dir='ltr'>vitiis</span> <span class='ocrx_word' id='word_1_248' title='bbox 568 3194 633 3253; x_wconf 90' lang='lat' dir='ltr'>et</span> <span class='ocrx_word' id='word_1_249' title='bbox 679 3190 1004 3254; x_wconf 86' lang='lat' dir='ltr'>erroribus</span> <span class='ocrx_word' id='word_1_250' title='bbox 1051 3190 1404 3275; x_wconf 86' lang='lat' dir='ltr'>depravata</span> <span class='ocrx_word' id='word_1_251' title='bbox 1450 3189 1799 3254; x_wconf 89' lang='lat' dir='ltr'>deducitur.</span> 
     </span>
    </p>

    <p class='ocr_par' dir='ltr' id='par_1_14' title="bbox 476 3277 2364 3359">
     <span class='ocr_line' id='line_1_35' title="bbox 476 3277 2364 3359; baseline 0.003 -19"><span class='ocrx_word' id='word_1_252' title='bbox 476 3278 577 3340; x_wconf 84' lang='lat'>71.</span> <span class='ocrx_word' id='word_1_253' title='bbox 652 3278 815 3342; x_wconf 82' lang='lat' dir='ltr'>Non.</span> <span class='ocrx_word' id='word_1_254' title='bbox 869 3299 934 3359; x_wconf 92' lang='grc' dir='ltr'><strong>Ρ.</strong></span> <span class='ocrx_word' id='word_1_255' title='bbox 999 3283 1141 3343; x_wconf 82' lang='grc'><strong>419.</strong></span> <span class='ocrx_word' id='word_1_256' title='bbox 1214 3283 1300 3342; x_wconf 87' lang='grc'>17</span> <span class='ocrx_word' id='word_1_257' title='bbox 1369 3277 1463 3342; x_wconf 89' lang='grc' dir='ltr'><strong>Μ</strong></span> <span class='ocrx_word' id='word_1_258' title='bbox 1540 3277 1782 3343; x_wconf 80' lang='lat' dir='ltr'>Tullius</span> <span class='ocrx_word' id='word_1_259' title='bbox 1854 3279 1923 3341; x_wconf 78' lang='lat' dir='ltr'>in</span> <span class='ocrx_word' id='word_1_260' title='bbox 1989 3280 2364 3345; x_wconf 77' lang='lat' dir='ltr'>Hortensio:</span> 
     </span>
    </p>
   </div>
   <div class='ocr_carea' id='block_1_3' title="bbox 340 3362 2457 3513">
    <p class='ocr_par' dir='ltr' id='par_1_15' title="bbox 340 3362 2457 3513">
     <span class='ocr_line' id='line_1_36' title="bbox 340 3362 2457 3511; baseline 0.003 -87"><span class='ocrx_word' id='word_1_261' title='bbox 340 3362 586 3511; x_wconf 61' lang='grc' dir='ltr'>Βθίἑιάε</span> <span class='ocrx_word' id='word_1_262' title='bbox 631 3364 944 3447; x_wconf 90' lang='lat' dir='ltr'>imitator,</span> <span class='ocrx_word' id='word_1_263' title='bbox 989 3370 1065 3429; x_wconf 90' lang='lat' dir='ltr'>ut</span> <span class='ocrx_word' id='word_1_264' title='bbox 1110 3365 1234 3429; x_wconf 90' lang='lat' dir='ltr'>sibi</span> <span class='ocrx_word' id='word_1_265' title='bbox 1282 3365 1538 3448; x_wconf 91' lang='lat' dir='ltr'>quidem</span> <span class='ocrx_word' id='word_1_266' title='bbox 1579 3365 1849 3448; x_wconf 88' lang='lat' dir='ltr'>videtur,</span> <span class='ocrx_word' id='word_1_267' title='bbox 1893 3370 2163 3431; x_wconf 87' lang='lat' dir='ltr'>naturae</span> <span class='ocrx_word' id='word_1_268' title='bbox 2209 3390 2364 3434; x_wconf 87' lang='lat' dir='ltr'>mos</span> <span class='ocrx_word' id='word_1_269' title='bbox 2398 3390 2457 3431; x_wconf 78' lang='lat'>35</span> 
     </span>
     <span class='ocr_line' id='line_1_37' title="bbox 345 3448 644 3513; baseline 0.023 -6"><span class='ocrx_word' id='word_1_270' title='bbox 345 3448 454 3510; x_wconf 82' lang='lat' dir='ltr'>vin</span> <span class='ocrx_word' id='word_1_271' title='bbox 500 3450 644 3513; x_wconf 85' lang='lat' dir='ltr'>icat.</span> 
     </span>
    </p>
   </div>
   <div class='ocr_carea' id='block_1_4' title="bbox 477 3536 2369 3621">
    <p class='ocr_par' dir='ltr' id='par_1_16' title="bbox 477 3536 2369 3621">
     <span class='ocr_line' id='line_1_38' title="bbox 477 3536 2369 3621; baseline 0.006 -25"><span class='ocrx_word' id='word_1_272' title='bbox 477 3536 575 3597; x_wconf 82' lang='lat'>72.</span> <span class='ocrx_word' id='word_1_273' title='bbox 624 3537 784 3600; x_wconf 79' lang='lat' dir='ltr'>Non.</span> <span class='ocrx_word' id='word_1_274' title='bbox 820 3560 887 3618; x_wconf 95' lang='grc' dir='ltr'>Ρ.</span> <span class='ocrx_word' id='word_1_275' title='bbox 933 3546 1058 3603; x_wconf 86' lang='grc'>300</span> <span class='ocrx_word' id='word_1_276' title='bbox 1074 3560 1160 3621; x_wconf 80' lang='lat' dir='ltr'>sq.</span> <span class='ocrx_word' id='word_1_277' title='bbox 1207 3542 1303 3604; x_wconf 89' lang='grc' dir='ltr'><strong>Μ</strong></span> <span class='ocrx_word' id='word_1_278' title='bbox 1348 3541 1591 3605; x_wconf 78' lang='lat' dir='ltr'>Tullius</span> <span class='ocrx_word' id='word_1_279' title='bbox 1635 3543 1705 3604; x_wconf 79' lang='lat' dir='ltr'>in</span> <span class='ocrx_word' id='word_1_280' title='bbox 1741 3542 2104 3607; x_wconf 80' lang='lat' dir='ltr'>Hortensio:</span> <span class='ocrx_word' id='word_1_281' title='bbox 2147 3542 2369 3609; x_wconf 89' lang='lat' dir='ltr'>Imbe-</span> 
     </span>
    </p>
   </div>
  </div>
 </body>
</html>
