2630 3913
275 202 404 265 284
1039 198 1490 252 FRAGMENTA

362 384 486 428 non
548 361 894 427 Ptolomaeo
956 362 1190 425 iubente
1253 363 1655 426 commissam.
1765 361 2060 426 Notcmus
2123 364 2285 427 enim

355 453 671 535 qradatim
705 452 843 532 fieri
877 455 1220 531 augmenta,
1265 470 1422 529 quae
1444 455 1854 531 praeyravent
1886 451 2285 531 suspicionem

360 542 446 605 ad
469 540 798 621 populares
833 540 1089 618 impetus
1117 540 1532 618 pertinentem.
1597 538 1769 602 Nam
1804 539 1995 619 coepit
2018 540 2105 604 ad
2127 539 2287 603 hunc

360 630 638 693 modum:
694 625 933 709 ‘Atque
979 625 1140 689 illud
1197 625 1394 689 etiam
1452 630 1748 690 constare
1803 625 2041 708 video'‚
2094 633 2167 690 ut
2214 629 2287 692 de

359 719 608 781 veritate
659 735 784 779 non
836 717 921 779 sit
972 715 1421 796 ambiyendum‚
1480 717 1538 779 si
1589 720 1810 779 constet
1851 716 2023 796 apud
2064 736 2283 781 omnes.
2352 735 2383 775 5

361 805 528 869 Dein
563 804 864 869 subdidit:
903 801 1072 867 ecum
1108 803 1401 888 reginam
1439 824 1727 867 sororem
1758 802 1985 886 suam',
2019 808 2092 867 ut
2123 808 2284 869 atro-

361 894 514 957 citas
572 892 937 974 parricidii,
1008 896 1065 955 et
1124 892 1314 955 multo
1383 892 1584 955 maior
1645 893 1715 955 in
1777 892 1960 955 exitio
2021 894 2285 974 reyinae,

362 981 642 1045 omnibus
698 980 891 1060 fuerit
955 978 1214 1044 horrori.
1323 978 1473 1042 Post
1532 978 1679 1043 haec
1747 981 1968 1043 adiecit
2036 982 2286 1045 eandem

363 1069 599 1134 ‘caram
650 1120 663 1133 .
711 1120 723 1132 .
772 1117 787 1132 .

412 1158 510 1221 10.
556 1158 793 1239 Aquila
819 1156 997 1220 Rom.
1025 1160 1108 1220 14
1142 1177 1208 1237 p.
1245 1160 1349 1220 26.
1387 1160 1468 1219 14
1508 1155 1723 1220 Halm.
1790 1150 2289 1241 Ἀντεισαγωγή,
2324 1179 2381 1217 ιο

273 1248 696 1328 compensatio.
768 1246 890 1310 Est
921 1250 1123 1308 autem
1159 1244 1345 1308 huius
1380 1245 1562 1322 modi,
1606 1245 1713 1308 ubi
1757 1245 2000 1325 aliquid
2038 1246 2289 1327 difficile

273 1355 396 1400 esse
440 1340 497 1398 et
539 1335 918 1399 contrarium
961 1333 1365 1414 confitendum
1409 1337 1520 1414 est,
1573 1334 1677 1397 sed
1717 1338 1930 1397 contra
1975 1335 2289 1398 inducitur

273 1443 400 1487 non
443 1424 651 1487 minus
693 1423 976 1501 firmum,·
1023 1422 1236 1502 qualia
1279 1425 1425 1484 sunt
1467 1420 1612 1484 haec
1655 1423 1726 1485 de
1768 1440 1903 1502 reye
1938 1420 2287 1488 Ptolomaeo

275 1514 445 1592 apud
469 1511 846 1576 Ciceronem:
891 1508 1192 1572 Difficilis
1240 1508 1409 1572 ratio
1456 1508 1615 1572 belli
1653 1508 1933 1594 gerendi,
1981 1514 2050 1573 at
2093 1511 2288 1593 plena

274 1599 452 1681 fidei,
517 1600 709 1683 plena
771 1597 1052 1681 pietatis.
1142 1597 1267 1677 (Cf.
1323 1597 1518 1660 Mart.
1573 1596 1722 1678 Cap.
1788 1598 1849 1661 V
1893 1601 2021 1663 524
2083 1619 2174 1663 eat.
2217 1621 2286 1680 p.
2320 1619 2378 1657 15

276 1693 422 1753 478.
469 1692 562 1752 22
605 1686 854 1768 Halm.)

414 1778 512 1839 11.
547 1774 986 1838 Fortunatian.
1024 1772 1115 1836 II
1140 1776 1233 1837 22
1257 1794 1323 1853 Ρ.
1361 1777 1497 1837 115.
1535 1779 1574 1837 1
1610 1774 1826 1838 Halm.
1895 1773 2112 1839 Omnis
2135 1797 2290 1857 par-

278 1866 411 1928 titio
461 1898 536 1909 -
595 1866 710 1925 aut
759 1865 971 1925 nostra
1015 1861 1181 1945 (est),
1236 1882 1392 1942 quae
1442 1860 1910 1944 προηγουμένη
1969 1864 2289 1945 διαίρεσις

276 1953 525 2029 dicitur,
584 1954 698 2014 aut
739 1950 1101 2027 adversarii,
1153 1971 1309 2031 quae
1354 1943 1681 2032 ἀναγκαία
1729 1951 2049 2034 διαίρεσις
2090 1954 2289 2017 nomi-

275 2046 492 2122 natur,
537 2044 650 2103 aut
691 2040 1056 2117 communis,
1102 2059 1257 2119 quae
1301 2035 1495 2121 μικτή
1529 2044 1728 2120 potest
1768 2041 1915 2118 dici,
1968 2046 2040 2104 ut
2083 2040 2285 2106 Cicero
2311 2060 2365 2099 20

276 2132 349 2194 de
394 2149 528 2210 reye
572 2127 1013 2191 Alexandrino.

416 2218 513 2280 12.
558 2217 885 2281 Fortunat.
931 2215 1024 2280 II
1058 2219 1152 2280 27
1186 2238 1251 2297 Ρ.
1297 2221 1439 2280 117.
1483 2220 1573 2281 37
1616 2216 1703 2280 Η.
1793 2217 1880 2281 In
1922 2216 2291 2299 hypophoris

276 2326 432 2388 quae
457 2307 722 2370 cavenda
748 2304 937 2369 sunt?
985 2304 1082 2368 Ne
1098 2305 1321 2385 plenae
1355 2309 1412 2368 et
1444 2306 1716 2386 copiosae
1731 2311 2067 2387 ponantur.
2117 2307 2296 2386 Quod

279 2400 484 2458 tamen
517 2395 851 2477 aliquando
883 2392 1151 2472 facimus
1190 2428 1291 2474 —‚
1335 2393 1393 2457 si
1435 2394 1782 2473 discrepans
1825 2395 2066 2474 aliquid
2098 2401 2290 2459 osten-

278 2485 525 2565 damus,
570 2487 641 2545 ut
682 2483 755 2546 de
797 2502 930 2563 reye
972 2481 1419 2544 Alexandrina
2320 2502 2379 2541 25

419 2571 516 2635 13.
579 2570 800 2634 Strabo
854 2568 1077 2633 XVII
1121 2574 1202 2632 13
1245 2589 1312 2649 Ρ.
1362 2549 1489 2632 798
1543 2568 1799 2633 Casaub.
1852 2591 1919 2651 p.
1972 2577 2149 2635 1113.
2205 2576 2295 2637 12

281 2658 475 2724 Mein.
555 2658 684 2739 Τῆς
721 2653 1067 2738 Αἰγύπτου
1114 2653 1187 2720 δὲ
1231 2652 1349 2730 τὰς
1392 2655 1767 2737 προσόδους
1813 2660 1886 2721 ἔν
1930 2680 2062 2721 τινι
2110 2655 2291 2747 λόγῳ

283 2745 587 2828 Κικέρων
644 2741 873 2828 φράζει
932 2740 1149 2850 φήσας
1203 2740 1345 2807 κατ’
1409 2740 1716 2809 ἐνιαυτὸν
1771 2748 1861 2833 τῷ
1921 2747 2038 2828 τῆς
2083 2750 2295 2810 Κλεο-

279 2832 531 2918 πάτρας
575 2830 771 2916 πατρὶ
816 2855 906 2915 τω
945 2826 1218 2917 Αὐλητῇ
1254 2830 1755 2914 προσφέρεσθαι
1793 2830 2012 2919 φόρον
2058 2832 2295 2899 ταλάν-

279 2946 415 2988 των
459 2925 717 3007 μυρίων
765 2902 1109 3005 δισχιλίων
1155 2924 1624 2985 πεντακοσίων.
2325 2943 2386 2983 so

837 3224 993 3284 XVI.
1058 3223 1214 3284 PRO
1263 3226 1325 3284 P.
1375 3224 1731 3285 VATINIO.

419 3361 472 3423 1.
530 3358 650 3424 Oic.
714 3362 799 3424 ad
849 3361 1001 3438 fam.
1057 3360 1107 3424 I
1149 3367 1207 3424 9.
1262 3365 1362 3425 19.
1460 3358 1616 3424 Oum
1669 3362 1851 3425 illum
1905 3362 2337 3446 (Vatinium)

281 3446 679 3528 defenderem,
734 3448 871 3510 dixi
914 3468 1009 3512 me
1049 3449 1250 3528 facere
1294 3449 1614 3529 quiddam,
1668 3451 1829 3529 quod
1880 3451 1948 3535 in
1994 3450 2300 3515 Eunucho

280 3533 595 3608 parasitus
655 3535 935 3597 suaderet
995 3535 1183 3598 militi
1238 3536 1406 3607 (Ter.
1462 3536 1630 3599 Eun.
1685 3536 1817 3599 III
1861 3542 1914 3600 1.
1970 3541 2148 3601 50—
2167 3542 2301 3617 55).
