2630 3913
220 907 287 957 54

219 1875 284 1925 55

218 2493 283 2541 56

219 3463 283 3512 57

321 200 411 267 20
1097 199 1195 254 DE
1231 199 1532 255 OFFICIIS

322 363 532 428 multa
586 363 755 429 enim
810 367 962 427 sunt
1014 362 1261 428 civibus
1288 402 1292 406 Δ
1315 362 1488 426 inter
1532 381 1601 424 se
1647 359 2065 445 communias,
2099 360 2332 446 forum,

321 450 493 536 fana,
536 451 842 536 porticus,
885 450 1046 535 viae,
1091 451 1288 536 leges,
1333 450 1493 532 iura,
1528 447 1780 532 iudicia,
1822 447 2150 534 suffragia,
2187 470 2331 513 con-

323 538 692 605 suetudines
744 542 1082 640 praeterea
1136 542 1203 602 et
1254 537 1736 602 familiaritates
1790 536 2140 619 multisque
2186 558 2331 601 cum

323 627 548 692 multis
593 648 696 692 res
742 627 1151 711 rationesque
1206 629 1592 691 contractae.
1683 624 1911 689 Artior
1953 645 2107 690 vero
2155 625 2331 688 colli-

325 715 506 802 gatio
561 719 663 781 est
717 714 1044 780 societatis
1100 715 1641 815 propinquorum3
1703 713 1785 777 ab
1839 713 1957 777 illa
2010 712 2180 776 enim
2233 713 2330 777 in-
2382 734 2409 776 5

323 824 547 868 mensa
581 803 887 868 societate
923 803 1190 867 humani
1226 802 1479 888 generis
1515 803 1585 866 in
1621 801 1921 887 exiguum
1959 804 2330 886 angustum-

326 913 448 975 que
494 892 911 957 concluditur.
1002 889 1173 956 Nam
1220 912 1366 955 cum
1412 890 1499 954 sit
1546 889 1669 955 hoc
1713 892 1950 954 natura
1994 910 2330 954 commune

327 980 787 1082 animantium*
822 983 898 1044 ut
941 978 1226 1044 habeant
1270 978 1626 1043 lubidinem
1669 977 2074 1063 procreandi,
2118 977 2331 1061 prima

324 1068 644 1133 societas
625 1090 694 1132 ιιι
718 1069 861 1153 ipso
900 1067 1199 1169 coniugio
1236 1072 1353 1151 est,
1388 1066 1685 1151 proxima
1718 1065 1790 1131 in
1823 1065 2067 1148 liberis,
2105 1065 2329 1130 deinde

323 1177 453 1220 una
486 1157 731 1239 domus,
766 1156 1130 1221 communia
1167 1155 1410 1238 omnia3
1444 1155 1511 1219 id
1548 1158 1764 1218 autem
1802 1157 1902 1218 est
1940 1153 2328 1238 principium
2356 1179 2408 1218 ιο

322 1244 501 1308 urbis
539 1247 606 1309 et
642 1244 828 1328 quasi
865 1243 1279 1308 seminarium
1307 1243 1401 1307 rei
1428 1242 1740 1327 publicae.
1804 1239 2173 1325 Sequuntur
2203 1240 2330 1305 fra-

323 1336 497 1396 trum
552 1332 1058 1415 coniunctiones,
1112 1335 1264 1416 post
1317 1330 1849 1431 consobrinorum
1896 1329 2329 1394 sobrinorum-

324 1441 464 1504 que,
511 1421 622 1504 qui
658 1442 803 1486 cum
837 1442 967 1485 una
1005 1421 1193 1484 domo
1229 1420 1361 1483 iam
1399 1418 1543 1503 capi
1578 1439 1710 1483 non
1746 1418 2018 1502 possint,
2057 1418 2129 1482 in
2164 1418 2328 1482 alias

324 1507 549 1573 domos
576 1509 957 1592 tamquam
937 1531 1007 1573 ιιι
1033 1508 1320 1574 colonias
1350 1510 1601 1571 exeunt.
1658 1503 2026 1589 Sequuntur
2054 1506 2330 1570 conubia

324 1600 391 1661 et
427 1596 812 1679 adfinitates,
857 1617 935 1660 ex
973 1595 1207 1679 quibus
1243 1595 1440 1659 etiam
1476 1595 1696 1679 plures
1742 1593 2117 1678 propinqui3
2164 1615 2327 1677 quae
2357 1620 2406 1660 ιε

321 1685 709 1769 propagatio
775 1688 841 1748 et
905 1684 1164 1748 suboles
1229 1681 1414 1768 origo
1480 1686 1579 1746 est
1632 1704 1847 1747 rerum
1904 1681 2327 1766 publicarum.

325 1770 669 1857 Sanguinis
725 1775 940 1837 autem
995 1771 1359 1836 coniunctio
1420 1775 1486 1835 et
1549 1770 1984 1835 benivolentia
2048 1769 2329 1834 devincit

321 1859 616 1924 homines
659 1865 717 1924 et
760 1860 1060 1942 caritate3
1103 1880 1413 1944 magnum
1459 1862 1560 1923 est
1605 1859 1775 1923 enim
1822 1858 2045 1923 eadem
2087 1858 2327 1922 habere

323 1951 739 2014 monumenta
765 1948 1100 2031 maiorum,
1129 1947 1369 2013 eisdem
1396 1947 1495 2012 uti
1523 1946 1741 2031 sacri8‚
1771 1947 2066 2032 sepulcra
2087 1946 2326 2012 habere

323 2036 700 2101 communia.
774 2034 899 2100 Sed
936 2035 1222 2101 omnium
1260 2036 1643 2101 societatum
1678 2036 1862 2100 nulla
1887 2036 2327 2119 praestantior
2354 2064 2406 2102 20

323 2128 439 2207 est,
475 2125 657 2188 nulla
691 2124 956 2209 firmior,
993 2146 1188 2209 quam
1224 2146 1368 2189 cum
1404 2124 1529 2190 viri
1563 2124 1718 2189 boni
1754 2124 2042 2189 moribus
2081 2123 2325 2188 similes

323 2216 473 2278 sunt
499 2212 945 2278 familiaritate
973 2212 1322 2296 coniuncti3
1357 2212 1521 2276 illud
1550 2212 1719 2276 enim
1746 2211 2133 2295 honestum*
2156 2211 2326 2295 quod

323 2322 513 2386 saepe
559 2300 861 2386 dicimus?
893 2301 1090 2366 etiam
1135 2301 1192 2367 si
1235 2301 1303 2365 in
1347 2301 1475 2365 alio
1512 2300 1848 2383 cernimus,
1895 2302 2167 2381 [tamen]
2205 2321 2325 2363 nos

321 2392 539 2454 movet
594 2392 786 2472 atque
840 2389 977 2473 illi,
1029 2390 1098 2453 in
1162 2410 1286 2472 quo
1353 2388 1419 2453 id
1471 2389 1680 2453 inesse
1743 2388 2035 2472 videtur*
2085 2388 2325 2454 amicos

322 2477 497 2543 facit.
585 2476 675 2542 Et
729 2498 1118 2562 quamquam
1173 2477 1381 2541 omnis
1440 2476 1648 2541 virtus
1701 2497 1821 2540 nos
1876 2475 1960 2540 ad
2005 2497 2073 2540 se
2121 2476 2327 2541 allicit
2355 2502 2406 2542 25

320 2565 640 2649 facitque*
681 2568 757 2629 ut
802 2587 911 2630 eos
958 2565 1344 2651 diligamus*
1385 2564 1453 2628 in
1510 2564 1741 2647 quibus
1795 2564 1939 2648 ipsa
1982 2564 2190 2629 inesse
2236 2564 2327 2628 vi-

322 2654 566 2736 deatur,
611 2656 830 2718 tamen
873 2653 1127 2717 iustitia
1172 2657 1238 2717 et
1282 2652 1643 2717 liberalitas
1686 2652 1774 2716 id·
1793 2652 2070 2717 maxime
2107 2652 2324 2717 efficit.

320 2739 505 2804 Nihil
543 2743 760 2804 autem
793 2745 896 2806 est
932 2740 1274 2806 amabilius
1310 2761 1429 2807 nec
1456 2741 1820 2825 copulatius
1850 2761 2042 2825 quam
2072 2762 2325 2805 morum

322 2828 677 2893 similitudo
706 2828 1050 2912 bonorum3
1084 2827 1153 2893 in
1182 2828 1414 2912 quibus
1444 2829 1614 2894 enim
1652 2829 1873 2894 eadem
1911 2829 2126 2893 studia
2157 2833 2325 2912 sunt,

322 2917 582 2983 eaedem
625 2917 993 2983 voluntates
1005 2967 1022 3001 ‚
1075 2916 1144 2981 in
1188 2917 1267 2980 iis
1313 2917 1391 2979 fit
1434 2922 1509 2981 ut
1555 2938 1753 3000 aeque
1801 2917 2070 3000 quisque
2118 2917 2323 2981 altero
2353 2943 2406 2984 ³0

322 3006 672 3071 delectetur
709 3027 785 3070 ac
821 3026 890 3069 sc
934 3005 1096 3089 ipso,
1142 3004 1543 3089 efficiturque
1580 3004 1678 3081 id*
1709 3004 1879 3089 quod
1914 3004 2325 3090 Pythagoras

321 3095 462 3158 vult
498 3093 567 3159 in
603 3093 905 3177 amicitia,
940 3097 1016 3157 ut
1051 3114 1213 3158 unus
1249 3094 1368 3157 fiat
1397 3115 1473 3157 ex
1499 3092 1811 3177 pluribus.
1856 3091 2099 3178 Magna
2127 3092 2326 3159 etiam

320 3182 439 3247 illa
473 3182 900 3247 communitas
939 3185 1063 3265 est,t
1102 3203 1264 3265 quae
1302 3181 1637 3245 conficitur
1674 3202 1750 3244 ex
1786 3180 2112 3245 beneficiis
2148 3182 2325 3246 ultro

321 3275 388 3334 et
441 3270 602 3334 citro
650 3271 819 3335 datis
867 3270 1163 3355 acceptia
1217 3291 1381 3353 quae
1437 3273 1503 3333 et
1555 3272 1781 3333 mutua
1827 3272 1893 3332 et
1938 3271 2129 3354 grata
2174 3268 2325 3334 dum

322 3362 491 3441 sunt,
534 3357 706 3422 inter
751 3379 912 3441 quos
958 3379 1034 3422 ea
1080 3361 1247 3442 sunt,
1293 3358 1481 3421 firma
1518 3356 1962 3422 devinciuntur
2000 3356 2324 3424 societate:
2352 3382 2405 3425 35

322 3444 447 3509 Sed
501 3465 647 3509 cum
701 3446 918 3510 omnia
963 3445 1213 3510 ratione
1260 3445 1601 3529 animoque
1656 3445 1985 3529 lustrariS‚
2039 3445 2327 3510 omnium

323 3532 706 3598 societatum
761 3533 940 3597 nulla
986 3536 1087 3597 est
1141 3532 1433 3621 gravior,
1484 3534 1667 3598 nulla
1721 3534 1930 3600 carior
1985 3555 2179 3619 quam
2232 3556 2340 3620 ea&
