2630 3913
719 201 857 260 ΜΒ.
894 203 989 258 111.
1048 202 1198 259 CAP.
1243 209 1466 259 10-12.
1522 209 1552 269 s
1587 209 1813 259 45-51.
2172 202 2299 268 105

284 366 473 431 dibus
528 365 899 430 obruerunt.
990 365 1194 449 Atqui
1247 366 1362 431 ille
1406 366 1761 431 utilitatem
1817 365 1996 450 sequi
2043 364 2297 429 videba-

282 458 419 537 tur3
465 453 579 518 sed
625 475 701 518 ea
744 454 928 518 nulla
974 459 1115 518 erat
1158 459 1560 540 repugnante
1605 454 1963 519 honestate.
2044 453 2297 518 Themi·
2333 467 2401 519 49

284 543 523 608 stocles
560 546 714 627 post
749 541 1088 607 victoriam
1127 542 1264 607 eius
1301 543 1476 626 belli,
1522 543 1694 626 quod
1730 564 1874 607 cum
1901 541 2116 606 Persis
2152 541 2297 626 fuit,

286 632 449 695 dixit
491 633 562 694 in
605 630 905 695 contione
951 651 1019 695 se
1065 631 1303 696 habere
1351 631 1691 696 consilium
1735 631 1830 695 rei
1865 629 2163 714 publicae
2200 651 2297 694 sa-

231 737 258 778 5
287 720 525 802 lutare,
572 719 684 783 sed
729 717 796 782 id
843 718 993 783 sciri
1035 740 1168 785 non
1214 741 1376 804 opus
1423 741 1589 802 esse3
1635 718 2020 803 postulavit,
2064 721 2139 782 ut
2185 719 2298 782 ali-

286 829 475 892 quem
522 808 800 891 populus
848 807 1049 891 daret,
1095 807 1352 892 quicum
1389 807 1915 891 communicaret3
1962 807 2150 871 datus
2197 809 2299 870 est

284 894 635 978 Aristides3
693 894 842 959 huic
887 895 1027 978 ille,
1079 896 1354 960 classem
1397 895 2077 979 Lacedaemoniorum,
2132 917 2298 978 quae

287 984 603 1049 subducta
648 987 821 1047 esset
866 982 948 1047 ad
993 981 1348 1068 Gytheum,
1393 986 1558 1049 clam
1601 984 1854 1049 incendi
1899 1005 2122 1068 posse,
2169 1005 2294 1067 quo

284 1073 459 1138 facto
485 1072 705 1156 frangi
726 1071 1379 1137 Lacedaemoniorum
1410 1093 1564 1156 opes
1592 1094 1850 1137 necesse
1880 1076 2067 1136 esset.
2114 1070 2299 1146 Quod

205 1179 260 1220 ιο
287 1160 609 1225 Aristides
655 1182 801 1225 cum
840 1160 1143 1244 audisset,
1187 1161 1256 1224 in
1292 1161 1657 1225 contionem
1695 1181 1935 1245 magna
1971 1164 2295 1244 exspecta-

286 1250 464 1314 tione
500 1248 678 1312 venit
717 1249 1003 1332 dixitque
1040 1249 1317 1333 perutile
1355 1271 1494 1313 esse
1532 1249 1891 1331 consilium,
1928 1248 2100 1333 quod
2135 1247 2297 1311 The-

288 1337 617 1402 mistocles
647 1336 949 1421 adferret,
986 1337 1098 1401 sed
1125 1337 1388 1402 minime
1416 1338 1776 1402 honestum.
1841 1336 2070 1420 Itaque
2099 1336 2298 1399 Athe-

285 1425 560 1509 nienses,
606 1425 778 1509 quod
822 1425 1169 1490 honestum
1212 1447 1346 1490 non
1391 1428 1578 1509 esset,
1621 1426 1688 1489 id
1723 1447 1804 1489 ne
1842 1425 2002 1489 utile
2040 1424 2297 1508 quidem

285 1517 681 1598 putaverunt
715 1517 1053 1598 totamque
1091 1536 1236 1578 eam
1272 1536 1427 1597 rem,
1466 1536 1659 1598 quam
1684 1535 1766 1577 ne
1795 1513 2133 1578 audierant
2163 1513 2298 1595 qui-

206 1617 259 1662 15
289 1605 452 1685 dem,
497 1605 758 1667 auctore
805 1602 1094 1666 Aristide
1129 1603 1647 1688 repudiaverunt.
1718 1601 1949 1666 Melius
1994 1601 2063 1665 hi
2102 1622 2298 1685 quam

284 1690 892 1864 ¹¹⁰⁸'M‘ffeaiir332
929 1691 1539 1865 ἱᾚὲἓθῖἰηῖῗὶἓῇ
1567 1689 2298 1862 Ῡῖῗίξῖξζέαῗθῗέεῗ
2323 1779 2403 1845 12

902 1829 919 1862 9

286 1868 479 1951 utile,
522 1889 604 1932 ne
649 1869 790 1931 tum
837 1867 1122 1952 quidem,
1165 1889 1310 1932 cum
1348 1868 1439 1952 id,
1486 1830 1657 1952 qdod
1702 1889 1841 1933 esse
1886 1867 2047 1931 utile
2093 1870 2299 1951 puteS,

291 1956 674 2041 adipiscare3
720 1956 844 2022 hoc
890 1956 1061 2021 enim
1106 1956 1348 2041 ipsum,
1392 1956 1554 2022 utile
1598 1961 1847 2043 putare,
1894 1955 2064 2041 quod
2108 1961 2299 2040 turpe

209 2064 264 2103 πο
285 2046 404 2128 sit,
468 2045 917 2110 calamitosum
980 2048 1097 2110 est.
1197 2043 1322 2109 Sed
1373 2046 1690 2128 incidunt,
1753 2049 1829 2109 ut
1891 2067 2088 2129 supra
2151 2044 2298 2127 dixi,
2337 2058 2407 2110 50

293 2154 482 2217 saepe
528 2155 775 2218 causae,
820 2155 965 2198 cum
1010 2155 1373 2220 repugnare
1419 2135 1672 2198 utilitas
1717 2132 2047 2197 honestati
2090 2132 2300 2197 videa-

292 2224 428 2304 tur,
490 2225 564 2285 ut
626 2221 1264 2287 animadvertendum
1329 2221 1444 2306 sit,
1507 2225 1904 2307 repugnetne
1967 2221 2160 2305 plane
2217 2243 2300 2285 an

292 2308 505 2395 possit
549 2330 693 2374 cum
726 2309 1069 2375 honestate
1106 2310 1429 2394 coniungi.
1500 2309 1659 2374 Eius
1698 2308 1952 2394 generis
1989 2308 2112 2372 hae
2151 2312 2300 2372 sunt

294 2396 730 2482 quaestiones:
785 2399 842 2463 si
896 2398 1174 2482 exempli
1229 2398 1444 2483 gratia
1496 2398 1596 2463 vir
1640 2398 1848 2461 bonus
1894 2395 2302 2460 Alexandrea

207 2504 262 2545 25
289 2485 592 2551 Rhodum
602 2507 936 2587 magnum
971 2486 1279 2551 frumenti
1309 2507 1649 2550 numerum
1679 2483 2008 2549 advexerit
2033 2483 2103 2547 in
2128 2483 2301 2548 Rho-

291 2574 545 2640 diorum
597 2574 820 2660 inopia
873 2578 939 2639 et
990 2575 1163 2639 fame
1223 2595 1600 2658 summaque
1663 2594 1956 2638 annonae
2010 2572 2301 2656 caritate,

292 2664 348 2728 si
401 2662 571 2728 idem
627 2663 793 2728 sciat
845 2664 1208 2765 complures
1265 2667 1654 2728 mercatores
1710 2661 2118 2726 Alexandrea
2177 2661 2300 2725 sol·

290 2752 460 2816 visse
523 2772 848 2834 navesque
911 2752 981 2815 in
1042 2773 1232 2816 cursu
1294 2751 1620 2816 frumento
1685 2753 1952 2816 onustas
2007 2753 2300 2836 petentes

291 2838 594 2904 Rhodum
638 2839 892 2923 viderit,
938 2839 1305 2905 dicturusne
1353 2840 1441 2904 sit
1482 2839 1550 2904 id
1593 2839 1865 2904 Rhodiis
1912 2860 1995 2904 an
2041 2838 2299 2903 silentio

211 2946 264 2987 ευ
293 2949 480 2992 suum
527 2950 721 3011 quam
766 2927 1048 3013 plurimo
1085 2928 1478 2993 venditurus,
1551 2926 1919 3012 Sapientem
1958 2930 2025 2991 et
2059 2926 2302 2990 bonum

289 3016 502 3081 virum
546 3016 881 3101 fingimus3
926 3016 1004 3080 de
1050 3015 1184 3080 eius
1223 3016 1686 3081 deliberatione
1725 3020 1791 3079 et
1827 3013 2300 3080 consultatione

292 3104 677 3187 quaerimus,
725 3104 835 3188 qui
881 3105 1204 3169 celaturus
1249 3103 1538 3169 Rhodios
1583 3125 1715 3168 non
1761 3103 1866 3186 sit,
1892 3103 1968 3166 si
2011 3102 2079 3165 id
2111 3106 2301 3185 turpe

290 3192 546 3276 iudicet,
592 3192 703 3257 sed
750 3192 1020 3276 dubitet,
1065 3215 1149 3257 an
1193 3196 1384 3277 turpe
1428 3214 1559 3257 non
1604 3193 1706 3256 sit.
1776 3190 1854 3255 In
1897 3190 2089 3254 huius
2128 3190 2302 3255 modi
2339 3204 2405 3255 51

292 3281 503 3346 causis
560 3281 736 3345 aliud
788 3280 1069 3367 Diogeni
1120 3280 1486 3364 Babylonio
1541 3279 1745 3345 videri
1808 3279 2002 3363 solet,
2063 3299 2300 3363 magno

211 3386 265 3429 ³⁵
294 3372 360 3433 et
415 3370 602 3471 gravi
648 3367 893 3453 Stoico,
948 3369 1123 3434 aliud
1168 3369 1547 3453 Antipatro,
1603 3367 1916 3452 discipulo
1973 3364 2136 3451 eiuS,
2192 3367 2301 3431 ho·

292 3457 453 3522 mini
490 3458 881 3524 acutissimo.
945 3457 1296 3543 Antipatro
1336 3458 1553 3523 omnia
1597 3455 2057 3541 patefacienda,
2102 3461 2177 3520 ut
2219 3477 2301 3520 ne

294 3545 449 3630 quid
504 3545 794 3627 omnino,
857 3546 1028 3632 quod
1091 3546 1387 3612 venditor
1443 3545 1647 3630 norit,
1711 3548 1965 3632 emptor
2025 3547 2302 3634 ignoret,
