2630 3913
328 165 455 228 140
804 162 990 218 CATO
1028 161 1267 217 MAIOR
1302 162 1399 217 DE
1440 161 1863 217 SENECTUTE

325 326 417 390 eis
464 326 831 407 elaborant,
890 345 1054 407 quae
1111 323 1323 388 sciunt
1376 323 1542 387 nihil
1597 324 1680 388 ad
1728 346 1794 387 se
1844 324 2102 389 omnino
2147 326 2347 409 perti·

322 436 502 478 nere:
558 411 799 478 ‘Serit
854 413 1197 495 arbores,
1263 426 1453 495 quae
1510 412 1744 477 alteri
1811 414 2119 478 saeculo
2172 435 2346 497 pro-

224 519 286 567 25
327 501 533 585 sint',
579 505 654 566 ut
700 501 794 566 ait
840 497 1089 565 Statius
1134 504 1358 564 noster
1403 500 1472 564 in
1509 498 1932 585 Synephebis,
2005 499 2144 566 Nec
2188 524 2344 567 vero

327 590 583 655 dubitat
640 588 956 674 agricola,
1021 588 1314 671 quamvis
1381 588 1469 652 sit
1533 610 1751 672 senex,
1816 588 2177 673 quaerenti,
2240 590 2345 654 cui

327 682 520 762 serat,
564 679 978 761 respondere:
1027 676 1194 741 ‘Dis
1240 676 1821 761 inmortalibus,
1869 678 1997 760 qui
2041 699 2152 742 me
2193 700 2345 743 non
2401 694 2433 735 ⁵

327 766 678 850 accipere
716 765 935 831 modo
973 765 1159 829 haec
1196 788 1236 829 a
1272 765 1698 830 maioribus
1736 765 2177 848 voluerunt,
2214 766 2346 830 sed

249 856 289 921 8
329 854 561 919 etiam
614 853 957 938 posteris
1012 852 1377 938 prodere?
1467 853 1557 918 Et
1612 853 1841 918 melius
1889 851 2207 918 Caecilius
2264 854 2345 919 de

330 963 480 1005 sene
527 942 719 1006 alteri
765 942 1021 1006 saeculo
1068 941 1504 1026 prospiciente
1552 964 1746 1026 quam
1791 942 1955 1006 illud
1999 941 2195 1007 idem:

358 1079 364 1084 -
414 1030 736 1115 Edepol,
783 1033 1169 1113 senectus,
1216 1027 1287 1093 si
1327 1030 1440 1094 nil
1488 1030 1892 1114 quicquam
1939 1030 2150 1095 aliud
2195 1031 2344 1095 viti

414 1119 804 1203 Adp6rtes
834 1122 1102 1200 tecum,
1130 1140 1295 1183 cum
1324 1118 1666 1200 adveniS,
1694 1141 1922 1182 unum
1946 1117 2024 1182 id
2052 1123 2173 1183 sat
2196 1124 2342 1203 est,
2374 1137 2427 1177 10

415 1205 628 1282 Quod
657 1204 784 1270 d1'u
812 1206 1137 1272 vivendo
1167 1207 1439 1289 multa,
1478 1229 1667 1291 quae
1695 1228 1845 1270 non
1880 1207 2072 1289 volt,
2110 1207 2343 1272 videt.

325 1294 415 1360 Et
460 1296 668 1359 multa
712 1294 1019 1378 fortasse,
1065 1316 1228 1378 quae
1274 1295 1439 1359 volt!
1498 1299 1691 1377 atque
1736 1295 1805 1359 in
1851 1317 1954 1372 ea,
2001 1317 2164 1380 quae
2210 1318 2342 1360 non

327 1383 495 1466 volt,
560 1405 749 1467 saepe
816 1383 1013 1448 etiam
1079 1382 1516 1447 adulescentia
1576 1383 1864 1447 incurrit.
1954 1381 2128 1447 Illud
2186 1406 2341 1449 vero

326 1472 495 1536 idem
544 1470 860 1536 Caecilius
907 1470 1230 1536 vitiosius:

415 1559 599 1623 Tum
654 1559 1002 1643 equidem
1056 1556 1134 1622 in
1192 1562 1503 1623 senecta
1555 1559 1698 1623 hoc
1745 1558 2026 1643 deputo
2074 1560 2422 1624 miser-1⁵

1771 1669 2075 1731 rimum,

416 1732 722 1800 Sentire
751 1757 837 1799 ea
864 1738 1122 1799 aetate
1151 1736 1461 1819 eumpse
1498 1756 1664 1799 esse
1703 1735 2051 1799 odiosum
2085 1736 2340 1801 alteri.

222 1841 286 1889 26
325 1823 681 1888 Iucundum
725 1823 945 1907 potius
993 1844 1188 1907 quam
1234 1823 1546 1888 odiosum.
1618 1821 1712 1887 Ut
1757 1823 1927 1887 enim
1975 1823 2338 1889 adulescen-

323 1911 501 1976 tibus
545 1911 718 1976 bona
752 1911 968 1976 indole
1005 1910 1314 1996 praeditis
1354 1911 1677 1997 sapientes
1716 1932 1899 1977 senes
1939 1912 2340 1978 delectantur

324 2000 655 2084 leviorque
702 2001 778 2064 fit
822 2004 1116 2065 senectus
1163 2022 1402 2084 eorum,
1449 2001 1560 2085 qui
1596 2022 1635 2065 a
1670 2000 2004 2065 iuventute
2041 2003 2339 2066 coluntur

326 2093 392 2152 et
439 2088 826 2173 diliguntur,
881 2089 974 2153 sic
1021 2088 1462 2153 adulescentes
1510 2110 1735 2162 senum
1779 2088 2140 2174 praeceptis
2188 2112 2338 2174 gau·
2366 2109 2418 2148 2⁰

326 2177 496 2259 dent,
542 2176 774 2260 quibus
822 2176 903 2242 ad
948 2176 1264 2241 virtutum
1311 2178 1526 2243 studia
1574 2178 1918 2260 ducuntur;
1962 2199 2079 2242 nec
2124 2179 2337 2244 minus

323 2266 648 2350 intellego·
683 2287 787 2330 me
831 2265 1018 2330 vobis
1066 2287 1260 2349 quam
1297 2266 1459 2330 mihi
1494 2287 1610 2330 vos
1649 2287 1788 2330 esse
1822 2266 2150 2331 iucundos.
2215 2265 2339 2331 Sed

323 2354 586 2437 videtis,
643 2358 717 2418 ut
773 2358 1065 2419 senectus
1118 2376 1249 2418 non
1303 2355 1495 2419 modo
1552 2352 1862 2440 languida
1917 2357 2109 2438 atque
2165 2355 2336 2420 iners

322 2464 458 2507 non
511 2443 625 2527 sit,
688 2464 912 2507 verum
977 2442 1173 2507 etiam
1236 2443 1325 2506 sit
1379 2463 1653 2527 operosa
1708 2446 1773 2506 et
1828 2464 2081 2526 semper
2137 2465 2333 2530 agens

324 2530 571 2614 aliquid
626 2534 692 2595 et
746 2531 1019 2595 moliens
1028 2581 1047 2614 ,
1101 2530 1234 2594 tale
1289 2530 1562 2612 scilicet,
1618 2531 1805 2613 qua-le
1852 2530 2157 2615 cuiusque
2205 2535 2336 2596 stu-
2363 2550 2414 2590 25

325 2619 501 2683 dium
547 2618 617 2681 in
673 2618 1002 2701 superiore
1057 2617 1195 2682 vita
1255 2619 1399 2683 fuit.
1488 2616 1699 2692 Quid?
1756 2619 1865 2702 qui
1921 2619 2120 2684 etiam
2165 2620 2336 2684 addi-

325 2709 512 2770 scunt
541 2705 830 2789 aliquid?
867 2709 941 2770 ut
978 2709 1044 2770 et
1073 2703 1374 2771 Solonem
1413 2707 1708 2771 versibus
1747 2706 2137 2791 gloriantem
2167 2708 2336 2773 vide-

324 2815 465 2859 mus
476 2843 494 2876 ,
555 2793 665 2877 qui
720 2815 788 2857 se
844 2794 1077 2859 cotidie
1133 2795 1379 2878 aliquid
1435 2794 1870 2860 addiscentem
1918 2796 2074 2860 dicit
2118 2818 2334 2861 senem

320 2883 486 2966 fieri,
552 2886 619 2946 et
673 2903 794 2967 ego
848 2881 998 2966 feci,
1064 2883 1173 2965 qui
1228 2883 1483 2948 litteras
1532 2881 1811 2948 Graecas
1869 2905 2061 2948 senex
2117 2885 2335 2968 didici3

322 2993 482 3057 quas
531 2970 789 3055 quidem
838 2971 928 3036 sic
975 2971 1159 3036 avide
1207 2972 1451 3057 arripui
1499 2972 1683 3055 quasi
1740 2971 2109 3038 diuturnam
2156 2973 2333 3038 sitim
2361 2992 2412 3033 30

321 3061 574 3144 explere
621 3059 912 3144 cupiens,
964 3063 1040 3123 ut
1086 3082 1162 3124 ea
1204 3061 1352 3145 ipsa
1397 3061 1558 3125 mihi
1601 3064 1759 3126 nota
1802 3064 2044 3144 essent,
2101 3062 2332 3145 quibus

320 3170 422 3213 me
449 3169 620 3212 nunc
648 3147 958 3232 exemplis
997 3148 1097 3212 uti
1131 3147 1384 3213 videtis.
1458 3147 1642 3224 Quod
1680 3170 1823 3213 cum
1855 3148 2085 3214 fecisse
2115 3148 2335 3216 Socra-

319 3243 452 3301 tem
498 3236 568 3300 in
612 3234 846 3300 fidibus
904 3237 1217 3320 audirem,
1278 3238 1513 3302 vellem
1569 3237 1867 3319 equidem
1922 3237 2118 3319 etiam
2172 3239 2334 3302 illud

320 3323 686 3409 (discebant
731 3324 904 3388 enim
947 3325 1184 3389 fidibus
1231 3325 1541 3410 antiqui),
1597 3324 1709 3388 sed
1763 3325 1832 3390 in
1876 3325 2115 3390 litteris
2162 3331 2332 3392 certe

320 3413 667 3477 elaboravi.
2357 3433 2407 3476 ³5

215 3468 281 3592 ἕ
452 3497 588 3563 Nec
643 3521 809 3564 nunc
866 3501 1122 3585 quidem
1178 3501 1348 3566 vires
1405 3500 1694 3567 desidero
1752 3501 2180 3568 adulescentis
2247 3503 2330 3585 (is
