2630 3913
835 206 1253 261 PHILOSOPH.
1291 206 1352 262 F.
1390 207 1468 260 [x
1508 214 1695 262 7—11.
1972 194 1980 206 '
2142 209 2271 273 335

253 368 423 452 quod
469 367 659 451 vivit,
714 367 887 451 quod
930 367 1137 451 viget,
1197 368 1474 432 caeleste
1523 372 1588 432 et
1635 368 1924 433 divinum
1970 370 2054 434 ob
2103 392 2267 434 eam-

253 477 374 555 que
411 478 550 520 rem
588 459 921 520 aeternum
960 456 1045 518 sit
1082 477 1342 520 necesse
1382 459 1498 519 est.
1564 454 1700 520 Nec
1737 478 1890 521 vero
1930 457 2130 520 deus
2113 479 2269 542 1pse,

254 543 365 628 qui
416 543 823 629 intellegitur
879 566 918 607 a
970 544 1189 625 nobiS,
1255 544 1383 608 alio
1451 543 1642 607 modo
1698 544 1995 629 intellegi
2049 548 2270 629 potest

249 631 379 695 nisi
439 653 621 695 mens
688 631 903 695 soluta
969 632 1283 715 quaedam
1349 635 1414 695 et
1477 632 1714 712 libera,
1780 636 2124 719 segregata
2187 634 2268 696 ab

200 737 224 776 5
255 718 430 783 omni
476 719 884 784 concretione
931 719 1222 801 mortali,
1279 719 1499 784 omnia
1544 682 1827 784 sentiens
1882 724 1948 784 et
2005 742 2270 785 movens

251 807 520 891 ipsaque
548 807 845 891 praedita
874 811 1057 871 motu
1086 807 1497 891 sempiterno.
1530 844 1611 853 —
1645 807 1841 872 Verba
1861 807 2268 872 ‘Animorum

249 895 433 958 nulla
482 930 561 940 —
618 930 694 940 —
742 894 870 958 nisi
917 917 956 958 a
1002 894 1152 959 deo'
1199 916 1275 959 ex
1325 896 1696 960 Tusculanis
1743 901 1802 959 et
1845 895 2273 961 Consolatione

247 983 509 1065 protulit
549 983 735 1048 etiarn
780 983 1147 1047 Lactantius
1192 984 1265 1046 de
1309 984 1412 1046 ira
1455 984 1553 1047 dei
1596 988 1694 1048 10.
1739 987 1840 1065 45,
1885 985 2064 1048 verba
2112 982 2270 1048 ‘Nec

252 1091 406 1135 vero
454 1105 538 1116 —
574 1105 657 1116 —
705 1069 1007 1134 movens'
1053 1072 1214 1135 idem
1259 1071 1450 1135 instit.
1496 1072 1615 1134 div.
1660 1070 1712 1133 I
1747 1073 1802 1135 5.
1848 1074 1952 1136 25.

174 1177 225 1215 ιο
391 1159 491 1222 11.
545 1157 826 1221 Lactant.
882 1159 1022 1223 inst.
1077 1159 1195 1222 div.
1241 1157 1292 1220 I
1331 1161 1425 1221 15.
1471 1163 1551 1221 16
1568 1178 1691 1238 sqq.
1748 1158 1844 1222 M.
1894 1159 2140 1223 Tullius
2185 1196 2265 1206 —

253 1247 322 1309 in
375 1265 441 1308 eo
497 1245 676 1325 libre,
730 1265 846 1325 quo
898 1266 960 1309 se
1015 1247 1140 1326 ipse
1193 1247 1265 1309 de
1323 1251 1512 1309 morte
1562 1247 1734 1327 filiae
1784 1247 2124 1313 consolatus
2168 1253 2270 1331 est,

251 1353 379 1397 non
416 1333 716 1397 dubitavit
747 1334 939 1397 dicere
977 1335 1133 1415 deoS,
1177 1335 1286 1415 qui
1319 1334 1562 1414 publice
1606 1335 1956 1412 colerentur,
2001 1334 2272 1399 homines

249 1421 460 1500 fuisse.
554 1420 730 1501 Quod
781 1422 979 1501 ipsius
1032 1423 1444 1485 testimonium
1496 1441 1563 1485 eo
1615 1422 1779 1485 debet
1832 1424 2270 1503 yravissimum

254 1510 551 1586 iudicari,
597 1509 759 1590 quod
799 1514 857 1572 et
898 1510 1194 1591 auyurale
1236 1509 1454 1573 habuit
1492 1510 1895 1574 sacerdotium
1939 1516 1997 1574 et
2039 1512 2271 1575 eosdem

178 1613 227 1654 15
252 1616 318 1662 se
361 1597 547 1661 colere
590 1598 979 1677 venerarique
1025 1602 1291 1661 testatur.
1381 1596 1603 1678 Itaque
1655 1598 1826 1662 intra
1860 1618 2094 1698 paucos
2147 1619 2271 1662 ver-

252 1685 475 1750 siculos
517 1684 675 1749 duas
718 1704 814 1749 res
857 1685 1029 1750 nobis
1073 1686 1266 1759 dedit,·
1322 1705 1472 1748 nam
1525 1686 1672 1749 dum
1724 1686 2056 1767 imayinem
2102 1687 2271 1766 filiae

253 1774 455 1837 eodem
497 1792 560 1837 se
602 1774 778 1837 modo
822 1778 1312 1837 consecraturum
1365 1793 1487 1837 esse
1527 1774 1921 1855 profiteretur
1929 1824 1946 1855 ,
2000 1794 2118 1855 quo
2172 1775 2272 1839 illi

253 1882 297 1924 a
337 1861 631 1925 veteribus
674 1866 822 1925 sunt
862 1862 1220 1942 consecrati,
1274 1866 1333 1924 et
1386 1861 1522 1925 illos
1575 1866 1843 1926 mortuos
1896 1882 2019 1926 esse
2071 1863 2275 1926 docuit

254 1953 314 2013 et
375 1950 674 2032 oriyinem
734 1969 930 2014 vanae
990 1950 1438 2031 superstitionis
1500 1951 1770 2015 ostendit.
1871 1948 2033 2015 Cum
2100 1973 2272 2035 vero,

174 2055 229 2093 20
255 2038 482 2117 inquit,
536 2039 602 2100 et
656 2058 866 2101 mares
923 2041 990 2101 et
1033 2036 1309 2101 feminas
1367 2039 1730 2120 complures
1778 2059 1854 2102 ex
1900 2039 2270 2102 hominibus

256 2124 323 2186 in
365 2124 629 2187 deorum
665 2146 932 2188 numero
972 2146 1111 2188 esse
1149 2124 1482 2189 videamus
1521 2129 1587 2188 et
1627 2147 1846 2190 eorum
1889 2127 1958 2189 in
2001 2127 2272 2190 urbibus

259 2215 453 2294 atque
508 2211 686 2297 agris
741 2212 1205 2297 augustissima
1261 2213 1531 2276 delubra
1585 2235 1992 2296 veneremur,
2052 2214 2272 2278 adsen-

259 2298 500 2363 tiamur
546 2321 767 2363 eorum
814 2299 1187 2383 sapientiae,
1235 2322 1508 2384 quorum
1554 2300 1832 2386 ingeniis
1880 2305 1945 2364 et
1991 2301 2270 2365 inventis

259 2408 516 2451 omnem
561 2387 766 2450 vitam
811 2387 1067 2473 legibus
1115 2392 1180 2452 et
1223 2388 1546 2453 institutis
1595 2389 1914 2452 excultam
1962 2390 2271 2452 constitu—

172 2492 228 2533 25
258 2479 521 2558 tamque
558 2475 890 2539 habemus,
955 2474 1199 2549 Quodsi
1234 2476 1441 2540 ullum
1482 2497 1788 2559 umquam
1837 2475 2077 2539 animal
2126 2499 2269 2541 con-

258 2563 637 2628 secrandum
689 2563 841 2646 fuit,
904 2562 1068 2627 illud
1129 2563 1422 2647 profecto
1487 2563 1630 2627 fuit.
1722 2561 1790 2627 Si
1847 2562 2073 2628 Cadmi
2128 2586 2271 2647 pro-

256 2651 475 2736 genies
550 2655 662 2714 aut
728 2651 1280 2736 Amphi[try]onis
1351 2655 1463 2715 aut
1527 2651 1811 2735 Tyndari
1881 2653 1951 2715 in
2023 2653 2272 2717 caelum

255 2739 544 2804 tollenda
595 2739 773 2803 fama
825 2739 977 2822 fuit,
1041 2739 1192 2804 huic
1246 2739 1418 2802 idem
1472 2739 1680 2803 honos
1737 2743 1908 2804 certe
1966 2740 2272 2805 dicandus

257 2831 384 2909 est3
431 2827 603 2911 quod
639 2828 895 2912 quidem
930 2826 1165 2891 faciam
1203 2830 1394 2909 teque
1434 2827 1722 2891 omnium
1770 2828 2081 2910 optimam
2131 2828 2273 2891 doc-

167 2934 227 2973 30
257 2915 707 2999 tissimamque
764 2915 1273 2998 adprobantibus
1333 2914 1431 2978 dis
1486 2914 1939 2979 inmortalibus
1999 2915 2158 2998 ipsis
2205 2916 2274 2978 in

256 3024 479 3067 eorum
534 3007 721 3067 coetu
775 3003 1057 3066 locatam
1112 3003 1194 3066 ad
1253 3002 1624 3086 opinionem
1681 3002 1966 3066 omnium
2033 3006 2272 3065 morta-

255 3090 418 3155 lium
481 3092 887 3156 consecrabo,
984 3091 1275 3155 Fortasse
1338 3092 1504 3155 dicat
1571 3091 1797 3170 aliquis
1860 3111 2017 3170 prae
2078 3092 2272 3153 nimio

256 3180 423 3244 luctu
474 3180 763 3244 delirasse
816 3178 1177 3244 Ciceronem,
1267 3179 1466 3259 Atqui
1528 3179 1726 3242 omnis
1789 3178 1904 3242 illa
1968 3180 2164 3242 oratio
2221 3184 2277 3241 et

254 3268 534 3332 doctrina
569 3273 626 3331 et
659 3268 945 3348 exemplis
987 3272 1044 3331 et
1086 3268 1217 3348 ipso
1265 3267 1548 3348 loquendi
1584 3286 1797 3348 yenere
1831 3266 2104 3346 perfecta
2147 3286 2273 3329 non

169 3371 226 3412 35
254 3355 452 3436 aeqri,
505 3356 610 3419 sed
650 3356 982 3419 constantis
1025 3355 1228 3418 animi
1271 3374 1345 3417 ac
1388 3354 1608 3418 iudicii
1648 3354 1800 3434 fuit,
1845 3357 1902 3417 et
1945 3353 2090 3418 haec
2134 3354 2274 3435 ipSa

254 3444 553 3507 sententia
597 3443 838 3507 nullum
870 3443 1149 3522 praefert
1191 3442 1494 3506 indicium
1539 3442 1780 3507 doloris.
1855 3441 2064 3522 Neque
2108 3443 2274 3505 enim

242 3535 400 3610 puto
444 3530 624 3594 illum
669 3536 795 3594 tam
839 3531 1031 3611 varie,
1088 3535 1215 3592 tarn
1270 3531 1527 3612 copiose,
1583 3534 1711 3592 tam
1763 3535 1974 3594 ornate
2017 3530 2276 3594 scribere
