2630 3913
309 164 395 228 72
1094 163 1190 217 DE
1229 161 1529 217 OFFICIIS

303 327 463 408 tati,
491 348 713 391 verum
745 327 941 391 etiam
967 326 1239 390 favetur.
1293 323 1517 390 Prima
1551 325 1754 410 igitur
1791 329 1892 388 est
1929 325 2320 391 adulescenti

309 415 782 481 commendatio
848 415 930 478 ad
994 415 1299 499 gloriam,
1363 414 1420 478 si
1483 435 1611 497 qua
1676 435 1753 478 ex
1816 413 2067 479 bellicis
2127 414 2319 478 rebus

307 504 672 587 comparari
718 505 962 587 potest,
1010 502 1082 566 in
1126 524 1253 586 qua
1298 502 1491 566 multi
1529 502 1699 586 apud
1744 503 2022 567 maiores
2060 506 2319 567 nostros

313 594 727 674 exstiterunt3
773 613 1026 675 semper
1072 590 1243 654 enim
1288 590 1422 654 fere
1470 591 1644 654 bella
1690 592 2100 676 gerebantur.
2181 590 2320 653 Tua

312 685 530 746 autem
586 683 766 744 aetas
820 679 1048 744 incidit
1099 679 1168 742 in
1221 679 1289 742 id
1344 679 1616 760 bellum,
1670 679 1848 743 cuius
1905 679 2114 743 altera
2166 701 2318 763 pars
2372 693 2402 735 ὅ

313 769 573 835 sceleris
619 768 893 832 nimium
937 767 1193 845 habuit,
1242 767 1450 832 altera
1494 766 1830 832 felicitatis
1866 789 2115 851 parum.
2179 766 2318 842 Quo

309 863 530 921 tamen
575 857 644 920 in
697 857 872 921 bello
928 878 1073 921 cum
1127 860 1192 919 te
1238 855 1584 940 Pompeius
1639 855 1782 920 alae
1837 856 2085 936 [alteri]
2140 877 2319 939 prae-

309 946 598 1029 fecisset,
636 966 943 1030 magnam
981 944 1235 1009 laudem
1275 948 1342 1008 et
1379 967 1418 1007 a
1454 966 1708 1009 summo
1745 944 1886 1008 viro
1924 950 1991 1007 et
2027 944 2110 1007 ab
2148 965 2319 1007 exer·

312 1035 446 1099 citu
491 1033 967 1117 consequebare
1013 1032 1392 1117 equitando,
1428 1032 1796 1116 iaculando,
1833 1031 2009 1097 omni
2048 1032 2319 1096 militari

310 1123 536 1188 labore
581 1121 938 1187 tolerando.
1029 1122 1246 1204 Atque
1300 1144 1378 1186 ea
1423 1120 1681 1205 quidem
1726 1125 1841 1185 tua
1886 1121 2028 1185 laus
2073 1120 2319 1205 pariter
2350 1138 2402 1177 ιο

312 1234 457 1277 cum
529 1234 599 1276 re
671 1211 933 1295 publica
1004 1209 1249 1275 cecidit.
1348 1208 1512 1273 Mihi
1584 1213 1802 1274 autem
1874 1209 2034 1273 haec
2107 1209 2317 1274 oratio

313 1304 615 1385 suscepta
656 1321 790 1364 non
835 1299 912 1364 de
957 1303 1024 1363 te
1063 1304 1188 1382 est,
1235 1298 1348 1361 sed
1386 1299 1462 1362 de
1509 1318 1741 1383 genere
1776 1301 1947 1381 tot03
1993 1319 2187 1381 quam
2234 1298 2317 1362 ob

206 1405 273 1453 46
312 1411 450 1453 rem
495 1409 843 1474 pergamus
892 1387 974 1451 ad
1020 1410 1125 1471 ea,
1173 1408 1337 1471 quae
1383 1390 1652 1451 restant.
1725 1384 1817 1450 Ut
1862 1386 2066 1471 igitur
2112 1386 2181 1449 in
2225 1408 2318 1450 re·

311 1477 508 1560 liquis
573 1478 765 1541 rebus
823 1476 1030 1540 multo
1086 1475 1338 1539 maiora
1392 1496 1589 1559 opera
1644 1479 1796 1538 sunt
1859 1474 2060 1538 animi
2125 1496 2318 1559 quam

311 1566 628 1649 corpori8‚
689 1564 781 1629 sic
828 1585 953 1627 eae·
985 1585 1117 1647 reS,
1173 1585 1332 1646 quas
1380 1563 1641 1648 ingenio
1689 1585 1763 1627 ac
1808 1563 2060 1627 ratione
2106 1585 2317 1646 perse·
2348 1579 2400 1619 ιδ

311 1655 586 1737 quimur,
625 1652 944 1738 gratiores
984 1655 1134 1716 sunt
1163 1673 1358 1735 quam
1384 1652 1570 1735 illae,
1600 1674 1760 1736 quas
1788 1651 2053 1716 viribuS.
2098 1650 2320 1716 Prima

308 1743 514 1827 igitur
559 1739 1030 1806 commendatio
1075 1740 1505 1824 proficiscitur
1552 1763 1592 1805 a
1636 1739 1955 1805 modestia
2000 1761 2144 1805 cum
2188 1740 2318 1825 pie-

310 1834 449 1894 tate
497 1830 565 1893 in
609 1832 941 1913 parentes,
986 1828 1055 1892 in
1094 1849 1244 1892 suos
1281 1828 1738 1893 benivolentia.
1812 1828 2167 1894 Facillume
2212 1850 2319 1893 au·

309 1923 444 1984 tem
491 1922 557 1983 et
593 1918 662 1982 in
700 1916 1014 2002 optimam
1050 1921 1305 2003 partem
1344 1922 1821 2004 cognoscuntur
1858 1917 2319 2001 adulescenteS,

310 2007 422 2091 qui
477 2028 544 2071 se
600 2006 681 2070 ad
727 2006 939 2071 claros
996 2011 1062 2070 et
1108 2007 1432 2090 sapientes
1479 2007 1653 2072 viros
1701 2009 1862 2072 bene
1909 2007 2316 2072 consulentes
2346 2024 2401 2063 20

310 2096 403 2160 rei
431 2095 729 2180 publicae
765 2095 1205 2178 contulerunt3
1252 2096 1633 2179 quibuscum
1661 2096 1718 2159 si
1744 2096 2111 2178 frequentes
2151 2100 2319 2180 sunt,

310 2184 679 2268 opinionem
708 2183 1005 2249 adferunt
1032 2183 1275 2269 populo
1314 2206 1536 2249 eorum
1572 2184 1713 2248 fore
1751 2205 1819 2248 se
1857 2185 2122 2267 similes,
2154 2206 2316 2266 quos

205 2288 270 2337 47
310 2273 437 2338 sibi
492 2273 618 2358 ipsi
675 2272 1033 2358 delegerint
1088 2273 1170 2337 ad
1224 2273 1626 2337 imitandum.
1716 2271 1786 2336 P.
1841 2271 2051 2336 Rutili
2105 2271 2317 2337 adule-

309 2362 624 2427 scentiam
662 2361 743 2427 ad
780 2361 1149 2446 opinionem
1186 2365 1252 2426 et
1287 2361 1692 2426 innocentiae
1730 2365 1796 2425 et
1822 2361 1982 2426 iuris
2011 2360 2317 2426 scientiae

304 2449 375 2515 P.
422 2449 594 2516 Muci
639 2449 1113 2515 commendavit
1158 2450 1403 2515 domus.
1493 2448 1663 2513 Nam
1708 2448 1779 2514 L.
1826 2449 2083 2534 quidem
2130 2448 2315 2514 Cras·
2345 2466 2397 2505 25

309 2561 417 2603 sus
428 2590 446 2620 ,
492 2561 638 2603 cum
675 2542 848 2603 esset
893 2539 1237 2603 admodum
1276 2539 1648 2603 adulescens
1659 2589 1677 2621 ,
1712 2559 1843 2603 non
1881 2538 2137 2602 aliunde
2177 2561 2315 2603 mu-

305 2630 528 2691 tuatus
575 2630 693 2704 est,
739 2625 852 2690 sed
897 2626 1022 2690 sibi
1056 2626 1197 2710 ipse
1240 2626 1494 2711 peperit
1530 2648 1898 2690 maxumam
1936 2626 2194 2691 laudem
2239 2649 2316 2691 ex

305 2715 424 2779 illa
469 2715 874 2779 accusatione
910 2714 1117 2779 nobili
1164 2719 1229 2777 et
1267 2714 1585 2799 gloriosa,
1631 2719 1721 2798 et,
1769 2737 1896 2798 qua
1941 2719 2158 2779 aetate
2206 2716 2316 2799 qui

308 2806 698 2886 exercentur,
743 2800 933 2867 laude
981 2802 1166 2867 adfici
1214 2803 1451 2885 solent,
1497 2806 1573 2867 ut
1617 2803 1694 2866 de
1731 2802 2171 2868 Demosthene
2217 2825 2314 2869 ac·

306 2891 619 2976 cepimuS,
665 2913 741 2956 ea
786 2894 1001 2955 aetate
1046 2890 1114 2954 L.
1162 2888 1436 2956 Crassus
1493 2891 1777 2955 ostendit
1829 2892 1897 2956 id
1942 2914 2010 2957 se
2056 2892 2125 2957 in
2167 2892 2311 2957 foro
2342 2909 2396 2949 ³⁰

308 2984 571 3065 optume
633 2979 765 3044 iam
830 2979 1067 3062 facere,
1176 2980 1305 3044 uod
1369 2980 1566 3044 etiam
1619 2984 1760 3044 tum
1823 2984 2083 3064 poterat
2143 2980 2315 3045 domi

200 3047 285 3172 ἑ
307 3091 452 3134 cum
499 3068 687 3133 laude
725 3067 1042 3133 meditari.
1179 3069 1256 3133 ed
1293 3091 1440 3134 cum
1478 3068 1711 3153 duplex
1749 3070 1919 3134 ratio
1957 3069 2045 3133 sit
2082 3070 2314 3135 oratio-

303 3158 433 3240 nis,
473 3180 744 3241 quarum
791 3157 861 3221 in
906 3157 1117 3221 altera
1163 3179 1376 3222 sermo
1425 3157 1537 3238 sit,
1590 3158 1659 3221 in
1714 3158 1922 3222 altera
1968 3158 2314 3241 contentiO,

304 3267 436 3310 non
483 3250 582 3309 est
635 3246 703 3311 id
758 3245 1015 3331 quidem
1074 3246 1368 3329 dubium,
1425 3246 1580 3329 quin
1625 3246 1953 3311 contentio
2001 3246 2313 3311 orationis

306 3335 618 3397 maiorem
663 3335 797 3398 vim
825 3326 1084 3399 ⁴habeat
1129 3334 1211 3399 ad
1258 3335 1539 3419 gloriam
1585 3332 1691 3418 (ea
1736 3340 1837 3399 est
1883 3334 2072 3417 enim,
2119 3356 2314 3419 quam
2342 3351 2394 3390 ⁸⁶

307 3420 745 3503 eloquentiam
801 3422 1124 3506 dicimus);
1188 3422 1301 3487 sed
1365 3427 1588 3487 tamen
1643 3423 1904 3489 difficile
1968 3424 2142 3488 dictu
2197 3428 2315 3503 est,

309 3512 706 3593 quantopere
782 3511 1081 3575 conciliet
1146 3511 1396 3575 animos
1466 3511 1739 3576 comitas
1814 3511 2316 3595 adfabilitasque
