2630 3913
738 189 1265 245 EPISTULARUM.
1305 153 1485 245 Ej111
1523 189 1677 245 7-v
1716 196 1798 243 11.
2136 187 2268 252 295

396 394 467 453 V.
532 393 641 451 AD
691 392 1118 451 CAESAREM
1162 389 1562 451 IUNIOREM
1607 390 1851 450 EPIST.
1898 390 2049 449 LIB.
2096 392 2141 449 I.

401 531 455 595 1.
502 530 748 594 Nonius
779 549 847 610 Ρ.
882 533 1027 594 238.
1062 532 1110 593 2
1154 529 1249 594 Μ
1290 528 1535 593 Tullius
1577 529 1664 592 ad
1707 526 2026 594 Caesarem
2071 527 2270 591 iunio-

266 638 392 682 rem
436 618 534 682 lib.
580 618 653 681 I:
701 620 766 681 et
813 620 925 680 aut
972 617 1051 680 ad
1098 618 1392 680 consules
1440 620 1553 680 aut
1599 615 1679 680 ad
1726 620 1791 680 te
1838 619 1951 680 aut
1997 616 2077 680 ad
2112 615 2269 679 Bru-

267 710 404 769 tum
450 706 752 789 adissent,
797 705 899 768 his
944 703 1156 769 fraudi
1202 726 1282 769 ne
1329 709 1526 789 esset,
1573 704 1744 787 quod
1791 726 1933 769 cum
1980 703 2268 768 Antonio

217 816 242 854 5
268 794 556 858 fuissent.

397 884 456 947 2.
503 883 665 947 Non.
698 904 767 964 Ρ.
802 885 949 946 239.
993 886 1085 948 22
1127 887 1185 946 et
1225 886 1368 947 383.
1417 886 1460 947 7
1500 881 1596 946 Μ
1636 881 1880 945 Tullius
1924 883 2009 945 ad
2051 880 2269 946 Caesa-

265 991 392 1035 rem
443 972 745 1035 iuniorem
800 970 897 1034 lib.
953 969 1026 1033 I:
1089 969 1275 1055 Roga
1329 970 1568 1054 ipsum,
1627 990 1815 1052 quem
1872 969 1953 1033 ad
2010 968 2267 1034 modum

270 1080 388 1144 ego
438 1080 582 1123 eum
628 1057 908 1122 Arimini
955 1058 1326 1142 acceperim.
1470 1109 1474 1112 .

397 1147 456 1211 3.
502 1147 664 1211 Non.
700 1168 766 1228 Ρ.
810 1149 959 1212 252.
1003 1152 1085 1212 19
1129 1147 1225 1211 Μ
1275 1146 1518 1211 Tullius
1572 1147 1658 1210 ad
1699 1145 2019 1210 Caesarem
2072 1146 2271 1209 iunio·

194 1257 240 1294 ιο
267 1255 393 1298 rem
440 1235 537 1299 lib.
574 1234 624 1299 I
625 1255 649 1298 .·
695 1236 806 1299 sed
851 1234 979 1299 cito
1025 1234 1346 1319 paenituit
1392 1234 1777 1317 domumque
1819 1233 2028 1315 rediit,
2074 1233 2271 1297 ceteri

268 1324 750 1387 cunctabantur.

397 1413 458 1475 4.
505 1412 667 1475 Non.
696 1431 766 1493 Ρ.
800 1414 926 1475 255
943 1431 1027 1492 sq.
1064 1412 1159 1476 M
1201 1411 1446 1476 Tullius
1489 1413 1573 1476 ad
1609 1410 1927 1476 Caesarem
1973 1411 2270 1474 iuniorem

267 1500 366 1564 lib.
412 1500 485 1563 I:
544 1498 883 1563 Neminem
939 1499 1062 1562 tibi
1114 1499 1405 1583 profecto
1458 1499 1786 1564 hominem
1841 1521 1916 1563 ex
1972 1499 2269 1563 omnibus

267 1591 379 1651 aut
430 1588 940 1672 anteposuissem
994 1609 1300 1671 umquam
1358 1590 1471 1651 aut
1525 1588 1720 1652 etiam
1777 1608 2269 1672 comparassem.

189 1697 238 1735 ιε
398 1676 455 1741 5.
503 1678 665 1742 Non.
704 1699 767 1758 Ρ.
802 1681 949 1741 269.
985 1681 1033 1742 2
1067 1677 1160 1740 Μ
1202 1676 1446 1740 Tullius
1488 1678 1574 1740 ad
1608 1675 1927 1741 Caesarem
1972 1677 2271 1740 iuniorem

265 1766 363 1829 lib.
410 1765 484 1828 I:
537 1766 606 1828 in
654 1765 942 1850 singulas
988 1765 1245 1850 tegulas
1290 1764 1618 1848 impositis
1667 1764 1974 1828 sescentis
2022 1785 2270 1828 sescen-

263 1854 387 1917 ties
435 1854 659 1919 confici
704 1874 911 1938 posse.
960 1889 1043 1899 -—
1092 1853 1184 1932 Cf.
1230 1852 1359 1917 Dio
1406 1852 1572 1918 Casa
1619 1853 1858 1917 XLVI
1894 1857 1991 1917 31.
2035 1858 2095 1917 3.

397 1943 456 2007 6.
503 1944 665 2007 Non.
706 1965 766 2022 Ρ.
810 1947 956 2009 269.
1001 1947 1086 2007 17
1129 1942 1223 2006 Μ
1275 1942 1518 2007 Tullius
1573 1943 1658 2006 ad
1702 1940 2020 2007 Gaesarem
2075 1942 2273 2006 iunio-

263 2051 392 2093 rem
430 2032 528 2095 lib.
565 2031 639 2094 I.-
683 2029 959 2113 Bellum,
1004 2035 1078 2094 ut
1116 2030 1334 2114 opinio
1381 2052 1524 2095 mea
1568 2030 1718 2114 fert,
1761 2052 2076 2095 consensu
2122 2031 2272 2095 civi-

183 2138 236 2176 20
265 2118 426 2181 tatis
473 2117 833 2183 confectum
878 2119 1010 2182 iam
1053 2118 1457 2183 haberemus,
1730 2186 1739 2194 ,

403 2207 459 2269 7.
515 2206 676 2269 Non.
719 2228 786 2287 Ρ.
830 2211 961 2272 283
986 2226 1071 2287 sq.
1124 2207 1221 2271 Μ
1270 2206 1514 2272 Tullius
1566 2208 1652 2271 ad
1703 2205 2021 2273 Gaesarem
2073 2208 2273 2271 iunio-

265 2313 395 2357 rem
449 2294 548 2358 zib.
601 2294 675 2357 I:
737 2293 838 2357 Ne
893 2315 994 2357 res
1051 2294 1411 2377 duceretur,
1473 2294 1767 2378 fecimus,
1830 2297 1904 2357 ut
1958 2293 2271 2359 Hercules

267 2380 594 2444 Antianus
638 2381 706 2445 in
753 2382 952 2446 alium
999 2382 1212 2447 locum
1257 2382 1734 2447 transferretur.

401 2471 459 2535 8.
515 2469 678 2535 Non.
722 2492 788 2552 Ρ.
833 2475 979 2536 298.
1025 2474 1113 2536 20
1164 2471 1250 2554 (Ρ.
1295 2475 1442 2537 297.
1493 2477 1535 2536 7
1582 2471 1821 2554 Quich.)
1875 2470 1968 2534 M
2029 2471 2272 2535 Tullius

180 2576 234 2616 25
263 2560 351 2622 ad
384 2557 703 2624 Gaesarem
750 2561 1049 2624 iuniorem
1095 2560 1194 2624 lib.
1230 2558 1280 2623 Ι
1281 2581 1303 2623 .·
1349 2559 1448 2623 Ex
1496 2560 1725 2625 ceteris
1771 2562 1987 2623 autem
2026 2559 2270 2644 generi-

263 2648 385 2711 bus
432 2650 585 2712 tunc
630 2647 900 2731 pecunia
945 2647 1342 2732 expedietur,
1397 2670 1543 2713 cum
1589 2648 1953 2733 legionibus
2000 2647 2272 2712 victrici-

263 2736 385 2799 bus
434 2739 647 2818 erunt,
696 2758 858 2820 quae
906 2736 1395 2821 spopondimuS,
1441 2736 1883 2821 persolvenda.

399 2824 457 2888 9.
504 2825 667 2889 Non.
700 2846 767 2906 Ρ.
813 2830 960 2890 328.
1005 2830 1089 2890 18
1131 2825 1227 2890 Μ
1278 2826 1521 2890 Tullius
1574 2827 1659 2889 ad
1703 2824 2023 2890 Caesarem
2071 2826 2273 2889 iunio-

262 2933 392 2976 rem
447 2913 547 2976 zib.
601 2913 674 2976 1.·
740 2914 850 2977 sed
916 2912 1085 2996 quod
1137 2912 1421 2977 viderem
1480 2914 1738 2978 nomine
1793 2913 1972 2997 pacis
2024 2913 2272 2977 bellum

177 3017 233 3057 30
264 3000 631 3065 involutum
675 3001 833 3066 fore.

401 3090 498 3153 10.
545 3089 709 3154 Non.
743 3112 809 3170 Ρ.
854 3093 994 3155 356.
1032 3094 1114 3154 13
1157 3089 1250 3153 Μ.
1293 3089 1536 3154 Tullius
1579 3091 1665 3154 ad
1708 3088 2027 3155 Gaesarem
2071 3090 2274 3153 iunio-

259 3198 391 3240 rem
454 3177 555 3242 lib.
615 3178 691 3242 I:
735 3177 900 3242 Erat
964 3177 1182 3261 opinio
1246 3178 1419 3243 bona
1484 3179 1560 3242 de
1621 3176 1896 3261 PlancO,
1958 3178 2129 3242 bona
2194 3177 2272 3241 de

259 3264 523 3349 LGPidO.

398 3356 498 3417 11.
545 3354 707 3419 Non.
741 3376 808 3436 Ρ.
853 3360 996 3419 371.
1047 3360 1089 3420 7
1131 3354 1228 3419 M
1279 3355 1522 3420 Tullius
1574 3356 1660 3419 ad
1703 3353 2022 3419 Caesarem
2071 3355 2270 3417 iunio-

170 3456 229 3497 85
258 3461 388 3505 rem
435 3442 532 3505 lib.
579 3442 653 3505 I:
708 3446 780 3506 tu
837 3443 893 3506 si
937 3464 1149 3506 meam
1193 3443 1388 3508 fidem
1431 3442 1865 3528 praestiteris,
1912 3442 2081 3526 quod
2127 3463 2273 3508 con·

257 3528 388 3592 fido
437 3533 501 3593 te
550 3550 688 3594 esse
733 3530 1075 3595 facturum.
