<?xml version="1.0" encoding="UTF-8"?>
<!DOCTYPE html PUBLIC "-//W3C//DTD XHTML 1.0 Transitional//EN"
    "http://www.w3.org/TR/xhtml1/DTD/xhtml1-transitional.dtd">
<html xmlns="http://www.w3.org/1999/xhtml" xml:lang="en" lang="en">
 <head>
  <title>
</title>
<meta http-equiv="Content-Type" content="text/html;charset=utf-8" />
  <meta name='ocr-system' content='tesseract 3.04.00' />
  <meta name='ocr-capabilities' content='ocr_page ocr_carea ocr_par ocr_line ocrx_word'/>
</head>
<body>
  <div class='ocr_page' id='page_1' title='image "./scriptaquaemans01cicegoog_0133.png"; bbox 0 0 2630 3913; ppageno 0'>
   <div class='ocr_carea' id='block_1_1' title="bbox 840 160 2339 248">
    <p class='ocr_par' dir='ltr' id='par_1_1' title="bbox 840 160 2339 248">
     <span class='ocr_line' id='line_1_1' title="bbox 840 160 2339 248; baseline 0.007 -16"><span class='ocrx_word' id='word_1_1' title='bbox 840 178 973 236; x_wconf 85' lang='lat' dir='ltr'><strong>LIB.</strong></span> <span class='ocrx_word' id='word_1_2' title='bbox 1011 180 1084 234; x_wconf 91' lang='grc' dir='ltr'><strong>ΙΙ.</strong></span> <span class='ocrx_word' id='word_1_3' title='bbox 1165 172 1317 236; x_wconf 79' lang='grc' dir='ltr'><strong>ΟΑΡ.</strong></span> <span class='ocrx_word' id='word_1_4' title='bbox 1356 185 1406 248; x_wconf 82' lang='lat'><strong>2,</strong></span> <span class='ocrx_word' id='word_1_5' title='bbox 1444 186 1492 233; x_wconf 88' lang='lat'><strong>3.</strong></span> <span class='ocrx_word' id='word_1_6' title='bbox 1566 187 1596 245; x_wconf 64' lang='grc' dir='ltr'>ς</span> <span class='ocrx_word' id='word_1_7' title='bbox 1633 186 1822 234; x_wconf 83' lang='lat'>5-11.</span> <span class='ocrx_word' id='word_1_8' title='bbox 2192 160 2207 171; x_wconf 27' lang='grc' dir='ltr'><em>κ</em></span> <span class='ocrx_word' id='word_1_9' title='bbox 2255 179 2339 242; x_wconf 79' lang='lat'><strong>59</strong></span> 
     </span>
    </p>
   </div>
   <div class='ocr_carea' id='block_1_2' title="bbox 161 339 2359 2016">
    <p class='ocr_par' dir='ltr' id='par_1_2' title="bbox 161 339 2359 2016">
     <span class='ocr_line' id='line_1_2' title="bbox 326 339 2340 426; baseline -0 -19"><span class='ocrx_word' id='word_1_10' title='bbox 326 344 573 407; x_wconf 90' lang='lat' dir='ltr'><strong>incerta</strong></span> <span class='ocrx_word' id='word_1_11' title='bbox 620 362 761 406; x_wconf 89' lang='lat' dir='ltr'><strong>esse</strong></span> <span class='ocrx_word' id='word_1_12' title='bbox 808 340 1053 425; x_wconf 87' lang='lat' dir='ltr'><strong>dicunt,</strong></span> <span class='ocrx_word' id='word_1_13' title='bbox 1100 340 1193 406; x_wconf 92' lang='lat' dir='ltr'><strong>sic</strong></span> <span class='ocrx_word' id='word_1_14' title='bbox 1238 341 1321 404; x_wconf 92' lang='lat' dir='ltr'><strong>ab</strong></span> <span class='ocrx_word' id='word_1_15' title='bbox 1367 339 1470 404; x_wconf 92' lang='lat' dir='ltr'><strong>his</strong></span> <span class='ocrx_word' id='word_1_16' title='bbox 1520 340 1972 405; x_wconf 76' lang='lat' dir='ltr'><strong>dissentientes</strong></span> <span class='ocrx_word' id='word_1_17' title='bbox 2019 340 2150 405; x_wconf 95' lang='lat' dir='ltr'><strong>alia</strong></span> <span class='ocrx_word' id='word_1_18' title='bbox 2196 361 2340 426; x_wconf 89' lang='lat' dir='ltr'><strong>pro-</strong></span> 
     </span>
     <span class='ocr_line' id='line_1_3' title="bbox 326 427 2341 520; baseline -0.002 -24"><span class='ocrx_word' id='word_1_19' title='bbox 326 430 614 520; x_wconf 76' lang='lat' dir='ltr'><strong>habilia,</strong></span> <span class='ocrx_word' id='word_1_20' title='bbox 656 433 882 494; x_wconf 90' lang='lat' dir='ltr'><strong>contra</strong></span> <span class='ocrx_word' id='word_1_21' title='bbox 936 429 1066 494; x_wconf 88' lang='lat' dir='ltr'><strong>alia</strong></span> <span class='ocrx_word' id='word_1_22' title='bbox 1122 428 1410 493; x_wconf 89' lang='lat' dir='ltr'><strong>dicimus.</strong></span> <span class='ocrx_word' id='word_1_23' title='bbox 1501 427 1666 503; x_wconf 85' lang='lat' dir='ltr'><strong>Quid</strong></span> <span class='ocrx_word' id='word_1_24' title='bbox 1699 431 1821 493; x_wconf 86' lang='lat' dir='ltr'><strong>.est</strong></span> <span class='ocrx_word' id='word_1_25' title='bbox 1875 428 2116 514; x_wconf 51' lang='lat' dir='ltr'><strong>igitur,</strong></span> <span class='ocrx_word' id='word_1_26' title='bbox 2171 428 2341 512; x_wconf 92' lang='lat' dir='ltr'><strong>quod</strong></span> 
     </span>
     <span class='ocr_line' id='line_1_4' title="bbox 277 516 2339 606; baseline -0.002 -22"><span class='ocrx_word' id='word_1_27' title='bbox 277 520 288 525; x_wconf 74' lang='grc'><em>“</em></span> <span class='ocrx_word' id='word_1_28' title='bbox 327 541 429 584; x_wconf 93' lang='lat' dir='ltr'><strong>me</strong></span> <span class='ocrx_word' id='word_1_29' title='bbox 465 517 777 603; x_wconf 91' lang='lat' dir='ltr'><strong>impediat</strong></span> <span class='ocrx_word' id='word_1_30' title='bbox 815 539 923 606; x_wconf 55' lang='lat' dir='ltr'><strong>ea,</strong></span> <span class='ocrx_word' id='word_1_31' title='bbox 945 538 1107 601; x_wconf 92' lang='lat' dir='ltr'><strong>quae</strong></span> <span class='ocrx_word' id='word_1_32' title='bbox 1145 516 1513 601; x_wconf 81' lang='lat' dir='ltr'><strong>probabilia</strong></span> <span class='ocrx_word' id='word_1_33' title='bbox 1550 516 1710 580; x_wconf 94' lang='lat' dir='ltr'><strong>mihi</strong></span> <span class='ocrx_word' id='word_1_34' title='bbox 1747 516 2113 605; x_wconf 60' lang='lat' dir='ltr'><strong>videantur,</strong></span> <span class='ocrx_word' id='word_1_35' title='bbox 2139 517 2339 600; x_wconf 88' lang='lat' dir='ltr'><strong>sequi,</strong></span> 
     </span>
     <span class='ocr_line' id='line_1_5' title="bbox 161 604 2338 705; baseline -0.001 -33"><span class='ocrx_word' id='word_1_36' title='bbox 161 682 168 689; x_wconf 44' lang='grc'>,</span> <span class='ocrx_word' id='word_1_37' title='bbox 327 628 490 691; x_wconf 90' lang='lat' dir='ltr'><strong>quae</strong></span> <span class='ocrx_word' id='word_1_38' title='bbox 532 609 787 688; x_wconf 88' lang='lat' dir='ltr'><strong>contra,</strong></span> <span class='ocrx_word' id='word_1_39' title='bbox 832 605 1202 705; x_wconf 68' lang='lat' dir='ltr'><strong>inprobarez</strong></span> <span class='ocrx_word' id='word_1_40' title='bbox 1224 608 1419 688; x_wconf 88' lang='lat' dir='ltr'><strong>atque</strong></span> <span class='ocrx_word' id='word_1_41' title='bbox 1467 604 1850 670; x_wconf 89' lang='lat' dir='ltr'><strong>adfirmandi</strong></span> <span class='ocrx_word' id='word_1_42' title='bbox 1896 606 2338 690; x_wconf 75' lang='lat' dir='ltr'><strong>arrogantiam</strong></span> 
     </span>
     <span class='ocr_line' id='line_1_6' title="bbox 271 692 2339 783; baseline 0.001 -28"><span class='ocrx_word' id='word_1_43' title='bbox 271 713 297 755; x_wconf 75' lang='lat'><strong>⁶</strong></span> <span class='ocrx_word' id='word_1_44' title='bbox 324 696 643 761; x_wconf 73' lang='lat' dir='ltr'><strong>vitantem</strong></span> <span class='ocrx_word' id='word_1_45' title='bbox 696 692 923 779; x_wconf 86' lang='lat' dir='ltr'><strong>fugere</strong></span> <span class='ocrx_word' id='word_1_46' title='bbox 978 697 1413 758; x_wconf 80' lang='lat' dir='ltr'><strong>temeritatem</strong></span> <span class='ocrx_word' id='word_1_47' title='bbox 1418 734 1469 783; x_wconf 57' lang='lat' dir='ltr'><strong>,s</strong></span> <span class='ocrx_word' id='word_1_48' title='bbox 1508 715 1672 777; x_wconf 88' lang='lat' dir='ltr'><strong>quae</strong></span> <span class='ocrx_word' id='word_1_49' title='bbox 1729 715 1768 757; x_wconf 93' lang='lat' dir='ltr'><strong>a</strong></span> <span class='ocrx_word' id='word_1_50' title='bbox 1834 693 2153 777; x_wconf 88' lang='lat' dir='ltr'><strong>sapientia</strong></span> <span class='ocrx_word' id='word_1_51' title='bbox 2217 693 2339 758; x_wconf 90' lang='lat' dir='ltr'><strong>dis-</strong></span> 
     </span>
     <span class='ocr_line' id='line_1_7' title="bbox 326 779 2338 867; baseline -0.001 -18"><span class='ocrx_word' id='word_1_52' title='bbox 326 784 492 849; x_wconf 84' lang='lat' dir='ltr'><strong>sidet</strong></span> <span class='ocrx_word' id='word_1_53' title='bbox 545 781 940 867; x_wconf 80' lang='lat' dir='ltr'><strong>plurimum‘?</strong></span> <span class='ocrx_word' id='word_1_54' title='bbox 1031 779 1276 847; x_wconf 86' lang='lat' dir='ltr'><strong>Contra</strong></span> <span class='ocrx_word' id='word_1_55' title='bbox 1332 784 1549 845; x_wconf 90' lang='lat' dir='ltr'><strong>autem</strong></span> <span class='ocrx_word' id='word_1_56' title='bbox 1605 781 1822 847; x_wconf 89' lang='lat' dir='ltr'><strong>omnia</strong></span> <span class='ocrx_word' id='word_1_57' title='bbox 1878 781 2246 865; x_wconf 87' lang='lat' dir='ltr'><strong>disputatur</strong></span> <span class='ocrx_word' id='word_1_58' title='bbox 2301 804 2338 846; x_wconf 90' lang='lat' dir='ltr'><strong>a</strong></span> 
     </span>
     <span class='ocr_line' id='line_1_8' title="bbox 323 869 2359 954; baseline -0.001 -18"><span class='ocrx_word' id='word_1_59' title='bbox 323 871 586 954; x_wconf 89' lang='lat' dir='ltr'><strong>nostris,</strong></span> <span class='ocrx_word' id='word_1_60' title='bbox 633 869 805 954; x_wconf 90' lang='lat' dir='ltr'><strong>quod</strong></span> <span class='ocrx_word' id='word_1_61' title='bbox 848 870 973 935; x_wconf 91' lang='lat' dir='ltr'><strong>hoc</strong></span> <span class='ocrx_word' id='word_1_62' title='bbox 1009 869 1225 954; x_wconf 90' lang='lat' dir='ltr'><strong>ipsum</strong></span> <span class='ocrx_word' id='word_1_63' title='bbox 1270 869 1610 953; x_wconf 89' lang='lat' dir='ltr'><strong>probabile</strong></span> <span class='ocrx_word' id='word_1_64' title='bbox 1648 869 1896 935; x_wconf 79' lang='lat' dir='ltr'><strong>elucere</strong></span> <span class='ocrx_word' id='word_1_65' title='bbox 1932 891 2063 934; x_wconf 94' lang='lat' dir='ltr'><strong>non</strong></span> <span class='ocrx_word' id='word_1_66' title='bbox 2099 873 2359 954; x_wconf 58' lang='lat' dir='ltr'><strong>posset(</strong></span> 
     </span>
     <span class='ocr_line' id='line_1_9' title="bbox 324 956 2336 1042; baseline -0.001 -17"><span class='ocrx_word' id='word_1_67' title='bbox 324 960 451 1025; x_wconf 89' lang='lat' dir='ltr'><strong>nisi</strong></span> <span class='ocrx_word' id='word_1_68' title='bbox 497 981 572 1023; x_wconf 86' lang='lat' dir='ltr'><strong>ex</strong></span> <span class='ocrx_word' id='word_1_69' title='bbox 618 962 894 1042; x_wconf 90' lang='lat' dir='ltr'><strong>utraque</strong></span> <span class='ocrx_word' id='word_1_70' title='bbox 938 961 1124 1042; x_wconf 89' lang='lat' dir='ltr'><strong>parte</strong></span> <span class='ocrx_word' id='word_1_71' title='bbox 1170 979 1509 1022; x_wconf 90' lang='lat' dir='ltr'><strong>causarum</strong></span> <span class='ocrx_word' id='word_1_72' title='bbox 1556 961 1726 1022; x_wconf 90' lang='lat' dir='ltr'><strong>esset</strong></span> <span class='ocrx_word' id='word_1_73' title='bbox 1769 956 1946 1022; x_wconf 86' lang='lat' dir='ltr'><strong>facta</strong></span> <span class='ocrx_word' id='word_1_74' title='bbox 1991 957 2336 1023; x_wconf 76' lang='lat' dir='ltr'><strong>contentio,</strong></span> 
     </span>
     <span class='ocr_line' id='line_1_10' title="bbox 326 1045 2336 1130; baseline -0.001 -17"><span class='ocrx_word' id='word_1_75' title='bbox 326 1046 451 1113; x_wconf 86' lang='lat' dir='ltr'><strong>Sed</strong></span> <span class='ocrx_word' id='word_1_76' title='bbox 494 1048 654 1112; x_wconf 91' lang='lat' dir='ltr'><strong>haec</strong></span> <span class='ocrx_word' id='word_1_77' title='bbox 701 1047 1047 1130; x_wconf 84' lang='lat' dir='ltr'><strong>explanata</strong></span> <span class='ocrx_word' id='word_1_78' title='bbox 1100 1049 1252 1110; x_wconf 89' lang='lat' dir='ltr'><strong>sunt</strong></span> <span class='ocrx_word' id='word_1_79' title='bbox 1303 1045 1373 1109; x_wconf 95' lang='lat' dir='ltr'><strong>in</strong></span> <span class='ocrx_word' id='word_1_80' title='bbox 1420 1045 1821 1110; x_wconf 79' lang='lat' dir='ltr'><strong>Academicis</strong></span> <span class='ocrx_word' id='word_1_81' title='bbox 1866 1045 2110 1110; x_wconf 88' lang='lat' dir='ltr'><strong>nostris</strong></span> <span class='ocrx_word' id='word_1_82' title='bbox 2157 1046 2336 1129; x_wconf 79' lang='lat' dir='ltr'><strong>satiS,</strong></span> 
     </span>
     <span class='ocr_line' id='line_1_11' title="bbox 250 1131 2337 1220; baseline -0.001 -19"><span class='ocrx_word' id='word_1_83' title='bbox 250 1155 299 1194; x_wconf 82' lang='grc' dir='ltr'><strong>ιο</strong></span> <span class='ocrx_word' id='word_1_84' title='bbox 326 1140 400 1202; x_wconf 86' lang='lat' dir='ltr'><strong>ut</strong></span> <span class='ocrx_word' id='word_1_85' title='bbox 446 1135 749 1218; x_wconf 87' lang='lat' dir='ltr'><strong>arbitror,</strong></span> <span class='ocrx_word' id='word_1_86' title='bbox 794 1134 1164 1220; x_wconf 62' lang='lat' dir='ltr'><strong>diligenter„</strong></span> <span class='ocrx_word' id='word_1_87' title='bbox 1229 1132 1378 1197; x_wconf 85' lang='lat' dir='ltr'><strong>Tibi</strong></span> <span class='ocrx_word' id='word_1_88' title='bbox 1425 1137 1658 1218; x_wconf 90' lang='lat' dir='ltr'><strong>autem,</strong></span> <span class='ocrx_word' id='word_1_89' title='bbox 1703 1133 1794 1196; x_wconf 96' lang='lat' dir='ltr'><strong>mi</strong></span> <span class='ocrx_word' id='word_1_90' title='bbox 1832 1131 2073 1218; x_wconf 85' lang='lat' dir='ltr'><strong>Cicer0,</strong></span> <span class='ocrx_word' id='word_1_91' title='bbox 2119 1157 2337 1218; x_wconf 88' lang='lat' dir='ltr'><strong>quam-</strong></span> 
     </span>
     <span class='ocr_line' id='line_1_12' title="bbox 329 1219 2337 1308; baseline -0.001 -19"><span class='ocrx_word' id='word_1_92' title='bbox 329 1246 526 1308; x_wconf 90' lang='lat' dir='ltr'><strong>quam</strong></span> <span class='ocrx_word' id='word_1_93' title='bbox 568 1223 638 1287; x_wconf 95' lang='lat' dir='ltr'><strong>in</strong></span> <span class='ocrx_word' id='word_1_94' title='bbox 675 1222 1130 1306; x_wconf 90' lang='lat' dir='ltr'><strong>antiquissima</strong></span> <span class='ocrx_word' id='word_1_95' title='bbox 1163 1221 1697 1305; x_wconf 89' lang='lat' dir='ltr'><strong>nobilissimaque</strong></span> <span class='ocrx_word' id='word_1_96' title='bbox 1733 1220 2150 1306; x_wconf 86' lang='lat' dir='ltr'><strong>philosophia</strong></span> <span class='ocrx_word' id='word_1_97' title='bbox 2187 1219 2337 1287; x_wconf 86' lang='lat' dir='ltr'><strong>Cra-</strong></span> 
     </span>
     <span class='ocr_line' id='line_1_13' title="bbox 328 1308 2339 1396; baseline -0 -21"><span class='ocrx_word' id='word_1_98' title='bbox 328 1313 513 1396; x_wconf 85' lang='lat' dir='ltr'><strong>tippo</strong></span> <span class='ocrx_word' id='word_1_99' title='bbox 551 1314 808 1375; x_wconf 88' lang='lat' dir='ltr'><strong>auctore</strong></span> <span class='ocrx_word' id='word_1_100' title='bbox 843 1310 1124 1375; x_wconf 79' lang='lat' dir='ltr'><strong>versaris</strong></span> <span class='ocrx_word' id='word_1_101' title='bbox 1161 1308 1241 1374; x_wconf 92' lang='lat' dir='ltr'><strong>iis</strong></span> <span class='ocrx_word' id='word_1_102' title='bbox 1281 1309 1664 1396; x_wconf 49' lang='lat' dir='ltr'><strong>simillimo,</strong></span> <span class='ocrx_word' id='word_1_103' title='bbox 1694 1309 1804 1393; x_wconf 93' lang='lat' dir='ltr'><strong>qui</strong></span> <span class='ocrx_word' id='word_1_104' title='bbox 1840 1309 1971 1373; x_wconf 92' lang='lat' dir='ltr'><strong>ista</strong></span> <span class='ocrx_word' id='word_1_105' title='bbox 2004 1310 2339 1394; x_wconf 86' lang='lat' dir='ltr'><strong>praeclara</strong></span> 
     </span>
     <span class='ocr_line' id='line_1_14' title="bbox 331 1397 2338 1485; baseline -0 -22"><span class='ocrx_word' id='word_1_106' title='bbox 331 1402 732 1485; x_wconf 87' lang='lat' dir='ltr'><strong>pepererunt,</strong></span> <span class='ocrx_word' id='word_1_107' title='bbox 777 1402 996 1463; x_wconf 87' lang='lat' dir='ltr'><strong>tamen</strong></span> <span class='ocrx_word' id='word_1_108' title='bbox 1032 1398 1192 1463; x_wconf 87' lang='lat' dir='ltr'><strong>haec</strong></span> <span class='ocrx_word' id='word_1_109' title='bbox 1226 1401 1455 1462; x_wconf 90' lang='lat' dir='ltr'><strong>nostra</strong></span> <span class='ocrx_word' id='word_1_110' title='bbox 1487 1397 1787 1462; x_wconf 88' lang='lat' dir='ltr'><strong>finituma</strong></span> <span class='ocrx_word' id='word_1_111' title='bbox 1826 1397 2063 1462; x_wconf 79' lang='lat' dir='ltr'><strong>vestris</strong></span> <span class='ocrx_word' id='word_1_112' title='bbox 2108 1397 2338 1483; x_wconf 85' lang='lat' dir='ltr'><strong>ignota</strong></span> 
     </span>
     <span class='ocr_line' id='line_1_15' title="bbox 333 1485 1988 1570; baseline -0.002 -18"><span class='ocrx_word' id='word_1_113' title='bbox 333 1508 472 1552; x_wconf 86' lang='lat' dir='ltr'><strong>esse</strong></span> <span class='ocrx_word' id='word_1_114' title='bbox 515 1487 712 1552; x_wconf 89' lang='lat' dir='ltr'><strong>nolui.</strong></span> <span class='ocrx_word' id='word_1_115' title='bbox 802 1485 928 1551; x_wconf 87' lang='lat' dir='ltr'><strong>Sed</strong></span> <span class='ocrx_word' id='word_1_116' title='bbox 972 1485 1102 1550; x_wconf 90' lang='lat' dir='ltr'><strong>iam</strong></span> <span class='ocrx_word' id='word_1_117' title='bbox 1149 1485 1231 1550; x_wconf 89' lang='lat' dir='ltr'><strong>ad</strong></span> <span class='ocrx_word' id='word_1_118' title='bbox 1275 1485 1579 1551; x_wconf 89' lang='lat' dir='ltr'><strong>instituta</strong></span> <span class='ocrx_word' id='word_1_119' title='bbox 1622 1505 1988 1570; x_wconf 83' lang='lat' dir='ltr'><strong>pergamus.</strong></span> 
     </span>
     <span class='ocr_line' id='line_1_16' title="bbox 255 1572 2336 1660; baseline 0 -21"><span class='ocrx_word' id='word_1_120' title='bbox 255 1592 304 1633; x_wconf 63' lang='grc' dir='ltr'><strong>ιε</strong></span> <span class='ocrx_word' id='word_1_121' title='bbox 462 1573 754 1659; x_wconf 83' lang='lat' dir='ltr'><strong>Quinque</strong></span> <span class='ocrx_word' id='word_1_122' title='bbox 806 1575 1011 1660; x_wconf 83' lang='lat' dir='ltr'><strong>igitur</strong></span> <span class='ocrx_word' id='word_1_123' title='bbox 1063 1573 1424 1639; x_wconf 90' lang='lat' dir='ltr'><strong>rationibus</strong></span> <span class='ocrx_word' id='word_1_124' title='bbox 1479 1573 1834 1659; x_wconf 88' lang='lat' dir='ltr'><strong>propositis</strong></span> <span class='ocrx_word' id='word_1_125' title='bbox 1884 1572 2081 1638; x_wconf 88' lang='lat' dir='ltr'><strong>officii</strong></span> <span class='ocrx_word' id='word_1_126' title='bbox 2126 1594 2336 1658; x_wconf 86' lang='lat' dir='ltr'><strong>perse-</strong></span> 
     </span>
     <span class='ocr_line' id='line_1_17' title="bbox 330 1661 2335 1749; baseline -0.001 -21"><span class='ocrx_word' id='word_1_127' title='bbox 330 1663 579 1749; x_wconf 86' lang='lat' dir='ltr'><strong>quendi,</strong></span> <span class='ocrx_word' id='word_1_128' title='bbox 627 1684 898 1747; x_wconf 86' lang='lat' dir='ltr'><strong>quarum</strong></span> <span class='ocrx_word' id='word_1_129' title='bbox 944 1663 1105 1726; x_wconf 89' lang='lat' dir='ltr'><strong>duae</strong></span> <span class='ocrx_word' id='word_1_130' title='bbox 1148 1662 1229 1727; x_wconf 91' lang='lat' dir='ltr'><strong>ad</strong></span> <span class='ocrx_word' id='word_1_131' title='bbox 1265 1661 1456 1728; x_wconf 89' lang='lat' dir='ltr'><strong>decus</strong></span> <span class='ocrx_word' id='word_1_132' title='bbox 1492 1662 2027 1746; x_wconf 86' lang='lat' dir='ltr'><strong>honestatemque</strong></span> <span class='ocrx_word' id='word_1_133' title='bbox 2061 1661 2335 1746; x_wconf 89' lang='lat' dir='ltr'><strong>pertine-</strong></span> 
     </span>
     <span class='ocr_line' id='line_1_18' title="bbox 327 1749 2336 1836; baseline -0.001 -19"><span class='ocrx_word' id='word_1_134' title='bbox 327 1755 489 1836; x_wconf 87' lang='lat' dir='ltr'><strong>rent,</strong></span> <span class='ocrx_word' id='word_1_135' title='bbox 535 1751 697 1816; x_wconf 90' lang='lat' dir='ltr'><strong>duae</strong></span> <span class='ocrx_word' id='word_1_136' title='bbox 744 1751 825 1816; x_wconf 89' lang='lat' dir='ltr'><strong>ad</strong></span> <span class='ocrx_word' id='word_1_137' title='bbox 860 1750 1200 1816; x_wconf 88' lang='lat' dir='ltr'><strong>commoda</strong></span> <span class='ocrx_word' id='word_1_138' title='bbox 1234 1751 1428 1835; x_wconf 83' lang='lat' dir='ltr'><strong>vitae,</strong></span> <span class='ocrx_word' id='word_1_139' title='bbox 1473 1751 1710 1836; x_wconf 87' lang='lat' dir='ltr'><strong>copias,</strong></span> <span class='ocrx_word' id='word_1_140' title='bbox 1756 1771 1931 1836; x_wconf 89' lang='lat' dir='ltr'><strong>opes,</strong></span> <span class='ocrx_word' id='word_1_141' title='bbox 1973 1749 2336 1834; x_wconf 85' lang='lat' dir='ltr'><strong>facultates,</strong></span> 
     </span>
     <span class='ocr_line' id='line_1_19' title="bbox 328 1837 2355 1927; baseline -0.002 -21"><span class='ocrx_word' id='word_1_142' title='bbox 328 1841 555 1926; x_wconf 89' lang='lat' dir='ltr'><strong>quinta</strong></span> <span class='ocrx_word' id='word_1_143' title='bbox 601 1840 684 1904; x_wconf 89' lang='lat' dir='ltr'><strong>ad</strong></span> <span class='ocrx_word' id='word_1_144' title='bbox 728 1838 1007 1925; x_wconf 85' lang='lat' dir='ltr'><strong>eligendi</strong></span> <span class='ocrx_word' id='word_1_145' title='bbox 1050 1838 1375 1923; x_wconf 88' lang='lat' dir='ltr'><strong>iudicium,</strong></span> <span class='ocrx_word' id='word_1_146' title='bbox 1421 1839 1479 1903; x_wconf 86' lang='lat' dir='ltr'><strong>si</strong></span> <span class='ocrx_word' id='word_1_147' title='bbox 1523 1838 1779 1925; x_wconf 89' lang='lat' dir='ltr'><strong>quando</strong></span> <span class='ocrx_word' id='word_1_148' title='bbox 1826 1860 1936 1927; x_wconf 64' lang='lat' dir='ltr'><strong>ea,</strong></span> <span class='ocrx_word' id='word_1_149' title='bbox 1975 1860 2139 1923; x_wconf 90' lang='lat' dir='ltr'><strong>quae</strong></span> <span class='ocrx_word' id='word_1_150' title='bbox 2186 1837 2355 1921; x_wconf 63' lang='lat' dir='ltr'><strong>dixis</strong></span> 
     </span>
     <span class='ocr_line' id='line_1_20' title="bbox 327 1925 2338 2016; baseline -0.001 -21"><span class='ocrx_word' id='word_1_151' title='bbox 327 1950 617 2016; x_wconf 82' lang='lat' dir='ltr'><strong>pugnare</strong></span> <span class='ocrx_word' id='word_1_152' title='bbox 662 1927 835 1993; x_wconf 87' lang='lat' dir='ltr'><strong>inter</strong></span> <span class='ocrx_word' id='word_1_153' title='bbox 882 1949 950 1993; x_wconf 89' lang='lat' dir='ltr'><strong>se</strong></span> <span class='ocrx_word' id='word_1_154' title='bbox 993 1926 1391 2010; x_wconf 76' lang='lat' dir='ltr'><strong>viderentur,</strong></span> <span class='ocrx_word' id='word_1_155' title='bbox 1435 1927 1801 1994; x_wconf 88' lang='lat' dir='ltr'><strong>honestatis</strong></span> <span class='ocrx_word' id='word_1_156' title='bbox 1845 1947 1997 2013; x_wconf 89' lang='lat' dir='ltr'><strong>pars</strong></span> <span class='ocrx_word' id='word_1_157' title='bbox 2044 1925 2338 1993; x_wconf 86' lang='lat' dir='ltr'><strong>confecta</strong></span> 
     </span>
    </p>
   </div>
   <div class='ocr_carea' id='block_1_3' title="bbox 151 2014 2338 2103">
    <p class='ocr_par' dir='ltr' id='par_1_3' title="bbox 151 2014 2338 2103">
     <span class='ocr_line' id='line_1_21' title="bbox 151 2014 2338 2103; baseline -0.001 -20"><span class='ocrx_word' id='word_1_158' title='bbox 151 2017 154 2020; x_wconf 72' lang='grc'><strong>’</strong></span> <span class='ocrx_word' id='word_1_159' title='bbox 233 2035 298 2075; x_wconf 61' lang='lat'><strong>=20</strong></span> <span class='ocrx_word' id='word_1_160' title='bbox 327 2022 453 2103; x_wconf 89' lang='lat' dir='ltr'><strong>est,</strong></span> <span class='ocrx_word' id='word_1_161' title='bbox 511 2039 707 2103; x_wconf 93' lang='lat' dir='ltr'><strong>quam</strong></span> <span class='ocrx_word' id='word_1_162' title='bbox 762 2016 1019 2101; x_wconf 90' lang='lat' dir='ltr'><strong>quidem</strong></span> <span class='ocrx_word' id='word_1_163' title='bbox 1072 2016 1196 2080; x_wconf 90' lang='lat' dir='ltr'><strong>tibi</strong></span> <span class='ocrx_word' id='word_1_164' title='bbox 1250 2017 1437 2101; x_wconf 92' lang='lat' dir='ltr'><strong>cupio</strong></span> <span class='ocrx_word' id='word_1_165' title='bbox 1495 2038 1633 2081; x_wconf 91' lang='lat' dir='ltr'><strong>esse</strong></span> <span class='ocrx_word' id='word_1_166' title='bbox 1677 2016 2105 2081; x_wconf 88' lang='lat' dir='ltr'><strong>notissimam.</strong></span> <span class='ocrx_word' id='word_1_167' title='bbox 2195 2014 2338 2081; x_wconf 92' lang='lat' dir='ltr'><strong>Hoc</strong></span> 
     </span>
    </p>
   </div>
   <div class='ocr_carea' id='block_1_4' title="bbox 215 2103 2347 3524">
    <p class='ocr_par' dir='ltr' id='par_1_4' title="bbox 215 2103 2347 3524">
     <span class='ocr_line' id='line_1_22' title="bbox 329 2103 2337 2190; baseline -0.001 -19"><span class='ocrx_word' id='word_1_168' title='bbox 329 2111 543 2171; x_wconf 91' lang='lat' dir='ltr'><strong>autem</strong></span> <span class='ocrx_word' id='word_1_169' title='bbox 609 2105 689 2170; x_wconf 89' lang='lat' dir='ltr'><strong>de</strong></span> <span class='ocrx_word' id='word_1_170' title='bbox 725 2127 851 2189; x_wconf 93' lang='lat' dir='ltr'><strong>quo</strong></span> <span class='ocrx_word' id='word_1_171' title='bbox 888 2126 1057 2170; x_wconf 93' lang='lat' dir='ltr'><strong>nunc</strong></span> <span class='ocrx_word' id='word_1_172' title='bbox 1094 2103 1367 2190; x_wconf 83' lang='lat' dir='ltr'><strong>agimus,</strong></span> <span class='ocrx_word' id='word_1_173' title='bbox 1410 2104 1478 2169; x_wconf 89' lang='lat' dir='ltr'><strong>id</strong></span> <span class='ocrx_word' id='word_1_174' title='bbox 1512 2105 1727 2189; x_wconf 91' lang='lat' dir='ltr'><strong>ipsum</strong></span> <span class='ocrx_word' id='word_1_175' title='bbox 1765 2108 1864 2170; x_wconf 89' lang='lat' dir='ltr'><strong>est</strong></span> <span class='ocrx_word' id='word_1_176' title='bbox 1927 2104 2099 2189; x_wconf 89' lang='lat' dir='ltr'><strong>quod</strong></span> <span class='ocrx_word' id='word_1_177' title='bbox 2143 2103 2337 2169; x_wconf 86' lang='lat' dir='ltr'><strong>utile</strong></span> 
     </span>
     <span class='ocr_line' id='line_1_23' title="bbox 329 2145 2337 2279; baseline -0.002 -20"><span class='ocrx_word' id='word_1_178' title='bbox 329 2149 716 2279; x_wconf 53' lang='lat' dir='ltr'><strong>appellatur.</strong></span> <span class='ocrx_word' id='word_1_179' title='bbox 803 2192 884 2257; x_wconf 94' lang='lat' dir='ltr'><strong>In</strong></span> <span class='ocrx_word' id='word_1_180' title='bbox 937 2214 1063 2277; x_wconf 88' lang='lat' dir='ltr'><strong>quo</strong></span> <span class='ocrx_word' id='word_1_181' title='bbox 1118 2193 1317 2258; x_wconf 84' lang='lat' dir='ltr'><strong>verbo</strong></span> <span class='ocrx_word' id='word_1_182' title='bbox 1372 2192 1558 2277; x_wconf 86' lang='lat' dir='ltr'><strong>lapsa</strong></span> <span class='ocrx_word' id='word_1_183' title='bbox 1621 2145 2013 2259; x_wconf 49' lang='lat' dir='ltr'><strong>consuetudo</strong></span> <span class='ocrx_word' id='word_1_184' title='bbox 2078 2191 2337 2257; x_wconf 85' lang='lat' dir='ltr'><strong>deflexit</strong></span> 
     </span>
     <span class='ocr_line' id='line_1_24' title="bbox 328 2280 2336 2375; baseline -0.002 -27"><span class='ocrx_word' id='word_1_185' title='bbox 328 2283 405 2348; x_wconf 89' lang='lat' dir='ltr'><strong>de</strong></span> <span class='ocrx_word' id='word_1_186' title='bbox 450 2282 559 2347; x_wconf 81' lang='lat' dir='ltr'><strong>via</strong></span> <span class='ocrx_word' id='word_1_187' title='bbox 605 2281 968 2366; x_wconf 89' lang='lat' dir='ltr'><strong>sensimque</strong></span> <span class='ocrx_word' id='word_1_188' title='bbox 1023 2302 1098 2346; x_wconf 92' lang='lat' dir='ltr'><strong>eo</strong></span> <span class='ocrx_word' id='word_1_189' title='bbox 1155 2280 1430 2345; x_wconf 86' lang='lat' dir='ltr'><strong>deducta</strong></span> <span class='ocrx_word' id='word_1_190' title='bbox 1482 2283 1617 2375; x_wconf 64' lang='lat' dir='ltr'><strong>est,</strong></span> <span class='ocrx_word' id='word_1_191' title='bbox 1661 2284 1763 2362; x_wconf 70' lang='lat' dir='ltr'><strong>ut,</strong></span> <span class='ocrx_word' id='word_1_192' title='bbox 1786 2280 2199 2345; x_wconf 83' lang='lat' dir='ltr'><strong>honestatem</strong></span> <span class='ocrx_word' id='word_1_193' title='bbox 2254 2280 2336 2344; x_wconf 90' lang='lat' dir='ltr'><strong>ab</strong></span> 
     </span>
     <span class='ocr_line' id='line_1_25' title="bbox 328 2367 2347 2462; baseline -0.002 -26"><span class='ocrx_word' id='word_1_194' title='bbox 328 2370 614 2436; x_wconf 87' lang='lat' dir='ltr'><strong>utilitate</strong></span> <span class='ocrx_word' id='word_1_195' title='bbox 661 2390 1018 2462; x_wconf 72' lang='lat' dir='ltr'><strong>secernens,</strong></span> <span class='ocrx_word' id='word_1_196' title='bbox 1040 2368 1464 2434; x_wconf 87' lang='lat' dir='ltr'><strong>constitueret</strong></span> <span class='ocrx_word' id='word_1_197' title='bbox 1502 2389 1640 2433; x_wconf 86' lang='lat' dir='ltr'><strong>esse</strong></span> <span class='ocrx_word' id='word_1_198' title='bbox 1684 2368 2029 2433; x_wconf 90' lang='lat' dir='ltr'><strong>honestum</strong></span> <span class='ocrx_word' id='word_1_199' title='bbox 2075 2367 2347 2456; x_wconf 59' lang='lat' dir='ltr'><strong>aliquid,</strong></span> 
     </span>
     <span class='ocr_line' id='line_1_26' title="bbox 247 2455 2337 2553; baseline -0.001 -30"><span class='ocrx_word' id='word_1_200' title='bbox 247 2476 300 2516; x_wconf 76' lang='lat'><strong>2⁵</strong></span> <span class='ocrx_word' id='word_1_201' title='bbox 330 2458 501 2543; x_wconf 89' lang='lat' dir='ltr'><strong>quod</strong></span> <span class='ocrx_word' id='word_1_202' title='bbox 553 2458 715 2522; x_wconf 92' lang='lat' dir='ltr'><strong>utile</strong></span> <span class='ocrx_word' id='word_1_203' title='bbox 767 2478 901 2522; x_wconf 93' lang='lat' dir='ltr'><strong>non</strong></span> <span class='ocrx_word' id='word_1_204' title='bbox 955 2459 1151 2541; x_wconf 89' lang='lat' dir='ltr'><strong>esset,</strong></span> <span class='ocrx_word' id='word_1_205' title='bbox 1206 2461 1273 2523; x_wconf 87' lang='lat' dir='ltr'><strong>et</strong></span> <span class='ocrx_word' id='word_1_206' title='bbox 1326 2455 1488 2522; x_wconf 90' lang='lat' dir='ltr'><strong>utile</strong></span> <span class='ocrx_word' id='word_1_207' title='bbox 1478 2503 1533 2553; x_wconf 66' lang='lat' dir='ltr'><em>J</em></span> <span class='ocrx_word' id='word_1_208' title='bbox 1569 2455 1741 2540; x_wconf 89' lang='lat' dir='ltr'><strong>quod</strong></span> <span class='ocrx_word' id='word_1_209' title='bbox 1791 2477 1925 2520; x_wconf 93' lang='lat' dir='ltr'><strong>non</strong></span> <span class='ocrx_word' id='word_1_210' title='bbox 1971 2455 2337 2540; x_wconf 90' lang='lat' dir='ltr'><strong>honestum,</strong></span> 
     </span>
     <span class='ocr_line' id='line_1_27' title="bbox 331 2542 2336 2631; baseline -0.002 -19"><span class='ocrx_word' id='word_1_211' title='bbox 331 2569 459 2631; x_wconf 90' lang='lat' dir='ltr'><strong>qua</strong></span> <span class='ocrx_word' id='word_1_212' title='bbox 490 2547 672 2611; x_wconf 88' lang='lat' dir='ltr'><strong>nulla</strong></span> <span class='ocrx_word' id='word_1_213' title='bbox 708 2545 1020 2630; x_wconf 90' lang='lat' dir='ltr'><strong>pernicies</strong></span> <span class='ocrx_word' id='word_1_214' title='bbox 1059 2545 1265 2610; x_wconf 90' lang='lat' dir='ltr'><strong>maior</strong></span> <span class='ocrx_word' id='word_1_215' title='bbox 1290 2544 1627 2610; x_wconf 91' lang='lat' dir='ltr'><strong>hominum</strong></span> <span class='ocrx_word' id='word_1_216' title='bbox 1654 2544 1829 2617; x_wconf 80' lang='lat' dir='ltr'><strong>vitae</strong></span> <span class='ocrx_word' id='word_1_217' title='bbox 1861 2542 2077 2629; x_wconf 89' lang='lat' dir='ltr'><strong>potuit</strong></span> <span class='ocrx_word' id='word_1_218' title='bbox 2104 2543 2336 2608; x_wconf 87' lang='lat' dir='ltr'><strong>afferri.</strong></span> 
     </span>
     <span class='ocr_line' id='line_1_28' title="bbox 215 2632 2337 2719; baseline -0.002 -19"><span class='ocrx_word' id='word_1_219' title='bbox 215 2713 224 2717; x_wconf 17' lang='grc' dir='ltr'><strong><em>Δ</em></strong></span> <span class='ocrx_word' id='word_1_220' title='bbox 328 2633 596 2700; x_wconf 86' lang='lat' dir='ltr'><strong>Summa</strong></span> <span class='ocrx_word' id='word_1_221' title='bbox 631 2634 888 2719; x_wconf 89' lang='lat' dir='ltr'><strong>quidem</strong></span> <span class='ocrx_word' id='word_1_222' title='bbox 925 2633 1312 2699; x_wconf 87' lang='lat' dir='ltr'><strong>auctoritate</strong></span> <span class='ocrx_word' id='word_1_223' title='bbox 1359 2632 1752 2718; x_wconf 74' lang='lat' dir='ltr'><strong>philosophi,</strong></span> <span class='ocrx_word' id='word_1_224' title='bbox 1779 2653 1997 2698; x_wconf 79' lang='lat' dir='ltr'><strong>severe</strong></span> <span class='ocrx_word' id='word_1_225' title='bbox 2043 2653 2197 2697; x_wconf 85' lang='lat' dir='ltr'><strong>sane</strong></span> <span class='ocrx_word' id='word_1_226' title='bbox 2244 2635 2337 2696; x_wconf 92' lang='lat' dir='ltr'><strong>at·</strong></span> 
     </span>
     <span class='ocr_line' id='line_1_29' title="bbox 331 2718 2337 2810; baseline -0.002 -21"><span class='ocrx_word' id='word_1_227' title='bbox 331 2746 453 2808; x_wconf 87' lang='lat' dir='ltr'><strong>que</strong></span> <span class='ocrx_word' id='word_1_228' title='bbox 479 2722 937 2810; x_wconf 79' lang='lat' dir='ltr'><strong>honeste,haec</strong></span> <span class='ocrx_word' id='word_1_229' title='bbox 973 2721 1103 2786; x_wconf 88' lang='lat' dir='ltr'><strong>tria</strong></span> <span class='ocrx_word' id='word_1_230' title='bbox 1130 2742 1370 2807; x_wconf 84' lang='lat' dir='ltr'><strong>genera</strong></span> <span class='ocrx_word' id='word_1_231' title='bbox 1396 2718 1668 2787; x_wconf 73' lang='lat' dir='ltr'><strong>confusa‘</strong></span> <span class='ocrx_word' id='word_1_232' title='bbox 1691 2720 2087 2807; x_wconf 82' lang='lat' dir='ltr'><strong>cogitatione</strong></span> <span class='ocrx_word' id='word_1_233' title='bbox 2115 2719 2337 2785; x_wconf 90' lang='lat' dir='ltr'><strong>distin·</strong></span> 
     </span>
     <span class='ocr_line' id='line_1_30' title="bbox 265 2808 2336 2896; baseline -0.001 -21"><span class='ocrx_word' id='word_1_234' title='bbox 265 2833 266 2842; x_wconf 55' lang='lat'><em>*</em></span> <span class='ocrx_word' id='word_1_235' title='bbox 329 2815 554 2896; x_wconf 80' lang='lat' dir='ltr'><strong>guunt.</strong></span> <span class='ocrx_word' id='word_1_236' title='bbox 618 2809 963 2894; x_wconf 86' lang='lat' dir='ltr'><strong>[Quicquid</strong></span> <span class='ocrx_word' id='word_1_237' title='bbox 999 2809 1169 2874; x_wconf 90' lang='lat' dir='ltr'><strong>enim</strong></span> <span class='ocrx_word' id='word_1_238' title='bbox 1203 2810 1449 2874; x_wconf 90' lang='lat' dir='ltr'><strong>iustum</strong></span> <span class='ocrx_word' id='word_1_239' title='bbox 1485 2809 1591 2894; x_wconf 89' lang='lat' dir='ltr'><strong>sit,</strong></span> <span class='ocrx_word' id='word_1_240' title='bbox 1635 2809 1703 2873; x_wconf 90' lang='lat' dir='ltr'><strong>id</strong></span> <span class='ocrx_word' id='word_1_241' title='bbox 1748 2809 1946 2874; x_wconf 92' lang='lat' dir='ltr'><strong>etiam</strong></span> <span class='ocrx_word' id='word_1_242' title='bbox 1990 2808 2153 2874; x_wconf 88' lang='lat' dir='ltr'><strong>utile</strong></span> <span class='ocrx_word' id='word_1_243' title='bbox 2199 2830 2336 2873; x_wconf 87' lang='lat' dir='ltr'><strong>esse</strong></span> 
     </span>
     <span class='ocr_line' id='line_1_31' title="bbox 249 2897 2335 2983; baseline -0.002 -18"><span class='ocrx_word' id='word_1_244' title='bbox 249 2916 301 2956; x_wconf 78' lang='lat'><strong>⁸0</strong></span> <span class='ocrx_word' id='word_1_245' title='bbox 329 2903 608 2978; x_wconf 87' lang='lat' dir='ltr'><strong>censent,</strong></span> <span class='ocrx_word' id='word_1_246' title='bbox 642 2898 929 2983; x_wconf 88' lang='lat' dir='ltr'><strong>itemque</strong></span> <span class='ocrx_word' id='word_1_247' title='bbox 966 2897 1137 2982; x_wconf 92' lang='lat' dir='ltr'><strong>quod</strong></span> <span class='ocrx_word' id='word_1_248' title='bbox 1169 2898 1535 2982; x_wconf 89' lang='lat' dir='ltr'><strong>honestum,</strong></span> <span class='ocrx_word' id='word_1_249' title='bbox 1569 2897 1741 2963; x_wconf 89' lang='lat' dir='ltr'><strong>idem</strong></span> <span class='ocrx_word' id='word_1_250' title='bbox 1776 2898 2049 2981; x_wconf 84' lang='lat' dir='ltr'><strong>iustum3</strong></span> <span class='ocrx_word' id='word_1_251' title='bbox 2094 2918 2171 2962; x_wconf 84' lang='lat' dir='ltr'><strong>ex</strong></span> <span class='ocrx_word' id='word_1_252' title='bbox 2209 2917 2335 2981; x_wconf 91' lang='lat' dir='ltr'><strong>quo</strong></span> 
     </span>
     <span class='ocr_line' id='line_1_32' title="bbox 329 2981 2335 3078; baseline -0.002 -25"><span class='ocrx_word' id='word_1_253' title='bbox 329 2987 652 3078; x_wconf 54' lang='lat' dir='ltr'><strong>efficitur&#39;</strong></span> <span class='ocrx_word' id='word_1_254' title='bbox 685 2990 786 3071; x_wconf 92' lang='lat' dir='ltr'><strong>ut,</strong></span> <span class='ocrx_word' id='word_1_255' title='bbox 842 2985 1146 3070; x_wconf 88' lang='lat' dir='ltr'><strong>quicquid</strong></span> <span class='ocrx_word' id='word_1_256' title='bbox 1197 2986 1542 3051; x_wconf 89' lang='lat' dir='ltr'><strong>honestum</strong></span> <span class='ocrx_word' id='word_1_257' title='bbox 1597 2985 1710 3070; x_wconf 88' lang='lat' dir='ltr'><strong>sit,</strong></span> <span class='ocrx_word' id='word_1_258' title='bbox 1764 2985 1934 3051; x_wconf 89' lang='lat' dir='ltr'><strong>idem</strong></span> <span class='ocrx_word' id='word_1_259' title='bbox 1988 2981 2076 3050; x_wconf 87' lang='lat' dir='ltr'><strong>sit</strong></span> <span class='ocrx_word' id='word_1_260' title='bbox 2128 2984 2335 3065; x_wconf 70' lang='lat' dir='ltr'><strong>utile]</strong></span> 
     </span>
     <span class='ocr_line' id='line_1_33' title="bbox 329 3071 2336 3160; baseline -0.002 -19"><span class='ocrx_word' id='word_1_261' title='bbox 329 3074 512 3151; x_wconf 88' lang='lat' dir='ltr'><strong>Quod</strong></span> <span class='ocrx_word' id='word_1_262' title='bbox 548 3074 660 3160; x_wconf 93' lang='lat' dir='ltr'><strong>qui</strong></span> <span class='ocrx_word' id='word_1_263' title='bbox 695 3096 926 3160; x_wconf 90' lang='lat' dir='ltr'><strong>parum</strong></span> <span class='ocrx_word' id='word_1_264' title='bbox 962 3073 1380 3159; x_wconf 87' lang='lat' dir='ltr'><strong>perspiciunt,</strong></span> <span class='ocrx_word' id='word_1_265' title='bbox 1414 3074 1463 3139; x_wconf 94' lang='lat' dir='ltr'><strong>ii</strong></span> <span class='ocrx_word' id='word_1_266' title='bbox 1498 3095 1691 3159; x_wconf 87' lang='lat' dir='ltr'><strong>saepe</strong></span> <span class='ocrx_word' id='word_1_267' title='bbox 1716 3075 2015 3138; x_wconf 80' lang='lat' dir='ltr'><strong>versutos</strong></span> <span class='ocrx_word' id='word_1_268' title='bbox 2040 3071 2336 3138; x_wconf 88' lang='lat' dir='ltr'><strong>homines</strong></span> 
     </span>
     <span class='ocr_line' id='line_1_34' title="bbox 329 3160 2335 3246; baseline -0.001 -17"><span class='ocrx_word' id='word_1_269' title='bbox 329 3168 395 3229; x_wconf 89' lang='lat' dir='ltr'><strong>et</strong></span> <span class='ocrx_word' id='word_1_270' title='bbox 450 3163 720 3230; x_wconf 87' lang='lat' dir='ltr'><strong>callidos</strong></span> <span class='ocrx_word' id='word_1_271' title='bbox 775 3162 1170 3227; x_wconf 87' lang='lat' dir='ltr'><strong>admirantes</strong></span> <span class='ocrx_word' id='word_1_272' title='bbox 1225 3162 1547 3228; x_wconf 90' lang='lat' dir='ltr'><strong>malitiam</strong></span> <span class='ocrx_word' id='word_1_273' title='bbox 1602 3161 1988 3246; x_wconf 87' lang='lat' dir='ltr'><strong>sapientiam</strong></span> <span class='ocrx_word' id='word_1_274' title='bbox 2034 3160 2335 3227; x_wconf 86' lang='lat' dir='ltr'><strong>iudicant.</strong></span> 
     </span>
     <span class='ocr_line' id='line_1_35' title="bbox 330 3249 2337 3336; baseline -0.002 -19"><span class='ocrx_word' id='word_1_275' title='bbox 330 3250 617 3328; x_wconf 87' lang='lat' dir='ltr'><strong>Quorum</strong></span> <span class='ocrx_word' id='word_1_276' title='bbox 663 3272 843 3317; x_wconf 89' lang='lat' dir='ltr'><strong>error</strong></span> <span class='ocrx_word' id='word_1_277' title='bbox 888 3250 1253 3336; x_wconf 88' lang='lat' dir='ltr'><strong>eripiendus</strong></span> <span class='ocrx_word' id='word_1_278' title='bbox 1300 3254 1402 3316; x_wconf 89' lang='lat' dir='ltr'><strong>est</strong></span> <span class='ocrx_word' id='word_1_279' title='bbox 1446 3249 1792 3336; x_wconf 88' lang='lat' dir='ltr'><strong>opinioque</strong></span> <span class='ocrx_word' id='word_1_280' title='bbox 1827 3249 2037 3313; x_wconf 86' lang='lat' dir='ltr'><strong>omnis</strong></span> <span class='ocrx_word' id='word_1_281' title='bbox 2075 3249 2157 3314; x_wconf 94' lang='lat' dir='ltr'><strong>ad</strong></span> <span class='ocrx_word' id='word_1_282' title='bbox 2193 3270 2337 3314; x_wconf 90' lang='lat' dir='ltr'><strong>eam</strong></span> 
     </span>
     <span class='ocr_line' id='line_1_36' title="bbox 250 3336 2336 3425; baseline -0.001 -20"><span class='ocrx_word' id='word_1_283' title='bbox 250 3354 302 3397; x_wconf 74' lang='lat'><strong>²⁵</strong></span> <span class='ocrx_word' id='word_1_284' title='bbox 329 3361 510 3425; x_wconf 89' lang='lat' dir='ltr'><strong>spem</strong></span> <span class='ocrx_word' id='word_1_285' title='bbox 554 3338 963 3423; x_wconf 88' lang='lat' dir='ltr'><strong>traducenda,</strong></span> <span class='ocrx_word' id='word_1_286' title='bbox 1006 3342 1081 3404; x_wconf 92' lang='lat' dir='ltr'><strong>ut</strong></span> <span class='ocrx_word' id='word_1_287' title='bbox 1114 3338 1407 3405; x_wconf 90' lang='lat' dir='ltr'><strong>honestis</strong></span> <span class='ocrx_word' id='word_1_288' title='bbox 1446 3337 1733 3404; x_wconf 89' lang='lat' dir='ltr'><strong>consiliis</strong></span> <span class='ocrx_word' id='word_1_289' title='bbox 1775 3336 2090 3422; x_wconf 90' lang='lat' dir='ltr'><strong>iustisque</strong></span> <span class='ocrx_word' id='word_1_290' title='bbox 2124 3337 2336 3422; x_wconf 86' lang='lat' dir='ltr'><strong>factis,</strong></span> 
     </span>
     <span class='ocr_line' id='line_1_37' title="bbox 311 3425 2338 3524; baseline -0.001 -32"><span class='ocrx_word' id='word_1_291' title='bbox 311 3431 459 3494; x_wconf 72' lang='lat' dir='ltr'><strong>&#39;non</strong></span> <span class='ocrx_word' id='word_1_292' title='bbox 501 3427 726 3494; x_wconf 83' lang='lat' dir='ltr'><strong>fraude</strong></span> <span class='ocrx_word' id='word_1_293' title='bbox 773 3431 839 3492; x_wconf 90' lang='lat' dir='ltr'><strong>et</strong></span> <span class='ocrx_word' id='word_1_294' title='bbox 882 3426 1152 3509; x_wconf 81' lang='lat' dir='ltr'><strong>malitia,</strong></span> <span class='ocrx_word' id='word_1_295' title='bbox 1180 3448 1249 3492; x_wconf 89' lang='lat' dir='ltr'><strong>se</strong></span> <span class='ocrx_word' id='word_1_296' title='bbox 1292 3427 1684 3512; x_wconf 84' lang='lat' dir='ltr'><strong>intellegant</strong></span> <span class='ocrx_word' id='word_1_297' title='bbox 1738 3447 1849 3524; x_wconf 59' lang='lat' dir='ltr'><strong>ea,</strong></span> <span class='ocrx_word' id='word_1_298' title='bbox 1896 3447 2060 3510; x_wconf 87' lang='lat' dir='ltr'><strong>quae</strong></span> <span class='ocrx_word' id='word_1_299' title='bbox 2113 3425 2338 3514; x_wconf 73' lang='lat' dir='ltr'><strong>velint,</strong></span> 
     </span>
    </p>
   </div>
   <div class='ocr_carea' id='block_1_5' title="bbox 330 3513 2333 3602">
    <p class='ocr_par' dir='ltr' id='par_1_5' title="bbox 330 3513 2333 3602">
     <span class='ocr_line' id='line_1_38' title="bbox 330 3513 2333 3602; baseline -0.001 -21"><span class='ocrx_word' id='word_1_300' title='bbox 330 3516 632 3601; x_wconf 86' lang='lat' dir='ltr'><strong>consequi</strong></span> <span class='ocrx_word' id='word_1_301' title='bbox 677 3536 884 3602; x_wconf 86' lang='lat' dir='ltr'><strong>posse.</strong></span> <span class='ocrx_word' id='word_1_302' title='bbox 975 3513 1151 3590; x_wconf 85' lang='lat' dir='ltr'><strong>Quae</strong></span> <span class='ocrx_word' id='word_1_303' title='bbox 1197 3536 1353 3601; x_wconf 84' lang='lat' dir='ltr'><strong>ergo</strong></span> <span class='ocrx_word' id='word_1_304' title='bbox 1402 3514 1481 3580; x_wconf 89' lang='lat' dir='ltr'><strong>ad</strong></span> <span class='ocrx_word' id='word_1_305' title='bbox 1526 3514 1730 3579; x_wconf 81' lang='lat' dir='ltr'><strong>vitam</strong></span> <span class='ocrx_word' id='word_1_306' title='bbox 1774 3514 2111 3580; x_wconf 90' lang='lat' dir='ltr'><strong>hominum</strong></span> <span class='ocrx_word' id='word_1_307' title='bbox 2156 3519 2333 3581; x_wconf 87' lang='lat' dir='ltr'><strong>tuen-</strong></span> 
     </span>
    </p>
   </div>
   <div class='ocr_carea' id='block_1_6' title="bbox 2378 444 2409 493">
    <p class='ocr_par' dir='ltr' id='par_1_6' title="bbox 2378 444 2409 493">
     <span class='ocr_line' id='line_1_39' title="bbox 2378 444 2409 493; baseline 0 0"><span class='ocrx_word' id='word_1_308' title='bbox 2378 444 2409 493; x_wconf 90' lang='lat'>8</span> 
     </span>
    </p>
   </div>
   <div class='ocr_carea' id='block_1_7' title="bbox 2373 1542 2415 1667">
    <p class='ocr_par' dir='ltr' id='par_1_7' title="bbox 2373 1542 2415 1667">
     <span class='ocr_line' id='line_1_40' title="bbox 2373 1542 2415 1667; baseline 0 0"><span class='ocrx_word' id='word_1_309' title='bbox 2373 1542 2415 1667; x_wconf 73' lang='grc' dir='ltr'><strong>ξ’</strong></span> 
     </span>
    </p>
   </div>
   <div class='ocr_carea' id='block_1_8' title="bbox 2378 2647 2441 2697">
    <p class='ocr_par' dir='ltr' id='par_1_8' title="bbox 2378 2647 2441 2697">
     <span class='ocr_line' id='line_1_41' title="bbox 2378 2647 2441 2697; baseline 0.048 -3"><span class='ocrx_word' id='word_1_310' title='bbox 2378 2647 2441 2697; x_wconf 89' lang='grc'><strong>10</strong></span> 
     </span>
    </p>
   </div>
   <div class='ocr_carea' id='block_1_9' title="bbox 2378 3530 2429 3577">
    <p class='ocr_par' dir='ltr' id='par_1_9' title="bbox 2378 3530 2429 3577">
     <span class='ocr_line' id='line_1_42' title="bbox 2378 3530 2429 3577; baseline 0 0"><span class='ocrx_word' id='word_1_311' title='bbox 2378 3530 2429 3577; x_wconf 82' lang='lat'><strong>11</strong></span> 
     </span>
    </p>
   </div>
  </div>
 </body>
</html>
