2630 3913
807 246 1224 301 POEMATUM.
1264 247 1332 303 H.
1371 247 1422 299 X
1457 247 1494 298 b
1533 254 1686 302 2—8.
2122 251 2247 312 401

326 408 499 474 Nam
545 412 731 492 pater
779 408 1135 472 altitonans
1184 407 1477 472 stellanti
1521 409 1711 472 nixus
1759 408 2039 492 Olympo

325 496 475 580 Ipse
523 518 672 560 suas
722 517 898 561 arces
947 500 1141 579 atque
1186 496 1434 560 incluta
1479 497 1728 581 templa
1771 497 2005 581 petivit

325 584 416 648 Et
462 583 849 668 Capitolinis
896 584 1115 648 iniecit
1161 583 1420 648 sedibus
1465 585 1669 670 ignes,

240 672 360 738 Cic.
390 675 462 738 de
488 675 607 737 div.
636 672 728 736 ΙΙ
737 675 843 737 20.
862 675 944 736 ,45
970 672 1095 737 Sed
1116 692 1295 753 uryes
1321 692 1418 736 me
1443 675 1594 738 meis
1618 673 1888 738 versibus
1905 673 2254 757 (ὃὸ-38)·

183 781 209 820 5
238 761 409 824 Nam
455 764 644 845 pater
694 797 770 806 —
824 759 1081 824 sedibus
1130 759 1332 845 ignes,

372 850 431 913 3.
479 849 642 913 Non.
676 870 744 929 p.
789 853 937 913 204.
974 853 1017 913 8
1060 848 1236 912 Idem
1281 849 1629 913 consulatus
1670 851 1773 914 sui
1818 850 1918 914 lib.
1962 850 2080 914 II:

328 935 546 1020 Atque
594 937 809 1001 animo
855 937 1141 1020 pendens
1186 936 1233 1018 †
1278 940 1475 1001 noctu
1522 941 1751 1001 eventa
1796 938 2089 1003 timebat.

371 1027 433 1089 4.
482 1024 601 1090 C‘ic.
652 1025 719 1104 Q.
762 1025 844 1104 fr.
891 1025 1024 1088 III
1060 1031 1116 1089 1.
1160 1028 1249 1088 24
1292 1025 1643 1106 Mirificum
1695 1026 2016 1090 embolium
2065 1029 2253 1110 coqito

239 1113 309 1177 in
352 1114 684 1178 secundum
727 1133 1001 1178 meorum
1046 1113 1340 1177 librorum
1374 1113 1696 1191 includere,
1741 1114 2031 1179 dicentem
2066 1117 2256 1197 Apol-

164 1220 213 1258 ιο
242 1202 428 1266 linem
472 1203 541 1265 in
588 1202 837 1266 concilio
882 1203 1148 1283 deorum,
1191 1201 1398 1282 qualis
1432 1202 1663 1265 reditus
1696 1203 1960 1266 duorum
1993 1204 2255 1285 impera·

241 1294 442 1353 torum
493 1289 745 1369 futurus
797 1295 971 1372 esset,
1023 1310 1281 1371 quorum
1336 1290 1493 1354 alter
1545 1290 1648 1370 (L.
1696 1289 1875 1373 Piso)
1930 1293 2252 1356 exercitum

228 1379 611 1460 perdidisset,
658 1379 815 1442 alter
858 1378 969 1458 (A.
1018 1377 1355 1459 Gabinius)
1399 1379 1772 1443 vendidisset.

375 1465 435 1529 5.
489 1464 611 1529 Cic.
670 1465 738 1544 Q.
789 1466 871 1546 fr.
925 1465 1018 1529 II
1058 1472 1115 1531 7.
1159 1471 1201 1531 1
1243 1466 1636 1531 Placiburum
1692 1467 1802 1531 tibi
1855 1487 1977 1532 esse
2029 1468 2254 1532 librum

240 1573 442 1617 meum
473 1554 861 1635 suspicabar;
900 1560 1028 1619 tam
1053 1554 1226 1619 valde
1241 1555 1566 1637 placuisse,
1601 1575 1789 1636 quam
1814 1555 2048 1637 scribiS,
2083 1558 2256 1621 valde

160 1658 211 1698 1⁵
234 1642 486 1723 yaudco.
562 1641 740 1722 Quod
780 1663 875 1706 me
918 1643 1204 1707 admones
1247 1644 1320 1706 de
1362 1647 1575 1707 nostra
1623 1641 1867 1708 Urania
1910 1645 2254 1725 suadesque,

239 1735 312 1793 ut
353 1731 733 1794 meminerim
776 1730 946 1796 Iovis
989 1732 1352 1813 orationem,
1396 1751 1552 1812 quae
1595 1736 1684 1796 est
1723 1732 1794 1795 in
1841 1737 2102 1797 extremo
2148 1733 2255 1796 illo

241 1817 415 1895 libre,
460 1838 562 1899 eqo
604 1838 743 1883 vero
784 1820 1040 1884 memini
1083 1824 1142 1884 et
1181 1819 1297 1884 illa
1341 1820 1554 1884 omnia
1596 1819 1754 1884 mihi
1796 1821 1996 1901 mayis
2037 1822 2257 1902 scripsi

239 1926 429 1988 quam
474 1907 698 1971 ceteris.
2323 1922 2325 1925 ’

1008 2013 1101 2059 Ex
1138 2013 1350 2061 LIBRO
1390 2015 1489 2060 111.

158 2118 213 2157 20
376 2101 435 2165 6.
476 2098 595 2165 Cic.
631 2098 762 2163 Au.
798 2097 891 2162 II
916 2104 975 2164 3.
1012 2105 1053 2162 3
1088 2098 1212 2163 Sed
1252 2121 1349 2163 me
1381 2098 1724 2176 κατακλεὶς
1762 2122 1898 2165 mea
1941 2103 2058 2167 illa
2102 2124 2255 2167 com-

241 2194 457 2265 movet,
503 2207 658 2269 quae
701 2191 789 2251 est
828 2187 898 2249 in
945 2186 1096 2250 libro
1142 2188 1348 2250 tertio.-

275 2279 276 2282 ’
331 2276 589 2340 Interea
635 2296 884 2357 eursuS,
930 2295 1091 2357 quos
1137 2275 1349 2357 prima
1396 2297 1433 2338 a
1478 2278 1666 2358 parte
1710 2275 2010 2340 iuventae

333 2363 633 2446 Quosque
682 2362 837 2427 adeo
886 2363 1108 2426 consul
1156 2362 1396 2426 virtute
1444 2362 1786 2445 animoque
1831 2363 2081 2447 petisti,

332 2451 471 2515 Hos
526 2451 732 2514 retine
784 2454 978 2534 atque
1027 2470 1190 2534 auge
1234 2449 1479 2513 famam
1526 2449 1874 2533 laudesque
1919 2450 2257 2516 bonorum

160 2559 214 2597 25
243 2540 421 2605 Haec
465 2539 620 2603 mihi
662 2560 798 2603 cum
842 2541 913 2603 in
957 2559 1022 2603 eo
1070 2539 1244 2622 libro,
1297 2540 1370 2602 in
1421 2558 1538 2620 quo
1593 2539 1790 2602 multa
1843 2544 1990 2603 sunt
2029 2542 2259 2640 scripta

243 2623 821 2711 ἀριστοκρατικῶς,
870 2625 1139 2727 Calliope
1172 2628 1311 2709 ipsa
1344 2627 1828 2707 praescripserit,
1872 2646 1997 2690 non
2043 2628 2260 2708 opinor

242 2735 367 2781 esse
410 2715 829 2798 dubitandum,
874 2716 1025 2796 quin
1068 2734 1301 2795 semper
1335 2714 1507 2778 nobis
1541 2715 1823 2778 videatur
1860 2704 1982 2789 Εἷς
2019 2711 2260 2792 οἰωνὸς

244 2799 516 2888 ἄριστος
559 2765 950 2885 ἀμύνασθαι
997 2799 1145 2885 περὶ
1191 2798 1458 2887 πάτρης

860 2959 1286 3007 FRAGMENTA
1322 2960 1638 3007 INGERTA.

161 3067 214 3107 so
382 3050 436 3112 7.
477 3049 640 3114 Non.
665 3070 734 3129 p.
768 3052 919 3113 202.
954 3052 1048 3113 22
1086 3047 1358 3115 ‘Census'
1390 3050 1629 3130 yeneris
1664 3050 2011 3132 masculini,
2056 3051 2260 3113 neutri

247 3136 455 3203 Cicero
499 3137 571 3201 in
617 3135 953 3202 Consulum
997 3156 1107 3200 suo
1124 3156 1145 3199 .·

423 3222 710 3298 Quorum
756 3223 1039 3287 luxuries
1085 3223 1133 3305 †
1176 3212 1512 3289 fortunata
1557 3245 1749 3289 censa
1794 3224 2063 3308 peperit.

379 3313 437 3377 8.
493 3311 613 3377 020.
667 3311 770 3391 off.
815 3312 863 3375 Ι
900 3315 1007 3376 22.
1058 3316 1143 3376 77
1190 3308 1370 3376 Illud
1418 3316 1622 3376 autem
1675 3314 1972 3393 optimum
2025 3317 2135 3394 est,
2189 3315 2260 3376 in

243 3401 408 3483 quod
447 3401 663 3465 invadi
704 3400 893 3464 solere
936 3400 1013 3462 ab
1056 3400 1330 3481 inprobis
1373 3404 1431 3464 et
1470 3400 1699 3463 invidis
1743 3400 1960 3464 audio:

161 3506 215 3545 ⁸5
424 3486 672 3553 Cedant
718 3509 899 3552 arma
945 3490 1165 3572 togae,
1213 3486 1521 3551 concedat
1567 3487 1788 3551 laurea
1835 3487 2028 3553 laudi.

244 3576 338 3658 Ofi
392 3577 466 3640 in
518 3576 646 3641 Pis.
701 3579 805 3641 29.
855 3579 943 3641 72
958 3595 1101 3659 sqq„
1156 3575 1323 3641 Phil.
1376 3575 1463 3639 ΙΙ
1506 3580 1566 3641 8.
1610 3580 1724 3660 20,
1784 3575 2134 3643 Pseudosal.
2190 3579 2263 3641 in

351 3688 461 3730 010.
487 3689 569 3729 1v.
596 3689 634 3730 ³.
1872 3685 1938 3733 26
