<?xml version="1.0" encoding="UTF-8"?>
<!DOCTYPE html PUBLIC "-//W3C//DTD XHTML 1.0 Transitional//EN"
    "http://www.w3.org/TR/xhtml1/DTD/xhtml1-transitional.dtd">
<html xmlns="http://www.w3.org/1999/xhtml" xml:lang="en" lang="en">
 <head>
  <title>
</title>
<meta http-equiv="Content-Type" content="text/html;charset=utf-8" />
  <meta name='ocr-system' content='tesseract 3.04.00' />
  <meta name='ocr-capabilities' content='ocr_page ocr_carea ocr_par ocr_line ocrx_word'/>
</head>
<body>
  <div class='ocr_page' id='page_1' title='image "./scriptaquaemans01cicegoog_0264.png"; bbox 0 0 2630 3913; ppageno 0'>
   <div class='ocr_carea' id='block_1_1' title="bbox 274 798 359 924">
    <p class='ocr_par' dir='ltr' id='par_1_1' title="bbox 274 798 359 924">
     <span class='ocr_line' id='line_1_1' title="bbox 277 798 359 861; baseline -0.012 0"><span class='ocrx_word' id='word_1_1' title='bbox 277 798 359 861; x_wconf 82' lang='lat'><strong>23</strong></span> 
     </span>
     <span class='ocr_line' id='line_1_2' title="bbox 274 876 340 924; baseline -0.015 0"><span class='ocrx_word' id='word_1_2' title='bbox 274 876 340 924; x_wconf 82' lang='lat' dir='ltr'><strong>se</strong></span> 
     </span>
    </p>
   </div>
   <div class='ocr_carea' id='block_1_2' title="bbox 270 2259 333 2306">
    <p class='ocr_par' dir='ltr' id='par_1_2' title="bbox 270 2259 333 2306">
     <span class='ocr_line' id='line_1_3' title="bbox 270 2259 333 2306; baseline -0.016 0"><span class='ocrx_word' id='word_1_3' title='bbox 270 2259 333 2306; x_wconf 82' lang='lat'><strong>87</strong></span> 
     </span>
    </p>
   </div>
   <div class='ocr_carea' id='block_1_3' title="bbox 267 3576 331 3625">
    <p class='ocr_par' dir='ltr' id='par_1_3' title="bbox 267 3576 331 3625">
     <span class='ocr_line' id='line_1_4' title="bbox 267 3576 331 3625; baseline -0.031 0"><span class='ocrx_word' id='word_1_4' title='bbox 267 3576 331 3625; x_wconf 78' lang='lat'><strong>88</strong></span> 
     </span>
    </p>
   </div>
   <div class='ocr_carea' id='block_1_4' title="bbox 387 221 1782 286">
    <p class='ocr_par' dir='ltr' id='par_1_4' title="bbox 387 221 1782 286">
     <span class='ocr_line' id='line_1_5' title="bbox 387 221 1782 286; baseline -0.008 0"><span class='ocrx_word' id='word_1_5' title='bbox 387 223 512 286; x_wconf 82' lang='grc'><strong>190</strong></span> <span class='ocrx_word' id='word_1_6' title='bbox 980 221 1281 276; x_wconf 82' lang='lat' dir='ltr'>LAELIUS</span> <span class='ocrx_word' id='word_1_7' title='bbox 1318 222 1416 276; x_wconf 90' lang='lat' dir='ltr'><strong>DE</strong></span> <span class='ocrx_word' id='word_1_8' title='bbox 1453 222 1782 276; x_wconf 82' lang='lat' dir='ltr'>AMICITIA</span> 
     </span>
    </p>
   </div>
   <div class='ocr_carea' id='block_1_5' title="bbox 369 383 2473 3649">
    <p class='ocr_par' dir='ltr' id='par_1_5' title="bbox 369 383 2473 3649">
     <span class='ocr_line' id='line_1_6' title="bbox 382 383 2393 470; baseline 0.001 -23"><span class='ocrx_word' id='word_1_9' title='bbox 382 384 817 469; x_wconf 78' lang='lat' dir='ltr'>praeposteris</span> <span class='ocrx_word' id='word_1_10' title='bbox 883 384 1055 447; x_wconf 93' lang='lat' dir='ltr'><strong>enim</strong></span> <span class='ocrx_word' id='word_1_11' title='bbox 1118 384 1363 448; x_wconf 92' lang='lat' dir='ltr'><strong>utimur</strong></span> <span class='ocrx_word' id='word_1_12' title='bbox 1421 383 1708 448; x_wconf 89' lang='lat' dir='ltr'><strong>consiliis</strong></span> <span class='ocrx_word' id='word_1_13' title='bbox 1781 388 1848 448; x_wconf 92' lang='lat' dir='ltr'><strong>et</strong></span> <span class='ocrx_word' id='word_1_14' title='bbox 1917 387 2063 448; x_wconf 88' lang='lat' dir='ltr'><strong>acta</strong></span> <span class='ocrx_word' id='word_1_15' title='bbox 2119 385 2393 470; x_wconf 86' lang='lat' dir='ltr'><strong>agimus,</strong></span> 
     </span>
     <span class='ocr_line' id='line_1_7' title="bbox 383 470 2390 556; baseline 0 -19"><span class='ocrx_word' id='word_1_16' title='bbox 383 473 552 556; x_wconf 91' lang='lat' dir='ltr'><strong>quod</strong></span> <span class='ocrx_word' id='word_1_17' title='bbox 597 476 893 537; x_wconf 86' lang='lat' dir='ltr'><strong>vetamur</strong></span> <span class='ocrx_word' id='word_1_18' title='bbox 937 475 1153 536; x_wconf 86' lang='lat' dir='ltr'><strong>vetere</strong></span> <span class='ocrx_word' id='word_1_19' title='bbox 1197 472 1559 556; x_wconf 86' lang='lat' dir='ltr'><strong>proverbio.</strong></span> <span class='ocrx_word' id='word_1_20' title='bbox 1634 470 1806 537; x_wconf 88' lang='lat' dir='ltr'><strong>Nam</strong></span> <span class='ocrx_word' id='word_1_21' title='bbox 1851 472 2168 556; x_wconf 89' lang='lat' dir='ltr'><strong>implicati</strong></span> <span class='ocrx_word' id='word_1_22' title='bbox 2214 474 2390 538; x_wconf 86' lang='lat' dir='ltr'><strong>ultro</strong></span> 
     </span>
     <span class='ocr_line' id='line_1_8' title="bbox 382 559 2392 645; baseline 0 -20"><span class='ocrx_word' id='word_1_23' title='bbox 382 565 447 625; x_wconf 88' lang='lat' dir='ltr'><strong>et</strong></span> <span class='ocrx_word' id='word_1_24' title='bbox 492 561 654 626; x_wconf 92' lang='lat' dir='ltr'><strong>citro</strong></span> <span class='ocrx_word' id='word_1_25' title='bbox 700 561 803 625; x_wconf 81' lang='lat' dir='ltr'><strong>vel</strong></span> <span class='ocrx_word' id='word_1_26' title='bbox 849 581 970 624; x_wconf 91' lang='lat' dir='ltr'><strong>usu</strong></span> <span class='ocrx_word' id='word_1_27' title='bbox 1017 559 1319 624; x_wconf 87' lang='lat' dir='ltr'><strong>diuturno</strong></span> <span class='ocrx_word' id='word_1_28' title='bbox 1366 561 1468 624; x_wconf 81' lang='lat' dir='ltr'><strong>vel</strong></span> <span class='ocrx_word' id='word_1_29' title='bbox 1515 560 1715 624; x_wconf 89' lang='lat' dir='ltr'><strong>etiam</strong></span> <span class='ocrx_word' id='word_1_30' title='bbox 1757 560 1985 626; x_wconf 85' lang='lat' dir='ltr'><strong>officiis</strong></span> <span class='ocrx_word' id='word_1_31' title='bbox 2023 566 2287 645; x_wconf 91' lang='lat' dir='ltr'><strong>repente</strong></span> <span class='ocrx_word' id='word_1_32' title='bbox 2323 564 2392 625; x_wconf 90' lang='lat' dir='ltr'><strong>in</strong></span> 
     </span>
     <span class='ocr_line' id='line_1_9' title="bbox 382 648 2389 732; baseline 0 -19"><span class='ocrx_word' id='word_1_33' title='bbox 382 648 590 713; x_wconf 88' lang='lat' dir='ltr'><strong>medio</strong></span> <span class='ocrx_word' id='word_1_34' title='bbox 657 670 845 713; x_wconf 89' lang='lat' dir='ltr'><strong>cursu</strong></span> <span class='ocrx_word' id='word_1_35' title='bbox 910 648 1228 712; x_wconf 78' lang='lat' dir='ltr'><strong>amicitias</strong></span> <span class='ocrx_word' id='word_1_36' title='bbox 1289 653 1515 713; x_wconf 86' lang='lat' dir='ltr'><strong>exorta</strong></span> <span class='ocrx_word' id='word_1_37' title='bbox 1569 649 1789 732; x_wconf 88' lang='lat' dir='ltr'><strong>aliqua</strong></span> <span class='ocrx_word' id='word_1_38' title='bbox 1854 649 2204 714; x_wconf 90' lang='lat' dir='ltr'><strong>offensione</strong></span> <span class='ocrx_word' id='word_1_39' title='bbox 2269 649 2389 713; x_wconf 88' lang='lat' dir='ltr'><strong>dis·</strong></span> 
     </span>
     <span class='ocr_line' id='line_1_10' title="bbox 381 738 2473 821; baseline -0.002 -20"><span class='ocrx_word' id='word_1_40' title='bbox 381 738 757 821; x_wconf 78' lang='lat' dir='ltr'><strong>rumpimuS.</strong></span> <span class='ocrx_word' id='word_1_41' title='bbox 2446 756 2473 796; x_wconf 78' lang='lat'>⁵</span> 
     </span>
     <span class='ocr_line' id='line_1_11' title="bbox 515 823 2390 910; baseline 0.001 -21"><span class='ocrx_word' id='word_1_42' title='bbox 515 823 653 899; x_wconf 87' lang='lat' dir='ltr'><strong>Quo</strong></span> <span class='ocrx_word' id='word_1_43' title='bbox 704 827 901 889; x_wconf 88' lang='lat' dir='ltr'><strong>etiam</strong></span> <span class='ocrx_word' id='word_1_44' title='bbox 948 825 1158 910; x_wconf 89' lang='lat' dir='ltr'><strong>magis</strong></span> <span class='ocrx_word' id='word_1_45' title='bbox 1206 824 1634 909; x_wconf 82' lang='lat' dir='ltr'><strong>vituperanda</strong></span> <span class='ocrx_word' id='word_1_46' title='bbox 1680 828 1780 889; x_wconf 86' lang='lat' dir='ltr'><strong>est</strong></span> <span class='ocrx_word' id='word_1_47' title='bbox 1824 825 1919 889; x_wconf 93' lang='lat' dir='ltr'><strong>rei</strong></span> <span class='ocrx_word' id='word_1_48' title='bbox 1963 826 2241 890; x_wconf 86' lang='lat' dir='ltr'><strong>maxime</strong></span> <span class='ocrx_word' id='word_1_49' title='bbox 2285 848 2390 890; x_wconf 88' lang='lat' dir='ltr'><strong>ne-</strong></span> 
     </span>
     <span class='ocr_line' id='line_1_12' title="bbox 380 912 2391 978; baseline 0 0"><span class='ocrx_word' id='word_1_50' title='bbox 380 914 695 978; x_wconf 87' lang='lat' dir='ltr'><strong>cessariae</strong></span> <span class='ocrx_word' id='word_1_51' title='bbox 759 917 946 978; x_wconf 91' lang='lat' dir='ltr'><strong>tanta</strong></span> <span class='ocrx_word' id='word_1_52' title='bbox 1007 913 1272 978; x_wconf 90' lang='lat' dir='ltr'><strong>incuria.</strong></span> <span class='ocrx_word' id='word_1_53' title='bbox 1363 912 1513 977; x_wconf 91' lang='lat' dir='ltr'><strong>Una</strong></span> <span class='ocrx_word' id='word_1_54' title='bbox 1576 918 1676 977; x_wconf 86' lang='lat' dir='ltr'><strong>est</strong></span> <span class='ocrx_word' id='word_1_55' title='bbox 1738 913 1909 977; x_wconf 90' lang='lat' dir='ltr'><strong>enim</strong></span> <span class='ocrx_word' id='word_1_56' title='bbox 1974 914 2261 978; x_wconf 88' lang='lat' dir='ltr'><strong>amicitia</strong></span> <span class='ocrx_word' id='word_1_57' title='bbox 2322 914 2391 978; x_wconf 90' lang='lat' dir='ltr'><strong>in</strong></span> 
     </span>
     <span class='ocr_line' id='line_1_13' title="bbox 378 1002 2389 1085; baseline 0.001 -20"><span class='ocrx_word' id='word_1_58' title='bbox 378 1003 569 1067; x_wconf 88' lang='lat' dir='ltr'><strong>rebus</strong></span> <span class='ocrx_word' id='word_1_59' title='bbox 615 1002 935 1085; x_wconf 88' lang='lat' dir='ltr'><strong>humanis,</strong></span> <span class='ocrx_word' id='word_1_60' title='bbox 982 1002 1058 1065; x_wconf 89' lang='lat' dir='ltr'><strong>de</strong></span> <span class='ocrx_word' id='word_1_61' title='bbox 1104 1002 1282 1066; x_wconf 91' lang='lat' dir='ltr'><strong>cuius</strong></span> <span class='ocrx_word' id='word_1_62' title='bbox 1330 1002 1620 1067; x_wconf 87' lang='lat' dir='ltr'><strong>utilitate</strong></span> <span class='ocrx_word' id='word_1_63' title='bbox 1667 1023 1889 1066; x_wconf 90' lang='lat' dir='ltr'><strong>omnes</strong></span> <span class='ocrx_word' id='word_1_64' title='bbox 1927 1023 2055 1067; x_wconf 91' lang='lat' dir='ltr'><strong>uno</strong></span> <span class='ocrx_word' id='word_1_65' title='bbox 2095 1024 2206 1067; x_wconf 92' lang='lat' dir='ltr'><strong>ore</strong></span> <span class='ocrx_word' id='word_1_66' title='bbox 2244 1024 2389 1067; x_wconf 90' lang='lat' dir='ltr'><strong>con-</strong></span> 
     </span>
     <span class='ocr_line' id='line_1_14' title="bbox 379 1090 2389 1174; baseline -0 -19"><span class='ocrx_word' id='word_1_67' title='bbox 379 1091 683 1155; x_wconf 86' lang='lat' dir='ltr'><strong>sentiunt.</strong></span> <span class='ocrx_word' id='word_1_68' title='bbox 749 1090 1154 1174; x_wconf 81' lang='lat' dir='ltr'><strong>Quamquam</strong></span> <span class='ocrx_word' id='word_1_69' title='bbox 1188 1113 1226 1154; x_wconf 91' lang='lat' dir='ltr'><strong>a</strong></span> <span class='ocrx_word' id='word_1_70' title='bbox 1273 1091 1497 1154; x_wconf 90' lang='lat' dir='ltr'><strong>multis</strong></span> <span class='ocrx_word' id='word_1_71' title='bbox 1536 1090 1742 1155; x_wconf 87' lang='lat' dir='ltr'><strong>virtus</strong></span> <span class='ocrx_word' id='word_1_72' title='bbox 1779 1090 1925 1174; x_wconf 90' lang='lat' dir='ltr'><strong>ipsa</strong></span> <span class='ocrx_word' id='word_1_73' title='bbox 1953 1091 2389 1155; x_wconf 73' lang='lat' dir='ltr'><strong>contemnitur</strong></span> 
     </span>
     <span class='ocr_line' id='line_1_15' title="bbox 377 1178 2468 1263; baseline -0 -20"><span class='ocrx_word' id='word_1_74' title='bbox 377 1184 443 1243; x_wconf 89' lang='lat' dir='ltr'><strong>et</strong></span> <span class='ocrx_word' id='word_1_75' title='bbox 488 1178 843 1243; x_wconf 78' lang='lat' dir='ltr'><strong>venditatio</strong></span> <span class='ocrx_word' id='word_1_76' title='bbox 902 1178 1214 1263; x_wconf 83' lang='lat' dir='ltr'><strong>quaedam</strong></span> <span class='ocrx_word' id='word_1_77' title='bbox 1271 1183 1466 1262; x_wconf 85' lang='lat' dir='ltr'><strong>atque</strong></span> <span class='ocrx_word' id='word_1_78' title='bbox 1522 1180 1872 1244; x_wconf 87' lang='lat' dir='ltr'><strong>ostentatio</strong></span> <span class='ocrx_word' id='word_1_79' title='bbox 1933 1200 2073 1243; x_wconf 88' lang='lat' dir='ltr'><strong>esse</strong></span> <span class='ocrx_word' id='word_1_80' title='bbox 2129 1179 2468 1263; x_wconf 74' lang='lat' dir='ltr'><strong>dicitur31o</strong></span> 
     </span>
     <span class='ocr_line' id='line_1_16' title="bbox 377 1267 2387 1352; baseline 0 -21"><span class='ocrx_word' id='word_1_81' title='bbox 377 1268 566 1332; x_wconf 91' lang='lat' dir='ltr'><strong>multi</strong></span> <span class='ocrx_word' id='word_1_82' title='bbox 613 1268 872 1332; x_wconf 82' lang='lat' dir='ltr'><strong>divitias</strong></span> <span class='ocrx_word' id='word_1_83' title='bbox 920 1267 1297 1351; x_wconf 86' lang='lat' dir='ltr'><strong>despiciunt,</strong></span> <span class='ocrx_word' id='word_1_84' title='bbox 1345 1288 1505 1350; x_wconf 91' lang='lat' dir='ltr'><strong>quos</strong></span> <span class='ocrx_word' id='word_1_85' title='bbox 1552 1289 1754 1352; x_wconf 82' lang='lat' dir='ltr'><strong>parvo</strong></span> <span class='ocrx_word' id='word_1_86' title='bbox 1797 1270 2137 1332; x_wconf 89' lang='lat' dir='ltr'><strong>contentos</strong></span> <span class='ocrx_word' id='word_1_87' title='bbox 2173 1268 2387 1332; x_wconf 88' lang='lat' dir='ltr'><strong>tenuis</strong></span> 
     </span>
     <span class='ocr_line' id='line_1_17' title="bbox 376 1356 2386 1441; baseline 0 -21"><span class='ocrx_word' id='word_1_88' title='bbox 376 1357 584 1421; x_wconf 84' lang='lat' dir='ltr'><strong>victus</strong></span> <span class='ocrx_word' id='word_1_89' title='bbox 632 1357 969 1440; x_wconf 89' lang='lat' dir='ltr'><strong>cultusque</strong></span> <span class='ocrx_word' id='word_1_90' title='bbox 1016 1356 1323 1438; x_wconf 82' lang='lat' dir='ltr'><strong>delectat3</strong></span> <span class='ocrx_word' id='word_1_91' title='bbox 1367 1357 1645 1420; x_wconf 79' lang='lat' dir='ltr'><strong>honores</strong></span> <span class='ocrx_word' id='word_1_92' title='bbox 1686 1376 1858 1438; x_wconf 84' lang='lat' dir='ltr'><strong>ver0‚</strong></span> <span class='ocrx_word' id='word_1_93' title='bbox 1906 1377 2177 1439; x_wconf 89' lang='lat' dir='ltr'><strong>quorum</strong></span> <span class='ocrx_word' id='word_1_94' title='bbox 2215 1357 2386 1441; x_wconf 88' lang='lat' dir='ltr'><strong>cupi-</strong></span> 
     </span>
     <span class='ocr_line' id='line_1_18' title="bbox 377 1444 2387 1529; baseline 0 -21"><span class='ocrx_word' id='word_1_95' title='bbox 377 1445 582 1509; x_wconf 83' lang='lat' dir='ltr'><strong>ditate</strong></span> <span class='ocrx_word' id='word_1_96' title='bbox 627 1444 888 1529; x_wconf 88' lang='lat' dir='ltr'><strong>quidam</strong></span> <span class='ocrx_word' id='word_1_97' title='bbox 933 1444 1450 1527; x_wconf 85' lang='lat' dir='ltr'><strong>inflammantur,</strong></span> <span class='ocrx_word' id='word_1_98' title='bbox 1499 1466 1692 1527; x_wconf 94' lang='lat' dir='ltr'><strong>quam</strong></span> <span class='ocrx_word' id='word_1_99' title='bbox 1729 1444 1921 1508; x_wconf 91' lang='lat' dir='ltr'><strong>multi</strong></span> <span class='ocrx_word' id='word_1_100' title='bbox 1965 1444 2062 1509; x_wconf 87' lang='lat' dir='ltr'><strong>ita</strong></span> <span class='ocrx_word' id='word_1_101' title='bbox 2106 1447 2387 1509; x_wconf 88' lang='lat' dir='ltr'><strong>contem·</strong></span> 
     </span>
     <span class='ocr_line' id='line_1_19' title="bbox 375 1532 2383 1617; baseline -0 -19"><span class='ocrx_word' id='word_1_102' title='bbox 375 1537 565 1617; x_wconf 88' lang='lat' dir='ltr'><strong>nunt,</strong></span> <span class='ocrx_word' id='word_1_103' title='bbox 628 1537 702 1598; x_wconf 93' lang='lat' dir='ltr'><strong>ut</strong></span> <span class='ocrx_word' id='word_1_104' title='bbox 745 1533 910 1596; x_wconf 88' lang='lat' dir='ltr'><strong>nihil</strong></span> <span class='ocrx_word' id='word_1_105' title='bbox 963 1533 1245 1615; x_wconf 88' lang='lat' dir='ltr'><strong>inanius,</strong></span> <span class='ocrx_word' id='word_1_106' title='bbox 1304 1532 1470 1595; x_wconf 90' lang='lat' dir='ltr'><strong>nihil</strong></span> <span class='ocrx_word' id='word_1_107' title='bbox 1527 1554 1665 1597; x_wconf 91' lang='lat' dir='ltr'><strong>esse</strong></span> <span class='ocrx_word' id='word_1_108' title='bbox 1721 1533 1927 1597; x_wconf 83' lang='lat' dir='ltr'><strong>levius</strong></span> <span class='ocrx_word' id='word_1_109' title='bbox 1985 1533 2383 1597; x_wconf 80' lang='lat' dir='ltr'><strong>existiment!</strong></span> 
     </span>
     <span class='ocr_line' id='line_1_20' title="bbox 375 1620 2466 1706; baseline -0.003 -21"><span class='ocrx_word' id='word_1_110' title='bbox 375 1622 658 1704; x_wconf 91' lang='lat' dir='ltr'><strong>itemque</strong></span> <span class='ocrx_word' id='word_1_111' title='bbox 704 1625 933 1705; x_wconf 87' lang='lat' dir='ltr'><strong>cetera,</strong></span> <span class='ocrx_word' id='word_1_112' title='bbox 982 1643 1144 1705; x_wconf 92' lang='lat' dir='ltr'><strong>quae</strong></span> <span class='ocrx_word' id='word_1_113' title='bbox 1192 1620 1579 1704; x_wconf 89' lang='lat' dir='ltr'><strong>quibusdam</strong></span> <span class='ocrx_word' id='word_1_114' title='bbox 1621 1620 2031 1686; x_wconf 87' lang='lat' dir='ltr'><strong>admirabilia</strong></span> <span class='ocrx_word' id='word_1_115' title='bbox 2066 1620 2385 1706; x_wconf 79' lang='lat' dir='ltr'><strong>videntur,</strong></span> <span class='ocrx_word' id='word_1_116' title='bbox 2417 1637 2466 1679; x_wconf 71' lang='grc' dir='ltr'><strong>ιε</strong></span> 
     </span>
     <span class='ocr_line' id='line_1_21' title="bbox 376 1709 2387 1794; baseline -0 -20"><span class='ocrx_word' id='word_1_117' title='bbox 376 1710 683 1794; x_wconf 88' lang='lat' dir='ltr'><strong>permulti</strong></span> <span class='ocrx_word' id='word_1_118' title='bbox 731 1714 880 1773; x_wconf 94' lang='lat' dir='ltr'><strong>sunt</strong></span> <span class='ocrx_word' id='word_1_119' title='bbox 927 1709 1037 1792; x_wconf 93' lang='lat' dir='ltr'><strong>qui</strong></span> <span class='ocrx_word' id='word_1_120' title='bbox 1079 1731 1199 1794; x_wconf 91' lang='lat' dir='ltr'><strong>pro</strong></span> <span class='ocrx_word' id='word_1_121' title='bbox 1245 1709 1451 1773; x_wconf 85' lang='lat' dir='ltr'><strong>nihilo</strong></span> <span class='ocrx_word' id='word_1_122' title='bbox 1487 1713 1751 1794; x_wconf 85' lang='lat' dir='ltr'><strong>putent3</strong></span> <span class='ocrx_word' id='word_1_123' title='bbox 1797 1710 1874 1774; x_wconf 88' lang='lat' dir='ltr'><strong>de</strong></span> <span class='ocrx_word' id='word_1_124' title='bbox 1921 1709 2208 1774; x_wconf 87' lang='lat' dir='ltr'><strong>amicitia</strong></span> <span class='ocrx_word' id='word_1_125' title='bbox 2253 1731 2387 1774; x_wconf 91' lang='lat' dir='ltr'><strong>om·</strong></span> 
     </span>
     <span class='ocr_line' id='line_1_22' title="bbox 374 1797 2386 1882; baseline 0 -21"><span class='ocrx_word' id='word_1_126' title='bbox 374 1820 488 1862; x_wconf 91' lang='lat' dir='ltr'><strong>nes</strong></span> <span class='ocrx_word' id='word_1_127' title='bbox 535 1797 616 1862; x_wconf 91' lang='lat' dir='ltr'><strong>ad</strong></span> <span class='ocrx_word' id='word_1_128' title='bbox 661 1820 860 1862; x_wconf 93' lang='lat' dir='ltr'><strong>unum</strong></span> <span class='ocrx_word' id='word_1_129' title='bbox 907 1797 1076 1861; x_wconf 88' lang='lat' dir='ltr'><strong>idem</strong></span> <span class='ocrx_word' id='word_1_130' title='bbox 1124 1798 1437 1881; x_wconf 86' lang='lat' dir='ltr'><strong>sentiunt,</strong></span> <span class='ocrx_word' id='word_1_131' title='bbox 1483 1803 1549 1862; x_wconf 89' lang='lat' dir='ltr'><strong>et</strong></span> <span class='ocrx_word' id='word_1_132' title='bbox 1593 1798 1668 1879; x_wconf 89' lang='lat' dir='ltr'><strong>ii,</strong></span> <span class='ocrx_word' id='word_1_133' title='bbox 1715 1798 1824 1881; x_wconf 92' lang='lat' dir='ltr'><strong>qui</strong></span> <span class='ocrx_word' id='word_1_134' title='bbox 1870 1798 1952 1862; x_wconf 94' lang='lat' dir='ltr'><strong>ad</strong></span> <span class='ocrx_word' id='word_1_135' title='bbox 1996 1820 2134 1862; x_wconf 90' lang='lat' dir='ltr'><strong>rem</strong></span> <span class='ocrx_word' id='word_1_136' title='bbox 2178 1798 2386 1882; x_wconf 89' lang='lat' dir='ltr'><strong>publi-</strong></span> 
     </span>
     <span class='ocr_line' id='line_1_23' title="bbox 376 1886 2386 1972; baseline -0.001 -21"><span class='ocrx_word' id='word_1_137' title='bbox 376 1908 517 1951; x_wconf 91' lang='lat' dir='ltr'><strong>cam</strong></span> <span class='ocrx_word' id='word_1_138' title='bbox 563 1908 631 1949; x_wconf 91' lang='lat' dir='ltr'><strong>se</strong></span> <span class='ocrx_word' id='word_1_139' title='bbox 669 1886 1097 1970; x_wconf 85' lang='lat' dir='ltr'><strong>contulerunt,</strong></span> <span class='ocrx_word' id='word_1_140' title='bbox 1145 1890 1210 1950; x_wconf 89' lang='lat' dir='ltr'><strong>et</strong></span> <span class='ocrx_word' id='word_1_141' title='bbox 1245 1886 1310 1970; x_wconf 85' lang='lat' dir='ltr'><strong>ii,</strong></span> <span class='ocrx_word' id='word_1_142' title='bbox 1349 1886 1460 1970; x_wconf 91' lang='lat' dir='ltr'><strong>qui</strong></span> <span class='ocrx_word' id='word_1_143' title='bbox 1496 1907 1712 1949; x_wconf 90' lang='lat' dir='ltr'><strong>rerum</strong></span> <span class='ocrx_word' id='word_1_144' title='bbox 1746 1886 2114 1972; x_wconf 85' lang='lat' dir='ltr'><strong>cognitione</strong></span> <span class='ocrx_word' id='word_1_145' title='bbox 2153 1886 2386 1951; x_wconf 90' lang='lat' dir='ltr'><strong>doctri·</strong></span> 
     </span>
     <span class='ocr_line' id='line_1_24' title="bbox 374 1974 2386 2062; baseline 0 -24"><span class='ocrx_word' id='word_1_146' title='bbox 374 1996 583 2058; x_wconf 91' lang='lat' dir='ltr'><strong>naque</strong></span> <span class='ocrx_word' id='word_1_147' title='bbox 631 1974 1055 2058; x_wconf 86' lang='lat' dir='ltr'><strong>delectantur,</strong></span> <span class='ocrx_word' id='word_1_148' title='bbox 1111 1978 1177 2040; x_wconf 89' lang='lat' dir='ltr'><strong>et</strong></span> <span class='ocrx_word' id='word_1_149' title='bbox 1221 1976 1295 2058; x_wconf 87' lang='lat' dir='ltr'><strong>ii,</strong></span> <span class='ocrx_word' id='word_1_150' title='bbox 1352 1975 1463 2059; x_wconf 93' lang='lat' dir='ltr'><strong>qui</strong></span> <span class='ocrx_word' id='word_1_151' title='bbox 1518 1997 1704 2040; x_wconf 89' lang='lat' dir='ltr'><strong>suum</strong></span> <span class='ocrx_word' id='word_1_152' title='bbox 1759 1976 2091 2060; x_wconf 84' lang='lat' dir='ltr'><strong>negotium</strong></span> <span class='ocrx_word' id='word_1_153' title='bbox 2150 1980 2386 2062; x_wconf 88' lang='lat' dir='ltr'><strong>gerunt</strong></span> 
     </span>
     <span class='ocr_line' id='line_1_25' title="bbox 375 2063 2464 2148; baseline 0 -21"><span class='ocrx_word' id='word_1_154' title='bbox 375 2063 586 2147; x_wconf 83' lang='lat' dir='ltr'><strong>otiosi,</strong></span> <span class='ocrx_word' id='word_1_155' title='bbox 630 2066 960 2147; x_wconf 87' lang='lat' dir='ltr'><strong>postremo</strong></span> <span class='ocrx_word' id='word_1_156' title='bbox 1007 2064 1081 2147; x_wconf 86' lang='lat' dir='ltr'><strong>ii,</strong></span> <span class='ocrx_word' id='word_1_157' title='bbox 1136 2063 1246 2147; x_wconf 87' lang='lat' dir='ltr'><strong>qui</strong></span> <span class='ocrx_word' id='word_1_158' title='bbox 1293 2086 1361 2128; x_wconf 89' lang='lat' dir='ltr'><strong>se</strong></span> <span class='ocrx_word' id='word_1_159' title='bbox 1407 2067 1584 2128; x_wconf 89' lang='lat' dir='ltr'><strong>totos</strong></span> <span class='ocrx_word' id='word_1_160' title='bbox 1641 2064 2044 2128; x_wconf 90' lang='lat' dir='ltr'><strong>tradiderunt</strong></span> <span class='ocrx_word' id='word_1_161' title='bbox 2088 2065 2383 2148; x_wconf 80' lang='lat' dir='ltr'><strong>volupta·</strong></span> <span class='ocrx_word' id='word_1_162' title='bbox 2412 2081 2464 2120; x_wconf 64' lang='grc' dir='ltr'><strong>πο</strong></span> 
     </span>
     <span class='ocr_line' id='line_1_26' title="bbox 375 2152 2384 2235; baseline 0.001 -20"><span class='ocrx_word' id='word_1_163' title='bbox 375 2152 568 2235; x_wconf 80' lang='lat' dir='ltr'><strong>tibus,</strong></span> <span class='ocrx_word' id='word_1_164' title='bbox 615 2152 750 2216; x_wconf 88' lang='lat' dir='ltr'><strong>sine</strong></span> <span class='ocrx_word' id='word_1_165' title='bbox 798 2152 1083 2217; x_wconf 89' lang='lat' dir='ltr'><strong>amicitia</strong></span> <span class='ocrx_word' id='word_1_166' title='bbox 1128 2152 1333 2216; x_wconf 81' lang='lat' dir='ltr'><strong>vitam</strong></span> <span class='ocrx_word' id='word_1_167' title='bbox 1375 2173 1515 2216; x_wconf 88' lang='lat' dir='ltr'><strong>esse</strong></span> <span class='ocrx_word' id='word_1_168' title='bbox 1550 2154 1817 2235; x_wconf 89' lang='lat' dir='ltr'><strong>nullam,</strong></span> <span class='ocrx_word' id='word_1_169' title='bbox 1855 2153 1911 2216; x_wconf 91' lang='lat' dir='ltr'><strong>si</strong></span> <span class='ocrx_word' id='word_1_170' title='bbox 1950 2152 2139 2217; x_wconf 92' lang='lat' dir='ltr'><strong>modo</strong></span> <span class='ocrx_word' id='word_1_171' title='bbox 2177 2152 2384 2217; x_wconf 84' lang='lat' dir='ltr'><strong>velint</strong></span> 
     </span>
     <span class='ocr_line' id='line_1_27' title="bbox 376 2239 2382 2326; baseline 0 -22"><span class='ocrx_word' id='word_1_172' title='bbox 376 2241 593 2324; x_wconf 88' lang='lat' dir='ltr'><strong>aliqua</strong></span> <span class='ocrx_word' id='word_1_173' title='bbox 640 2263 715 2304; x_wconf 86' lang='lat' dir='ltr'><strong>ex</strong></span> <span class='ocrx_word' id='word_1_174' title='bbox 761 2244 946 2324; x_wconf 90' lang='lat' dir='ltr'><strong>parte</strong></span> <span class='ocrx_word' id='word_1_175' title='bbox 992 2240 1352 2305; x_wconf 88' lang='lat' dir='ltr'><strong>liberaliter</strong></span> <span class='ocrx_word' id='word_1_176' title='bbox 1388 2241 1622 2305; x_wconf 79' lang='lat' dir='ltr'><strong>vivere.</strong></span> <span class='ocrx_word' id='word_1_177' title='bbox 1696 2239 1912 2326; x_wconf 84' lang='lat' dir='ltr'><strong>Serpit</strong></span> <span class='ocrx_word' id='word_1_178' title='bbox 1957 2242 2129 2305; x_wconf 90' lang='lat' dir='ltr'><strong>enim</strong></span> <span class='ocrx_word' id='word_1_179' title='bbox 2164 2242 2382 2306; x_wconf 88' lang='lat' dir='ltr'><strong>nescio</strong></span> 
     </span>
     <span class='ocr_line' id='line_1_28' title="bbox 375 2328 2382 2413; baseline 0 -20"><span class='ocrx_word' id='word_1_180' title='bbox 375 2352 500 2413; x_wconf 92' lang='lat' dir='ltr'><strong>quo</strong></span> <span class='ocrx_word' id='word_1_181' title='bbox 547 2328 736 2393; x_wconf 91' lang='lat' dir='ltr'><strong>modo</strong></span> <span class='ocrx_word' id='word_1_182' title='bbox 784 2351 900 2412; x_wconf 91' lang='lat' dir='ltr'><strong>per</strong></span> <span class='ocrx_word' id='word_1_183' title='bbox 946 2329 1231 2394; x_wconf 85' lang='lat' dir='ltr'><strong>omnium</strong></span> <span class='ocrx_word' id='word_1_184' title='bbox 1278 2330 1448 2393; x_wconf 84' lang='lat' dir='ltr'><strong>vitas</strong></span> <span class='ocrx_word' id='word_1_185' title='bbox 1497 2328 1783 2394; x_wconf 89' lang='lat' dir='ltr'><strong>amicitia</strong></span> <span class='ocrx_word' id='word_1_186' title='bbox 1816 2351 1934 2394; x_wconf 85' lang='lat' dir='ltr'><strong>nec</strong></span> <span class='ocrx_word' id='word_1_187' title='bbox 1969 2329 2172 2395; x_wconf 88' lang='lat' dir='ltr'><strong>ullam</strong></span> <span class='ocrx_word' id='word_1_188' title='bbox 2210 2333 2382 2394; x_wconf 87' lang='lat' dir='ltr'><strong>aeta·</strong></span> 
     </span>
     <span class='ocr_line' id='line_1_29' title="bbox 371 2416 2383 2503; baseline 0 -22"><span class='ocrx_word' id='word_1_189' title='bbox 371 2417 458 2482; x_wconf 86' lang='lat' dir='ltr'><strong>tis</strong></span> <span class='ocrx_word' id='word_1_190' title='bbox 497 2417 822 2503; x_wconf 88' lang='lat' dir='ltr'><strong>degendae</strong></span> <span class='ocrx_word' id='word_1_191' title='bbox 858 2418 1178 2483; x_wconf 90' lang='lat' dir='ltr'><strong>rationem</strong></span> <span class='ocrx_word' id='word_1_192' title='bbox 1212 2418 1461 2502; x_wconf 90' lang='lat' dir='ltr'><strong>patitur</strong></span> <span class='ocrx_word' id='word_1_193' title='bbox 1498 2438 1637 2482; x_wconf 89' lang='lat' dir='ltr'><strong>esse</strong></span> <span class='ocrx_word' id='word_1_194' title='bbox 1676 2421 2002 2502; x_wconf 86' lang='lat' dir='ltr'><strong>expertem</strong></span> <span class='ocrx_word' id='word_1_195' title='bbox 2030 2418 2147 2482; x_wconf 88' lang='lat' dir='ltr'><strong>sui.</strong></span> <span class='ocrx_word' id='word_1_196' title='bbox 2212 2416 2383 2492; x_wconf 86' lang='lat' dir='ltr'><strong>Quin</strong></span> 
     </span>
     <span class='ocr_line' id='line_1_30' title="bbox 372 2505 2459 2590; baseline -0 -19"><span class='ocrx_word' id='word_1_197' title='bbox 372 2506 571 2572; x_wconf 89' lang='lat' dir='ltr'><strong>etiam</strong></span> <span class='ocrx_word' id='word_1_198' title='bbox 618 2507 675 2570; x_wconf 88' lang='lat' dir='ltr'><strong>si</strong></span> <span class='ocrx_word' id='word_1_199' title='bbox 721 2506 864 2590; x_wconf 89' lang='lat' dir='ltr'><strong>quis</strong></span> <span class='ocrx_word' id='word_1_200' title='bbox 911 2506 1262 2589; x_wconf 84' lang='lat' dir='ltr'><strong>asperitate</strong></span> <span class='ocrx_word' id='word_1_201' title='bbox 1308 2528 1386 2571; x_wconf 90' lang='lat' dir='ltr'><strong>ea</strong></span> <span class='ocrx_word' id='word_1_202' title='bbox 1431 2510 1531 2570; x_wconf 89' lang='lat' dir='ltr'><strong>est</strong></span> <span class='ocrx_word' id='word_1_203' title='bbox 1568 2510 1634 2569; x_wconf 89' lang='lat' dir='ltr'><strong>et</strong></span> <span class='ocrx_word' id='word_1_204' title='bbox 1668 2505 2053 2570; x_wconf 85' lang='lat' dir='ltr'><strong>inmanitate</strong></span> <span class='ocrx_word' id='word_1_205' title='bbox 2090 2509 2380 2590; x_wconf 84' lang='lat' dir='ltr'><strong>naturae,</strong></span> <span class='ocrx_word' id='word_1_206' title='bbox 2408 2521 2459 2562; x_wconf 77' lang='lat'><strong>2⁵</strong></span> 
     </span>
     <span class='ocr_line' id='line_1_31' title="bbox 371 2593 2381 2767; baseline 0 -20"><span class='ocrx_word' id='word_1_207' title='bbox 371 2598 892 2747; x_wconf 56' lang='grc' dir='ltr'><strong>ἓὲἒὲἒθῗΐιῗθὲἶε</strong></span> <span class='ocrx_word' id='word_1_208' title='bbox 918 2593 1273 2746; x_wconf 54' lang='grc' dir='ltr'><strong>Ῑῗῑῗέἒέἐ</strong></span> <span class='ocrx_word' id='word_1_209' title='bbox 1307 2593 1542 2748; x_wconf 45' lang='lat' dir='ltr'><strong>&amp;5231ss</strong></span> <span class='ocrx_word' id='word_1_210' title='bbox 1576 2597 1789 2766; x_wconf 58' lang='lat' dir='ltr'><strong>²333ss</strong></span> <span class='ocrx_word' id='word_1_211' title='bbox 1824 2594 2381 2767; x_wconf 52' lang='grc' dir='ltr'><strong>θαῖῖῗζίωὲῗῗῗ</strong></span> 
     </span>
     <span class='ocr_line' id='line_1_32' title="bbox 374 2733 2379 2855; baseline 0 -21"><span class='ocrx_word' id='word_1_212' title='bbox 374 2792 520 2834; x_wconf 89' lang='lat' dir='ltr'><strong>men</strong></span> <span class='ocrx_word' id='word_1_213' title='bbox 581 2770 638 2834; x_wconf 90' lang='lat' dir='ltr'><strong>is</strong></span> <span class='ocrx_word' id='word_1_214' title='bbox 702 2770 842 2854; x_wconf 88' lang='lat' dir='ltr'><strong>pati</strong></span> <span class='ocrx_word' id='word_1_215' title='bbox 903 2790 1035 2834; x_wconf 93' lang='lat' dir='ltr'><strong>non</strong></span> <span class='ocrx_word' id='word_1_216' title='bbox 1087 2771 1325 2855; x_wconf 85' lang='lat' dir='ltr'><strong>possit,</strong></span> <span class='ocrx_word' id='word_1_217' title='bbox 1388 2775 1463 2835; x_wconf 92' lang='lat' dir='ltr'><strong>ut</strong></span> <span class='ocrx_word' id='word_1_218' title='bbox 1514 2792 1648 2835; x_wconf 94' lang='lat' dir='ltr'><strong>non</strong></span> <span class='ocrx_word' id='word_1_219' title='bbox 1712 2771 2014 2855; x_wconf 87' lang='lat' dir='ltr'><strong>anquirat</strong></span> <span class='ocrx_word' id='word_1_220' title='bbox 2078 2733 2379 2855; x_wconf 62' lang='lat' dir='ltr'><strong>aliqimm,</strong></span> 
     </span>
     <span class='ocr_line' id='line_1_33' title="bbox 373 2858 2379 2943; baseline 0.001 -20"><span class='ocrx_word' id='word_1_221' title='bbox 373 2859 541 2943; x_wconf 89' lang='lat' dir='ltr'><strong>apud</strong></span> <span class='ocrx_word' id='word_1_222' title='bbox 589 2880 778 2941; x_wconf 93' lang='lat' dir='ltr'><strong>quem</strong></span> <span class='ocrx_word' id='word_1_223' title='bbox 824 2863 1083 2923; x_wconf 78' lang='lat' dir='ltr'><strong>evomat</strong></span> <span class='ocrx_word' id='word_1_224' title='bbox 1129 2858 1304 2923; x_wconf 83' lang='lat' dir='ltr'><strong>virus</strong></span> <span class='ocrx_word' id='word_1_225' title='bbox 1353 2859 1728 2924; x_wconf 90' lang='lat' dir='ltr'><strong>acerbitatis</strong></span> <span class='ocrx_word' id='word_1_226' title='bbox 1767 2880 1935 2924; x_wconf 88' lang='lat' dir='ltr'><strong>suae.</strong></span> <span class='ocrx_word' id='word_1_227' title='bbox 1999 2860 2218 2943; x_wconf 89' lang='lat' dir='ltr'><strong>Atque</strong></span> <span class='ocrx_word' id='word_1_228' title='bbox 2254 2858 2379 2925; x_wconf 88' lang='lat' dir='ltr'><strong>hoc</strong></span> 
     </span>
     <span class='ocr_line' id='line_1_34' title="bbox 372 2946 2459 3033; baseline 0 -22"><span class='ocrx_word' id='word_1_229' title='bbox 372 2947 647 3012; x_wconf 85' lang='lat' dir='ltr'><strong>maxime</strong></span> <span class='ocrx_word' id='word_1_230' title='bbox 693 2946 1100 3030; x_wconf 86' lang='lat' dir='ltr'><strong>iudicaretur,</strong></span> <span class='ocrx_word' id='word_1_231' title='bbox 1146 2947 1202 3011; x_wconf 89' lang='lat' dir='ltr'><strong>si</strong></span> <span class='ocrx_word' id='word_1_232' title='bbox 1249 2947 1404 3031; x_wconf 90' lang='lat' dir='ltr'><strong>quid</strong></span> <span class='ocrx_word' id='word_1_233' title='bbox 1448 2948 1581 3012; x_wconf 89' lang='lat' dir='ltr'><strong>tale</strong></span> <span class='ocrx_word' id='word_1_234' title='bbox 1618 2952 1840 3032; x_wconf 86' lang='lat' dir='ltr'><strong>posset</strong></span> <span class='ocrx_word' id='word_1_235' title='bbox 1876 2949 2268 3033; x_wconf 87' lang='lat' dir='ltr'><strong>contingere,</strong></span> <span class='ocrx_word' id='word_1_236' title='bbox 2305 2951 2379 3012; x_wconf 89' lang='lat' dir='ltr'><strong>ut</strong></span> <span class='ocrx_word' id='word_1_237' title='bbox 2407 2964 2459 3004; x_wconf 78' lang='lat'><strong>³⁰</strong></span> 
     </span>
     <span class='ocr_line' id='line_1_35' title="bbox 372 3035 2381 3120; baseline 0 -20"><span class='ocrx_word' id='word_1_238' title='bbox 372 3036 606 3120; x_wconf 90' lang='lat' dir='ltr'><strong>aliquis</strong></span> <span class='ocrx_word' id='word_1_239' title='bbox 653 3057 769 3099; x_wconf 90' lang='lat' dir='ltr'><strong>nos</strong></span> <span class='ocrx_word' id='word_1_240' title='bbox 819 3036 973 3100; x_wconf 92' lang='lat' dir='ltr'><strong>deus</strong></span> <span class='ocrx_word' id='word_1_241' title='bbox 1021 3057 1096 3099; x_wconf 86' lang='lat' dir='ltr'><strong>ex</strong></span> <span class='ocrx_word' id='word_1_242' title='bbox 1142 3035 1264 3101; x_wconf 88' lang='lat' dir='ltr'><strong>hac</strong></span> <span class='ocrx_word' id='word_1_243' title='bbox 1307 3036 1645 3101; x_wconf 92' lang='lat' dir='ltr'><strong>hominum</strong></span> <span class='ocrx_word' id='word_1_244' title='bbox 1698 3036 2063 3120; x_wconf 84' lang='lat' dir='ltr'><strong>frequentia</strong></span> <span class='ocrx_word' id='word_1_245' title='bbox 2115 3036 2381 3102; x_wconf 86' lang='lat' dir='ltr'><strong>tolleret</strong></span> 
     </span>
     <span class='ocr_line' id='line_1_36' title="bbox 373 3124 2379 3210; baseline 0 -21"><span class='ocrx_word' id='word_1_246' title='bbox 373 3130 437 3189; x_wconf 90' lang='lat' dir='ltr'><strong>et</strong></span> <span class='ocrx_word' id='word_1_247' title='bbox 481 3124 550 3188; x_wconf 90' lang='lat' dir='ltr'><strong>in</strong></span> <span class='ocrx_word' id='word_1_248' title='bbox 596 3124 942 3189; x_wconf 89' lang='lat' dir='ltr'><strong>solitudine</strong></span> <span class='ocrx_word' id='word_1_249' title='bbox 988 3124 1242 3208; x_wconf 92' lang='lat' dir='ltr'><strong>uspiam</strong></span> <span class='ocrx_word' id='word_1_250' title='bbox 1289 3125 1639 3190; x_wconf 89' lang='lat' dir='ltr'><strong>collocaret</strong></span> <span class='ocrx_word' id='word_1_251' title='bbox 1684 3128 1878 3208; x_wconf 90' lang='lat' dir='ltr'><strong>atque</strong></span> <span class='ocrx_word' id='word_1_252' title='bbox 1936 3125 2030 3190; x_wconf 93' lang='lat' dir='ltr'><strong>ibi</strong></span> <span class='ocrx_word' id='word_1_253' title='bbox 2085 3125 2379 3210; x_wconf 92' lang='lat' dir='ltr'><strong>suppedi-</strong></span> 
     </span>
     <span class='ocr_line' id='line_1_37' title="bbox 370 3213 2378 3297; baseline -0 -19"><span class='ocrx_word' id='word_1_254' title='bbox 370 3219 517 3278; x_wconf 87' lang='lat' dir='ltr'><strong>tans</strong></span> <span class='ocrx_word' id='word_1_255' title='bbox 565 3213 854 3276; x_wconf 86' lang='lat' dir='ltr'><strong>omnium</strong></span> <span class='ocrx_word' id='word_1_256' title='bbox 900 3234 1132 3291; x_wconf 89' lang='lat' dir='ltr'><strong>rerum,</strong></span> <span class='ocrx_word' id='word_1_257' title='bbox 1179 3235 1338 3297; x_wconf 90' lang='lat' dir='ltr'><strong>quas</strong></span> <span class='ocrx_word' id='word_1_258' title='bbox 1384 3217 1621 3278; x_wconf 89' lang='lat' dir='ltr'><strong>natura</strong></span> <span class='ocrx_word' id='word_1_259' title='bbox 1667 3213 2005 3297; x_wconf 86' lang='lat' dir='ltr'><strong>desiderat,</strong></span> <span class='ocrx_word' id='word_1_260' title='bbox 2051 3213 2378 3278; x_wconf 86' lang='lat' dir='ltr'><strong>abundan-</strong></span> 
     </span>
     <span class='ocr_line' id='line_1_38' title="bbox 369 3300 2379 3386; baseline 0.001 -22"><span class='ocrx_word' id='word_1_261' title='bbox 369 3301 530 3365; x_wconf 91' lang='lat' dir='ltr'><strong>tiam</strong></span> <span class='ocrx_word' id='word_1_262' title='bbox 577 3305 642 3365; x_wconf 89' lang='lat' dir='ltr'><strong>et</strong></span> <span class='ocrx_word' id='word_1_263' title='bbox 688 3301 940 3384; x_wconf 91' lang='lat' dir='ltr'><strong>copiam</strong></span> <span class='ocrx_word' id='word_1_264' title='bbox 975 3300 1256 3366; x_wconf 91' lang='lat' dir='ltr'><strong>hominis</strong></span> <span class='ocrx_word' id='word_1_265' title='bbox 1295 3302 1557 3366; x_wconf 90' lang='lat' dir='ltr'><strong>omnino</strong></span> <span class='ocrx_word' id='word_1_266' title='bbox 1596 3302 1945 3386; x_wconf 87' lang='lat' dir='ltr'><strong>aspiciendi</strong></span> <span class='ocrx_word' id='word_1_267' title='bbox 1982 3305 2379 3386; x_wconf 88' lang='lat' dir='ltr'><strong>potestatem</strong></span> 
     </span>
     <span class='ocr_line' id='line_1_39' title="bbox 371 3388 2456 3473; baseline 0.002 -22"><span class='ocrx_word' id='word_1_268' title='bbox 371 3388 662 3471; x_wconf 88' lang='lat' dir='ltr'><strong>eriperet.</strong></span> <span class='ocrx_word' id='word_1_269' title='bbox 727 3388 883 3463; x_wconf 83' lang='lat' dir='ltr'><strong>Quis</strong></span> <span class='ocrx_word' id='word_1_270' title='bbox 930 3393 1067 3453; x_wconf 91' lang='lat' dir='ltr'><strong>tam</strong></span> <span class='ocrx_word' id='word_1_271' title='bbox 1115 3394 1286 3453; x_wconf 86' lang='lat' dir='ltr'><strong>esset</strong></span> <span class='ocrx_word' id='word_1_272' title='bbox 1330 3389 1595 3472; x_wconf 85' lang='lat' dir='ltr'><strong>ferreus,</strong></span> <span class='ocrx_word' id='word_1_273' title='bbox 1641 3390 1752 3473; x_wconf 90' lang='lat' dir='ltr'><strong>qui</strong></span> <span class='ocrx_word' id='word_1_274' title='bbox 1788 3411 1931 3455; x_wconf 88' lang='lat' dir='ltr'><strong>eam</strong></span> <span class='ocrx_word' id='word_1_275' title='bbox 1969 3391 2171 3455; x_wconf 81' lang='lat' dir='ltr'><strong>vitam</strong></span> <span class='ocrx_word' id='word_1_276' title='bbox 2208 3390 2378 3455; x_wconf 89' lang='lat' dir='ltr'><strong>ferre</strong></span> <span class='ocrx_word' id='word_1_277' title='bbox 2406 3405 2456 3446; x_wconf 77' lang='lat'><strong>³⁶</strong></span> 
     </span>
     <span class='ocr_line' id='line_1_40' title="bbox 370 3474 2378 3562; baseline 0.003 -25"><span class='ocrx_word' id='word_1_278' title='bbox 370 3479 618 3557; x_wconf 88' lang='lat' dir='ltr'><strong>posset,</strong></span> <span class='ocrx_word' id='word_1_279' title='bbox 673 3474 900 3559; x_wconf 89' lang='lat' dir='ltr'><strong>cuique</strong></span> <span class='ocrx_word' id='word_1_280' title='bbox 944 3497 1075 3541; x_wconf 93' lang='lat' dir='ltr'><strong>non</strong></span> <span class='ocrx_word' id='word_1_281' title='bbox 1122 3477 1405 3541; x_wconf 88' lang='lat' dir='ltr'><strong>auferret</strong></span> <span class='ocrx_word' id='word_1_282' title='bbox 1457 3476 1741 3542; x_wconf 90' lang='lat' dir='ltr'><strong>fructum</strong></span> <span class='ocrx_word' id='word_1_283' title='bbox 1787 3478 2198 3562; x_wconf 84' lang='lat' dir='ltr'><strong>voluptatum</strong></span> <span class='ocrx_word' id='word_1_284' title='bbox 2246 3500 2378 3543; x_wconf 93' lang='lat' dir='ltr'><strong>om-</strong></span> 
     </span>
     <span class='ocr_line' id='line_1_41' title="bbox 369 3561 2378 3649; baseline 0.004 -26"><span class='ocrx_word' id='word_1_285' title='bbox 369 3561 548 3624; x_wconf 88' lang='lat' dir='ltr'><strong>nium</strong></span> <span class='ocrx_word' id='word_1_286' title='bbox 595 3562 920 3627; x_wconf 79' lang='lat' dir='ltr'><strong>solitudo?</strong></span> <span class='ocrx_word' id='word_1_287' title='bbox 980 3562 1223 3627; x_wconf 82' lang='lat' dir='ltr'><strong>Verum</strong></span> <span class='ocrx_word' id='word_1_288' title='bbox 1271 3586 1426 3649; x_wconf 90' lang='lat' dir='ltr'><strong>ergo</strong></span> <span class='ocrx_word' id='word_1_289' title='bbox 1472 3565 1637 3630; x_wconf 90' lang='lat' dir='ltr'><strong>illud</strong></span> <span class='ocrx_word' id='word_1_290' title='bbox 1683 3568 1799 3649; x_wconf 84' lang='lat' dir='ltr'><strong>est,</strong></span> <span class='ocrx_word' id='word_1_291' title='bbox 1848 3566 2016 3649; x_wconf 93' lang='lat' dir='ltr'><strong>quod</strong></span> <span class='ocrx_word' id='word_1_292' title='bbox 2069 3589 2108 3631; x_wconf 85' lang='lat' dir='ltr'><strong>a</strong></span> <span class='ocrx_word' id='word_1_293' title='bbox 2142 3565 2378 3631; x_wconf 87' lang='lat' dir='ltr'><strong>Taren·</strong></span> 
     </span>
    </p>
   </div>
  </div>
 </body>
</html>
