2630 3913
349 189 479 253 240
1113 185 1567 241 FRAGMENTA

478 349 770 431 Sequente
829 350 1043 413 deinde
1104 369 1270 413 anno
1334 348 1409 413 L.
1464 346 1640 413 Cotta
1694 347 1768 412 L.
1828 348 2135 430 Torquato
2198 368 2362 433 0088.,

349 458 465 520 quo
506 439 653 502 haec
695 437 891 502 oratio
936 457 978 500 a
1015 435 1297 501 Cicerone
1320 441 1624 518 praetura
1665 456 1863 518 nuper
1896 441 2152 518 peracta
2197 437 2362 501 dicta

347 532 456 604 est,
518 547 656 591 oum
708 527 925 607 prima
973 544 1132 606 pars
1195 575 1208 587 .
1266 573 1280 587 .
1338 574 1353 588 .
1409 573 1422 587 .
1488 520 1825 607 Manilius,
1893 526 2003 606 qui
2063 525 2363 590 iudicium

346 636 454 697 per
505 634 828 697 operarum
879 614 1057 678 duoes
1118 613 1493 690 turbaverat,
1556 613 1771 677 deinde
1831 614 1995 696 quod
2043 633 2120 679 ex
2171 612 2238 679 S.
2294 613 2363 680 0.

348 703 524 768 ambo
576 702 846 767 eonsules
886 701 1322 783 praesidebant
1370 701 1430 765 ei
1479 702 1731 783 iudicio,
1785 721 1912 767 non
1963 703 2367 784 respondisset
2418 722 2447 761 ⁵

349 792 675 872 absensque
716 794 866 855 esset
904 791 1263 872 damnatus,
1315 791 1610 854 recreavit
1648 810 1712 854 se
1755 788 2074 855 Cominius
2081 839 2099 873 ,
2152 795 2226 855 ut
2265 791 2361 855 in·

346 880 615 960 famiam
656 883 928 960 acceptae
961 879 1260 959 pecuniae
1302 878 1556 959 tolleret,
1614 897 1689 943 ac
1729 879 1969 961 repetiit
2012 877 2358 944 Cornelium

352 969 472 1051 leye
502 967 858 1032 maiestatis.
920 965 1045 1030 Res
1078 971 1217 1030 acta
1259 970 1349 1031 est
1379 986 1609 1048 mayna
1641 967 2059 1047 apectatione.
2123 965 2363 1031 Paucos

350 1062 555 1121 autem
588 1055 860 1120 homines
895 1053 1216 1120 Cornelius
1247 1056 1612 1136 perterritus
1648 1055 1890 1119 Manili
1931 1056 2099 1120 excitu
2141 1057 2363 1120 recenti

355 1147 420 1210 in
465 1145 762 1209 iudicium
805 1142 1099 1221 adhibuit,
1142 1147 1216 1207 ut
1252 1163 1332 1207 ne
1373 1143 1604 1207 clamor
1646 1144 1889 1225 quidem
1931 1144 2098 1208 ullus
2131 1143 2210 1207 ab
2253 1144 2360 1208 ade
2390 1163 2445 1202 ιο

350 1234 578 1299 vocatis
621 1233 751 1297 eius
796 1233 1076 1296 oriretur.

483 1321 796 1386 Di‘cerunt
837 1321 907 1384 in
946 1339 1083 1383 eum
1118 1318 1329 1399 infesti
1365 1320 1708 1383 testimonia
1732 1320 2045 1401 principes
2078 1320 2362 1402 civitatis,

351 1412 459 1492 qui
492 1410 841 1492 plurimum
883 1409 953 1472 in
996 1411 1212 1472 senatu
1244 1411 1550 1488 poterant,
1598 1406 1666 1486 Q.
1703 1406 2089 1487 Hortensius,
2138 1406 2207 1488 Q.
2244 1407 2360 1472 C'a·

353 1500 534 1581 tulus,
574 1497 642 1577 Q.
678 1496 962 1561 Metellus
997 1495 1171 1578 Pius,
1206 1496 1301 1559 Μ.
1330 1495 1643 1577 Imoullus,
1679 1495 1770 1559 M
1766 1495 1801 1559 ’.
1828 1495 2113 1578 Lepidus.
2169 1495 2360 1560 Dixe-

351 1592 503 1651 runt
542 1591 748 1650 autem
789 1584 932 1648 hoc:
985 1584 1206 1648 vidisse
1247 1603 1335 1666 se,
1389 1603 1527 1647 cum
1572 1581 1890 1649 Cornelius
1931 1584 2002 1648 in
2047 1585 2362 1649 tribunatu
2392 1604 2443 1641 ιε

353 1676 611 1740 codicem
652 1693 773 1754 pro
825 1672 1043 1737 rostris
1085 1672 1213 1752 ipse
1262 1672 1565 1752 recitaret,
1624 1672 1786 1754 quod
1824 1677 1967 1736 ante
2011 1671 2364 1738 Cornelium

352 1784 525 1828 nevno
575 1761 786 1842 fecisse
838 1761 1303 1825 existimaretur.
1408 1760 1699 1825 Volebant
1746 1762 1944 1825 videri
1985 1779 2049 1825 se
2089 1762 2364 1825 iudicare

352 1872 488 1916 eam
529 1869 661 1914 rem
703 1868 1063 1931 maynopere
1103 1849 1190 1912 ad
1221 1849 1450 1912 crimen
1484 1850 1847 1913 imminutae
1880 1850 2219 1913 maiestatis
2255 1852 2361 1912 tri-

354 1939 631 2006 buniciae
663 1938 993 2020 pertinere,
986 1958 1000 1972 ·
1054 1938 1273 2001 etenim
1305 1958 1500 2019 prope
1543 1937 1860 2003 tollebatur
1902 1938 2260 2021 intercessiO,
2304 1938 2364 2003 si

352 2031 422 2093 id
465 2027 729 2091 tribunis
762 2027 1228 2108 permitteretur.
1301 2026 1448 2090 Non
1481 2031 1726 2108 poterat
1758 2047 1977 2109 neqare
2017 2028 2090 2092 id
2126 2028 2362 2107 factum
2387 2047 2437 2084 20

352 2136 476 2182 esse
510 2114 751 2191 Uicer0;
795 2115 987 2197 iyitur
1031 2135 1095 2179 eo
1140 2115 1428 2197 confuyit,
1472 2119 1543 2179 ut
1583 2116 1803 2180 diceret
1843 2135 1969 2180 non
2011 2116 2161 2198 ideo,
2203 2117 2365 2196 quod

355 2207 536 2270 lectus
577 2205 662 2268 sit
702 2205 883 2268 codem
925 2223 968 2267 a
1022 2203 1289 2280 tribuno,
1343 2203 1739 2267 imminutam
1793 2222 1915 2268 esse
1969 2204 2362 2268 tribuniciam

350 2298 714 2377 potestatem.
807 2291 946 2372 Qua
996 2311 1131 2356 vero
1184 2296 1317 2355 arte
1368 2295 1427 2355 et
1475 2292 1730 2356 scientia
1781 2293 2105 2375 orationis,
2156 2294 2249 2356 ita
2293 2296 2366 2356 ut

352 2388 411 2446 et
451 2382 806 2464 diqnitatem
850 2380 1334 2444 clarissimorum
1375 2380 1626 2461 civium,
1670 2384 1883 2444 contra
1924 2400 2074 2461 quos
2116 2381 2362 2458 dicebat,

353 2492 478 2535 non
521 2470 791 2547 violaret,
836 2474 893 2532 et
934 2473 1138 2531 tamen
1180 2469 1539 2532 auctoritate
1580 2487 1791 2532 eomm
1835 2468 1996 2533 laedi
2028 2488 2201 2532 reum
2235 2489 2363 2533 non
2389 2487 2445 2528 25

351 2563 676 2640 pateretur,
709 2562 1055 2638 quantaque
1089 2557 1499 2620 moderatione
1530 2575 1661 2620 rem
1697 2561 1825 2620 tam
1860 2556 2174 2637 difficilem
2213 2556 2364 2622 aliis

355 2647 731 2727 tractaverit,
796 2645 963 2708 lectio
1026 2645 1162 2725 ipsa
1222 2644 1567 2709 declarabit.
1658 2645 2102 2709 Adiumentum
2159 2650 2364 2709 autem

353 2735 581 2812 habuit,
623 2735 797 2815 quod,
841 2733 1000 2796 sicut
1039 2732 1330 2814 diximus,
1376 2731 1694 2798 Cornelius
1728 2737 1972 2814 praeter
2016 2734 2363 2798 destrictum

351 2823 725 2904 propositum
777 2821 980 2884 animi
1031 2821 1319 2885 adversus
1358 2822 1717 2903 principum
1760 2821 2129 2886 voluntatem
2172 2827 2365 2886 cetera

353 2914 481 2975 vita
506 2909 667 2974 nihil
688 2910 931 2989 feoerat‚
966 2909 1128 2989 quod
1158 2929 1519 2991 maynopere
1544 2909 2001 2991 inprobaretur,·
2028 2915 2364 2992 praeterea,
2391 2929 2447 2968 so

353 3001 514 3082 quod
562 3005 620 3062 et
660 2999 788 3080 ipse
833 2997 1147 3078 Globulus,
1191 2999 1300 3078 qui
1348 2999 1774 3078 intercesserat,
1819 3000 2036 3062 aderat
2069 2997 2365 3081 CorneliO,

354 3094 410 3152 et
453 3086 645 3168 (quod
685 3088 889 3168 ipsum
931 3105 1163 3166 quoque
1210 3086 1513 3171 diximus)
1555 3088 1716 3167 quod
1759 3083 2078 3151 Cornelius
2112 3086 2369 3168 Pompei

355 3177 584 3257 Magyni
636 3179 914 3256 quaestor
961 3174 1192 3256 fuerat,
1247 3175 1419 3255 apud
1466 3175 1623 3238 duas
1663 3179 1877 3256 partes
1927 3195 2030 3239 reo
2075 3176 2369 3256 proderat

354 3266 623 3343 equitum
676 3262 1102 3327 Romanorum
1163 3266 1220 3325 et
1287 3264 1670 3327 tribunorum
1733 3264 2118 3327 aerariorum
2178 3268 2236 3327 et
2293 3283 2368 3328 ω)

357 3353 536 3414 tertia
590 3371 820 3433 quoque
860 3356 1044 3432 parte
1102 3355 1451 3414 senatorum
1512 3351 1682 3432 apud
1728 3351 2048 3433 plerosque
2110 3352 2367 3432 exceptis
2396 3369 2449 3409 ³⁶

356 3438 470 3517 eis,
515 3440 623 3517 qui
666 3442 844 3501 erant
881 3438 1232 3517 familiares
1264 3440 1627 3520 principum
1671 3440 1951 3504 civitatis.

490 3524 612 3587 Res
655 3529 795 3587 acta
838 3529 928 3590 est
968 3545 1189 3608 mayno
1233 3532 1523 3591 conventu
1567 3548 1909 3609 magnaque
1951 3526 2370 3609 esxpectatzone,
