2630 3913
357 212 484 275 270
1128 208 1579 264 FRAGMENTA

486 375 545 439 3.
591 373 786 438 Prisc.
823 372 895 436 X
924 376 1103 436 3.18
1127 393 1194 453 Ρ.
1231 375 1369 435 510.
1406 376 1488 435 10
1525 369 1730 435 Cicero
1765 375 1976 434 eontra
2011 369 2368 436 Metellum:

353 463 480 526 nisi
527 484 746 529 eorum
794 460 990 524 exitio
1036 481 1168 523 non
1212 459 1667 542 requieturam.

485 572 547 633 ·.‡
594 566 830 632 Gellius
867 564 1126 629 XVIII
1160 571 1218 629 7.
1253 567 1295 629 5
1335 600 1412 610 --
1452 565 1786 628 contionem
1831 565 1957 628 tria
1998 507 2368 645 siquifieare‚

355 659 551 722 locum
593 659 1063 736 suyyestumque,
1105 654 1268 717 unde
1309 652 1491 717 verba
1524 653 1754 735 fierent,
1798 653 1958 717 sieut
1991 652 2085 716 Μ
2121 649 2370 717 Tullius

353 748 423 809 iu
466 744 762 822 oratione,
807 763 962 823 quae
1005 742 1303 823 inscripta
1347 746 1435 805 est
1476 746 1688 805 contra
1731 741 2068 804 contionem
2115 740 2183 822 Q.
2227 741 2366 805 Me-
2428 761 2456 801 5

356 834 512 897 tellis
558 828 853 914 Escendi,
898 831 1116 911 inquit,
1161 829 1230 893 in
1275 828 1670 911 contionem3
1716 848 2061 893 concursus
2111 831 2211 893 est
2255 850 2369 913 po-

400 920 494 984 uli
538 920 768 984 factus.

354 945 395 1005 p
487 1007 547 1074 5.
596 1007 802 1088 Quint.
846 1005 960 1070 IX
998 1011 1057 1071 3.
1100 1009 1187 1070 40
1230 1001 1366 1070 Illa
1408 1006 1579 1105 apud
1617 1002 1964 1070 Ciceronem
2007 1006 2173 1069 mira
2215 1007 2369 1088 βρα-

353 1118 571 1161 rarum
606 1097 882 1160 mixtura
914 1092 1395 1177 deprehenditur,
1444 1095 1513 1157 in
1557 1114 1681 1175 qua
1715 1099 1775 1158 et
1801 1094 2085 1176 primum
2121 1095 2368 1159 verbum

357 1187 530 1268 lonyo
564 1190 709 1267 post
750 1184 1067 1249 intervallo
1111 1183 1417 1246 redditum
1460 1187 1548 1246 est
1580 1182 1867 1247 ultimum
1903 1187 1962 1245 et
1994 1183 2195 1247 media
2228 1184 2366 1264 pri-
2400 1202 2456 1241 10

355 1277 475 1339 mis
518 1279 577 1339 et
616 1273 833 1337 mediis
874 1271 1136 1336 ultima'
1141 1275 1513 1352 oonqmmnt:
1557 1267 1867 1335 Vestrum
1911 1268 2042 1335 iam
2089 1270 2194 1335 hic
2237 1269 2367 1335 fac—

353 1367 496 1427 tum
551 1359 1066 1446 reprehenditur,
1121 1361 1342 1443 patres
1389 1357 1763 1442 conscripti,
1816 1380 1950 1423 non
1994 1380 2236 1441 meum,
2291 1381 2368 1423 ac

356 1449 860 1535 pulcherrimum
917 1447 1174 1532 quidem
1226 1446 1501 1529 factum,
1564 1468 1814 1530 verum,
1877 1449 1950 1511 ut
2014 1446 2171 1529 dixi,
2233 1469 2370 1511 non

357 1561 587 1620 meum,
633 1537 745 1602 sed
789 1539 1095 1601 vestrum.
1168 1532 1293 1617 (Of.
1338 1533 1494 1599 Isid.
1539 1533 1632 1598 II
1663 1538 1768 1601 21.
1812 1540 1857 1601 8
1903 1539 1964 1600 et
2003 1536 2145 1600 inde
2188 1541 2366 1616 repet.

355 1628 583 1692 Aueed.
629 1625 836 1689 Eelcst.
874 1645 943 1706 Ρ.
988 1623 1115 1704 15.)
2399 1643 2454 1683 15

488 1733 546 1797 6.
586 1730 792 1812 Quint.
827 1727 943 1793 IX
963 1732 1023 1792 3.
1050 1733 1136 1791 43
1170 1726 1400 1793 Sensus
1432 1748 1664 1810 quoque
1697 1730 1825 1812 toti,
1860 1731 2369 1810 quemadmodum

354 1822 683 1901 coeperunt,
727 1818 1046 1882 desinunt:
1091 1813 1291 1879 Venit
1337 1837 1414 1880 ex
1455 1815 1632 1880 Asia.
1723 1816 1866 1882 Hoc
1909 1817 2124 1903 ipsum
2170 1840 2367 1902 quam

355 1907 618 1973 novum!
677 1903 975 1970 tribunus
1031 1903 1119 1989 pl.
1174 1904 1354 1969 venit
1398 1926 1475 1970 ex
1520 1904 1705 1971 Asia!
1783 1905 1870 1971 Iu
1913 1908 2119 1972 eadem
2164 1911 2365 1972 tamen

351 1998 597 2078 periodo
642 1995 689 2077 †
732 1999 790 2058 et
829 1994 1074 2058 verbum
1117 1994 1409 2058 ultimum
1440 1996 1724 2076 primum
1776 1995 2066 2078 refertur,
2121 1997 2369 2060 tertium

354 2088 485 2149 iam
527 2103 828 2159 sermone;
874 2084 1175 2147 adiectum
1219 2087 1308 2147 est
1349 2084 1544 2147 euim:
1590 2087 2037 2148 verumtamen
2081 2083 2276 2149 venit.
2397 2120 2454 2159 20

490 2190 548 2255 7.
594 2189 799 2270 Quint.
844 2188 958 2253 IX
997 2194 1055 2255 3.
1101 2191 1184 2253 45
1228 2188 1605 2272 Aliquando,
1651 2190 1811 2254 simii
1852 2190 1920 2253 in
1956 2190 2369 2273 yemiuatione

352 2278 669 2343 verborum
712 2278 1008 2360 diximus,
1064 2278 1251 2349 initia
1301 2298 1535 2359 quoque
1585 2282 1643 2341 et
1693 2278 2003 2342 clausulae
2044 2280 2365 2343 sententia·

355 2388 497 2430 rum
540 2368 712 2448 aliis,
764 2366 871 2431 sed
918 2386 1044 2431 non
1087 2366 1213 2430 alio
1258 2365 1635 2430 tendentibus
1678 2366 1873 2430 verbis
1916 2367 2078 2431 inter
2120 2386 2183 2430 se
2227 2387 2365 2430 con-

354 2460 601 2537 sonant,
645 2455 833 2519 initia
875 2453 985 2518 hoc
1026 2454 1239 2518 modo:
1301 2453 1651 2518 dediderim
1696 2453 2000 2538 periculis
2046 2454 2366 2537 omnibus,

357 2542 705 2608 obtulerim
741 2540 1010 2625 insidiis,
1058 2540 1400 2606 obiecerim
1444 2540 1741 2623 invidiae,
1791 2562 2012 2607 rursus
2055 2543 2369 2607 clausulae
2397 2558 2452 2600 ²⁶

355 2633 575 2696 ibidem
609 2630 852 2695 statim:
891 2650 1003 2694 vos
1042 2627 1213 2693 enim
1251 2628 1595 2713 statuistis,
1631 2651 1747 2694 vos
1781 2630 2169 2694 sententiam
2209 2630 2366 2694 dixi-

358 2719 505 2802 stis,
551 2738 667 2782 vos
711 2715 1065 2781 iudicastis.

490 2825 548 2890 8.
598 2822 803 2904 Quint.
850 2821 964 2887 IX
1002 2827 1061 2887 3.
1106 2826 1192 2887 49
1236 2823 1451 2887 Mixta
1492 2843 1723 2905 quoque
1765 2828 1823 2888 et
1865 2825 2026 2889 idem
2069 2829 2128 2888 et
2168 2826 2368 2889 diver-

355 2934 493 2978 sum
518 2912 936 2995 siynifieantia
971 2910 1451 2994 (eonyeruntur),
1487 2913 1649 2991 quod
1681 2916 1739 2976 et
1762 2913 1967 2993 ipsum
1995 2910 2365 2995 διαλλαγήν

355 3006 596 3067 vocant:
658 2997 910 3075 Quaero
966 2999 1048 3063 ab
1101 2997 1408 3082 inimicis,
1474 2999 1685 3063 sintne
1737 2999 1897 3065 haec
1951 2999 2368 3086 investigata,
2400 3019 2460 3059 so

353 3092 713 3175 comperta,
758 3086 1103 3173 patefacta,
1154 3087 1431 3169 sublata,
1477 3087 1707 3171 deleta,
1753 3086 2040 3154 extincta
2082 3111 2199 3175 per
2242 3111 2366 3154 me.

488 3195 547 3258 9.
587 3193 794 3274 Quint.
831 3193 944 3258 IX
973 3198 1033 3259 3.
1068 3195 1151 3257 50
1184 3192 1278 3257 Et
1319 3193 1428 3258 hoe
1470 3198 1675 3258 autem
1717 3195 2055 3276 exemplum
2098 3199 2157 3259 et
2194 3214 2370 3277 supe-

355 3284 489 3348 rius
532 3284 727 3347 aliam
770 3301 1000 3364 quoque
1044 3281 1323 3362 efficiunt
1362 3283 1648 3364 fiyuram,
1692 3302 1848 3363 quae
1891 3284 2041 3364 quia
2082 3282 2370 3348 coniunc-

357 3370 622 3434 tionibus
646 3375 826 3447 oaret,
853 3369 1167 3434 dissolutio
1192 3375 1460 3434 vocatur.
1479 3406 1567 3415 --
1599 3369 1846 3436 Utimur
1869 3371 1984 3435 hae
2008 3372 2215 3453 fiyura
2238 3392 2372 3435 non

355 3457 425 3518 in
468 3457 732 3537 siuyulis
773 3458 949 3521 modo
992 3457 1211 3535 verbis,
1264 3458 1373 3522 sed
1411 3459 1722 3523 sententiis
1775 3460 1986 3542 etiam,
2044 3464 2116 3522 ut
2160 3456 2370 3524 Gieero
2402 3476 2462 3518 οε

358 3542 508 3604 dicit
555 3547 769 3606 contra
819 3544 1154 3608 contionem
1206 3541 1474 3609 Metelli:
1539 3542 1660 3618 Qui
1715 3545 2188 3628 indicabantur,
2255 3567 2370 3611 eos
