<?xml version="1.0" encoding="UTF-8"?>
<!DOCTYPE html PUBLIC "-//W3C//DTD XHTML 1.0 Transitional//EN"
    "http://www.w3.org/TR/xhtml1/DTD/xhtml1-transitional.dtd">
<html xmlns="http://www.w3.org/1999/xhtml" xml:lang="en" lang="en">
 <head>
  <title>
</title>
<meta http-equiv="Content-Type" content="text/html;charset=utf-8" />
  <meta name='ocr-system' content='tesseract 3.04.00' />
  <meta name='ocr-capabilities' content='ocr_page ocr_carea ocr_par ocr_line ocrx_word'/>
</head>
<body>
  <div class='ocr_page' id='page_1' title='image "./scriptaquaemans01cicegoog_0472.png"; bbox 0 0 2630 3913; ppageno 0'>
   <div class='ocr_carea' id='block_1_1' title="bbox 309 178 1529 245">
    <p class='ocr_par' dir='ltr' id='par_1_1' title="bbox 309 178 1529 245">
     <span class='ocr_line' id='line_1_1' title="bbox 309 178 1529 245; baseline -0.011 1"><span class='ocrx_word' id='word_1_1' title='bbox 309 182 434 245; x_wconf 87' lang='lat'><strong><em>398</em></strong></span> <span class='ocrx_word' id='word_1_2' title='bbox 1078 178 1529 235; x_wconf 82' lang='lat' dir='ltr'><strong>FRAGMENTA</strong></span> 
     </span>
    </p>
   </div>
   <div class='ocr_carea' id='block_1_2' title="bbox 302 337 2404 1278">
    <p class='ocr_par' dir='ltr' id='par_1_2' title="bbox 302 337 2404 1207">
     <span class='ocr_line' id='line_1_2' title="bbox 435 337 2322 422; baseline -0.002 -14"><span class='ocrx_word' id='word_1_3' title='bbox 435 344 494 408; x_wconf 89' lang='lat'><strong><em>9.</em></strong></span> <span class='ocrx_word' id='word_1_4' title='bbox 531 343 660 409; x_wconf 87' lang='lat' dir='ltr'><strong><em>Dio</em></strong></span> <span class='ocrx_word' id='word_1_5' title='bbox 696 342 864 410; x_wconf 78' lang='lat' dir='ltr'><strong><em>Cass,</em></strong></span> <span class='ocrx_word' id='word_1_6' title='bbox 902 343 1027 408; x_wconf 91' lang='lat' dir='ltr'><strong><em>XL</em></strong></span> <span class='ocrx_word' id='word_1_7' title='bbox 1040 343 1132 407; x_wconf 88' lang='lat' dir='ltr'><strong><em>VI</em></strong></span> <span class='ocrx_word' id='word_1_8' title='bbox 1171 346 1274 408; x_wconf 80' lang='lat'><strong><em>21.</em></strong></span> <span class='ocrx_word' id='word_1_9' title='bbox 1310 346 1355 404; x_wconf 81' lang='lat'><strong><em>4</em></strong></span> <span class='ocrx_word' id='word_1_10' title='bbox 1390 343 1461 406; x_wconf 85' lang='lat' dir='ltr'><strong><em>in</em></strong></span> <span class='ocrx_word' id='word_1_11' title='bbox 1496 342 1768 406; x_wconf 84' lang='lat' dir='ltr'><strong><em>oratione</em></strong></span> <span class='ocrx_word' id='word_1_12' title='bbox 1804 339 1875 419; x_wconf 77' lang='lat' dir='ltr'><strong><em>Q.</em></strong></span> <span class='ocrx_word' id='word_1_13' title='bbox 1909 340 2064 422; x_wconf 73' lang='lat' dir='ltr'><strong><em>Fufi</em></strong></span> <span class='ocrx_word' id='word_1_14' title='bbox 2099 337 2322 404; x_wconf 83' lang='lat' dir='ltr'><strong><em>Caleni</em></strong></span> 
     </span>
     <span class='ocr_line' id='line_1_3' title="bbox 305 434 2319 525; baseline -0.002 -19"><span class='ocrx_word' id='word_1_15' title='bbox 305 440 742 525; x_wconf 80' lang='grc' dir='ltr'><strong><em>Προθέμενος</em></strong></span> <span class='ocrx_word' id='word_1_16' title='bbox 796 435 864 525; x_wconf 84' lang='grc' dir='ltr'><strong><em>(ὁ</em></strong></span> <span class='ocrx_word' id='word_1_17' title='bbox 912 438 1247 524; x_wconf 81' lang='grc' dir='ltr'><em>Κικέρων)</em></span> <span class='ocrx_word' id='word_1_18' title='bbox 1300 434 1515 502; x_wconf 80' lang='grc' dir='ltr'><strong><em>πάντα</em></strong></span> <span class='ocrx_word' id='word_1_19' title='bbox 1568 435 1648 502; x_wconf 81' lang='grc' dir='ltr'><strong><em>τὰ</em></strong></span> <span class='ocrx_word' id='word_1_20' title='bbox 1704 439 1783 522; x_wconf 82' lang='grc' dir='ltr'><strong><em>τῇ</em></strong></span> <span class='ocrx_word' id='word_1_21' title='bbox 1837 435 2025 503; x_wconf 81' lang='grc' dir='ltr'><strong><em>πόλει</em></strong></span> <span class='ocrx_word' id='word_1_22' title='bbox 2071 459 2319 523; x_wconf 85' lang='grc' dir='ltr'><strong><em>πεπρα-</em></strong></span> 
     </span>
     <span class='ocr_line' id='line_1_4' title="bbox 304 531 2318 623; baseline -0.002 -20"><span class='ocrx_word' id='word_1_23' title='bbox 304 537 510 623; x_wconf 81' lang='grc' dir='ltr'><strong><em>γμένα</em></strong></span> <span class='ocrx_word' id='word_1_24' title='bbox 558 535 936 623; x_wconf 77' lang='grc' dir='ltr'><em>συγγράψαι</em></span> <span class='ocrx_word' id='word_1_25' title='bbox 985 534 1120 623; x_wconf 82' lang='grc' dir='ltr'><strong><em>(καὶ</em></strong></span> <span class='ocrx_word' id='word_1_26' title='bbox 1174 532 1303 622; x_wconf 78' lang='grc' dir='ltr'><strong><em>γὰρ</em></strong></span> <span class='ocrx_word' id='word_1_27' title='bbox 1361 531 1679 619; x_wconf 83' lang='grc' dir='ltr'><strong><em>σοφιστὴς</em></strong></span> <span class='ocrx_word' id='word_1_28' title='bbox 1729 532 1838 598; x_wconf 82' lang='grc' dir='ltr'><strong><em>καὶ</em></strong></span> <span class='ocrx_word' id='word_1_29' title='bbox 1885 531 2160 619; x_wconf 81' lang='grc' dir='ltr'><strong><em>ποιητὴς</em></strong></span> <span class='ocrx_word' id='word_1_30' title='bbox 2203 534 2318 599; x_wconf 84' lang='grc' dir='ltr'><strong><em>καὶ</em></strong></span> 
     </span>
     <span class='ocr_line' id='line_1_5' title="bbox 304 626 2317 720; baseline -0.002 -18"><span class='ocrx_word' id='word_1_31' title='bbox 304 634 676 720; x_wconf 82' lang='grc' dir='ltr'><strong><em>φιλόσοφος</em></strong></span> <span class='ocrx_word' id='word_1_32' title='bbox 717 632 828 699; x_wconf 86' lang='grc' dir='ltr'><strong><em>καὶ</em></strong></span> <span class='ocrx_word' id='word_1_33' title='bbox 865 631 1085 719; x_wconf 80' lang='grc' dir='ltr'><strong><em>ῥήτωρ</em></strong></span> <span class='ocrx_word' id='word_1_34' title='bbox 1121 631 1232 697; x_wconf 81' lang='grc' dir='ltr'><strong><em>καὶ</em></strong></span> <span class='ocrx_word' id='word_1_35' title='bbox 1270 627 1696 718; x_wconf 78' lang='grc' dir='ltr'><strong><em>συγγραφεὺς</em></strong></span> <span class='ocrx_word' id='word_1_36' title='bbox 1732 626 1902 696; x_wconf 81' lang='grc' dir='ltr'><strong><em>εἶναι</em></strong></span> <span class='ocrx_word' id='word_1_37' title='bbox 1939 630 2317 718; x_wconf 79' lang='grc' dir='ltr'><strong><em>πλάττεται)</em></strong></span> 
     </span>
     <span class='ocr_line' id='line_1_6' title="bbox 304 725 2404 814; baseline -0.002 -16"><span class='ocrx_word' id='word_1_38' title='bbox 304 729 500 799; x_wconf 82' lang='grc' dir='ltr'><strong><em>ἔπειτ’</em></strong></span> <span class='ocrx_word' id='word_1_39' title='bbox 553 727 676 798; x_wconf 83' lang='grc' dir='ltr'><strong><em>οὐκ</em></strong></span> <span class='ocrx_word' id='word_1_40' title='bbox 722 727 851 796; x_wconf 77' lang='grc' dir='ltr'><strong><em>ἀπὸ</em></strong></span> <span class='ocrx_word' id='word_1_41' title='bbox 896 732 1013 814; x_wconf 81' lang='grc' dir='ltr'><strong><em>τῆς</em></strong></span> <span class='ocrx_word' id='word_1_42' title='bbox 1057 734 1329 806; x_wconf 82' lang='grc' dir='ltr'><strong><em>κτίσεως</em></strong></span> <span class='ocrx_word' id='word_1_43' title='bbox 1373 725 1600 813; x_wconf 81' lang='grc' dir='ltr'><strong><em>αὐτῆς,</em></strong></span> <span class='ocrx_word' id='word_1_44' title='bbox 1647 725 1866 814; x_wconf 71' lang='grc' dir='ltr'><strong><em>ὥσπερ</em></strong></span> <span class='ocrx_word' id='word_1_45' title='bbox 1915 730 1986 794; x_wconf 79' lang='grc' dir='ltr'><strong><em>οἱ</em></strong></span> <span class='ocrx_word' id='word_1_46' title='bbox 2018 725 2211 794; x_wconf 77' lang='grc' dir='ltr'><strong><em>ἄλλοι</em></strong></span> <span class='ocrx_word' id='word_1_47' title='bbox 2250 729 2325 795; x_wconf 75' lang='grc' dir='ltr'><strong><em>οἰ</em></strong></span> <span class='ocrx_word' id='word_1_48' title='bbox 2376 739 2404 779; x_wconf 84' lang='lat'>⁵</span> 
     </span>
     <span class='ocr_line' id='line_1_7' title="bbox 302 822 2317 911; baseline -0.001 -16"><span class='ocrx_word' id='word_1_49' title='bbox 302 833 500 897; x_wconf 83' lang='grc' dir='ltr'><strong><em>τοῦτο</em></strong></span> <span class='ocrx_word' id='word_1_50' title='bbox 554 831 932 911; x_wconf 81' lang='grc' dir='ltr'><strong><em>ποιοῦντες,</em></strong></span> <span class='ocrx_word' id='word_1_51' title='bbox 988 823 1135 894; x_wconf 76' lang='grc' dir='ltr'><strong><em>ἄλλ’</em></strong></span> <span class='ocrx_word' id='word_1_52' title='bbox 1196 823 1327 892; x_wconf 76' lang='grc' dir='ltr'><strong><em>ἀπὸ</em></strong></span> <span class='ocrx_word' id='word_1_53' title='bbox 1383 829 1500 911; x_wconf 83' lang='grc' dir='ltr'><strong><em>τῆς</em></strong></span> <span class='ocrx_word' id='word_1_54' title='bbox 1553 822 1867 903; x_wconf 80' lang='grc' dir='ltr'><strong><em>ὑπατείας</em></strong></span> <span class='ocrx_word' id='word_1_55' title='bbox 1910 827 2025 910; x_wconf 81' lang='grc' dir='ltr'><strong><em>τῆς</em></strong></span> <span class='ocrx_word' id='word_1_56' title='bbox 2071 825 2317 892; x_wconf 84' lang='grc' dir='ltr'><strong><em>ἑαυτοῦ</em></strong></span> 
     </span>
     <span class='ocr_line' id='line_1_8' title="bbox 303 919 2318 1014; baseline -0.001 -22"><span class='ocrx_word' id='word_1_57' title='bbox 303 925 565 1014; x_wconf 81' lang='grc' dir='ltr'><strong><em>ἤρξατο,</em></strong></span> <span class='ocrx_word' id='word_1_58' title='bbox 611 927 724 990; x_wconf 77' lang='grc' dir='ltr'><strong><em>ἵνα</em></strong></span> <span class='ocrx_word' id='word_1_59' title='bbox 761 922 1095 990; x_wconf 78' lang='grc' dir='ltr'><strong><em>α’νοέπαλιν</em></strong></span> <span class='ocrx_word' id='word_1_60' title='bbox 1130 926 1498 1009; x_wconf 76' lang='grc' dir='ltr'><em>προχωρῶν</em></span> <span class='ocrx_word' id='word_1_61' title='bbox 1536 919 1750 1009; x_wconf 77' lang='grc' dir='ltr'><em>ἀρχὴν</em></span> <span class='ocrx_word' id='word_1_62' title='bbox 1789 921 1911 1008; x_wconf 72' lang='grc' dir='ltr'><strong><em>μὲν</em></strong></span> <span class='ocrx_word' id='word_1_63' title='bbox 1948 925 2069 989; x_wconf 84' lang='grc' dir='ltr'><strong><em>τοῦ</em></strong></span> <span class='ocrx_word' id='word_1_64' title='bbox 2105 922 2318 1008; x_wconf 78' lang='grc' dir='ltr'><strong><em>λόγου</em></strong></span> 
     </span>
     <span class='ocr_line' id='line_1_9' title="bbox 305 1017 2316 1109; baseline -0.002 -18"><span class='ocrx_word' id='word_1_65' title='bbox 305 1027 593 1109; x_wconf 82' lang='grc' dir='ltr'><strong><em>ἐκείνην,</em></strong></span> <span class='ocrx_word' id='word_1_66' title='bbox 665 1020 977 1109; x_wconf 85' lang='grc' dir='ltr'><strong><em>τελευτὴν</em></strong></span> <span class='ocrx_word' id='word_1_67' title='bbox 1051 1021 1125 1089; x_wconf 70' lang='grc' dir='ltr'><strong><em>δὲ</em></strong></span> <span class='ocrx_word' id='word_1_68' title='bbox 1186 1018 1309 1107; x_wconf 83' lang='grc' dir='ltr'><strong><em>τὴν</em></strong></span> <span class='ocrx_word' id='word_1_69' title='bbox 1374 1023 1495 1087; x_wconf 87' lang='grc' dir='ltr'><strong><em>τοῦ</em></strong></span> <span class='ocrx_word' id='word_1_70' title='bbox 1553 1017 1895 1105; x_wconf 83' lang='grc' dir='ltr'><em>Ῥωμύλου</em></span> <span class='ocrx_word' id='word_1_71' title='bbox 1969 1025 2316 1104; x_wconf 85' lang='grc' dir='ltr'><strong><em>βασιλείαν</em></strong></span> 
     </span>
     <span class='ocr_line' id='line_1_10' title="bbox 302 1120 676 1207; baseline -0.008 -19"><span class='ocrx_word' id='word_1_72' title='bbox 302 1120 676 1207; x_wconf 81' lang='grc' dir='ltr'><strong><em>ποιήσηται.</em></strong></span> 
     </span>
    </p>

    <p class='ocr_par' dir='ltr' id='par_1_3' title="bbox 918 1221 2404 1278">
     <span class='ocr_line' id='line_1_11' title="bbox 918 1221 2404 1278; baseline -0.001 0"><span class='ocrx_word' id='word_1_73' title='bbox 918 1223 972 1278; x_wconf 61' lang='grc' dir='ltr'><strong><em>Β,</em></strong></span> <span class='ocrx_word' id='word_1_74' title='bbox 1028 1221 1277 1276; x_wconf 84' lang='lat' dir='ltr'>LATINI</span> <span class='ocrx_word' id='word_1_75' title='bbox 1311 1221 1690 1278; x_wconf 84' lang='lat' dir='ltr'><strong>POEMATIS.</strong></span> <span class='ocrx_word' id='word_1_76' title='bbox 2349 1228 2404 1266; x_wconf 85' lang='lat'><strong><em>10</em></strong></span> 
     </span>
    </p>
   </div>
   <div class='ocr_carea' id='block_1_3' title="bbox 1091 1349 1520 1396">
    <p class='ocr_par' dir='ltr' id='par_1_4' title="bbox 1091 1349 1520 1396">
     <span class='ocr_line' id='line_1_12' title="bbox 1091 1349 1520 1396; baseline -0.002 0"><span class='ocrx_word' id='word_1_77' title='bbox 1091 1350 1186 1396; x_wconf 82' lang='lat' dir='ltr'><strong><em>Ex</em></strong></span> <span class='ocrx_word' id='word_1_78' title='bbox 1224 1349 1437 1396; x_wconf 86' lang='lat' dir='ltr'><strong><em>LIBRO</em></strong></span> <span class='ocrx_word' id='word_1_79' title='bbox 1477 1350 1520 1395; x_wconf 89' lang='lat'><strong><em>1.</em></strong></span> 
     </span>
    </p>
   </div>
   <div class='ocr_carea' id='block_1_4' title="bbox 303 1435 2403 1966">
    <p class='ocr_par' dir='ltr' id='par_1_5' title="bbox 303 1435 2403 1966">
     <span class='ocr_line' id='line_1_13' title="bbox 442 1435 2321 1522; baseline 0.001 -18"><span class='ocrx_word' id='word_1_80' title='bbox 442 1442 499 1507; x_wconf 91' lang='lat'><strong><em>1.</em></strong></span> <span class='ocrx_word' id='word_1_81' title='bbox 540 1439 706 1506; x_wconf 80' lang='lat' dir='ltr'><strong><em>Serv.</em></strong></span> <span class='ocrx_word' id='word_1_82' title='bbox 747 1438 915 1521; x_wconf 76' lang='lat' dir='ltr'><strong><em>Very.</em></strong></span> <span class='ocrx_word' id='word_1_83' title='bbox 951 1438 1086 1503; x_wconf 81' lang='lat' dir='ltr'><strong><em>Ecl.</em></strong></span> <span class='ocrx_word' id='word_1_84' title='bbox 1135 1437 1317 1503; x_wconf 90' lang='lat' dir='ltr'><strong><em>VIII</em></strong></span> <span class='ocrx_word' id='word_1_85' title='bbox 1351 1442 1474 1502; x_wconf 87' lang='lat'><strong><em>106</em></strong></span> <span class='ocrx_word' id='word_1_86' title='bbox 1517 1435 1744 1518; x_wconf 79' lang='lat' dir='ltr'><em>Sponte</em></span> <span class='ocrx_word' id='word_1_87' title='bbox 1785 1437 1938 1522; x_wconf 88' lang='lat' dir='ltr'><strong><em>sua]</em></strong></span> <span class='ocrx_word' id='word_1_88' title='bbox 1983 1438 2135 1504; x_wconf 86' lang='lat' dir='ltr'><strong><em>Sine</em></strong></span> <span class='ocrx_word' id='word_1_89' title='bbox 2179 1441 2321 1522; x_wconf 76' lang='lat' dir='ltr'><strong><em>iyne</em></strong></span> 
     </span>
     <span class='ocr_line' id='line_1_14' title="bbox 303 1522 2319 1609; baseline -0 -15"><span class='ocrx_word' id='word_1_90' title='bbox 303 1530 499 1595; x_wconf 86' lang='lat' dir='ltr'><strong><em>subito</em></strong></span> <span class='ocrx_word' id='word_1_91' title='bbox 552 1549 627 1593; x_wconf 75' lang='lat' dir='ltr'><strong><em>ex</em></strong></span> <span class='ocrx_word' id='word_1_92' title='bbox 682 1529 834 1609; x_wconf 77' lang='lat' dir='ltr'><strong><em>ipsis</em></strong></span> <span class='ocrx_word' id='word_1_93' title='bbox 895 1522 1197 1591; x_wconf 71' lang='lat' dir='ltr'><strong><em>cineribus</em></strong></span> <span class='ocrx_word' id='word_1_94' title='bbox 1257 1526 1518 1608; x_wconf 73' lang='lat' dir='ltr'><strong><em>flamma</em></strong></span> <span class='ocrx_word' id='word_1_95' title='bbox 1579 1527 1833 1591; x_wconf 78' lang='lat' dir='ltr'><strong><em>emersit.</em></strong></span> <span class='ocrx_word' id='word_1_96' title='bbox 1931 1527 2072 1592; x_wconf 89' lang='lat' dir='ltr'><strong><em>Hoc</em></strong></span> <span class='ocrx_word' id='word_1_97' title='bbox 2132 1529 2319 1593; x_wconf 76' lang='lat' dir='ltr'><strong><em>uxori</em></strong></span> 
     </span>
     <span class='ocr_line' id='line_1_15' title="bbox 305 1616 2319 1698; baseline -0.001 -15"><span class='ocrx_word' id='word_1_98' title='bbox 305 1617 611 1684; x_wconf 82' lang='lat' dir='ltr'><strong><em>Ciceronis</em></strong></span> <span class='ocrx_word' id='word_1_99' title='bbox 640 1617 866 1681; x_wconf 81' lang='lat' dir='ltr'><strong><em>dicitur</em></strong></span> <span class='ocrx_word' id='word_1_100' title='bbox 889 1616 1236 1697; x_wconf 75' lang='lat' dir='ltr'><strong><em>contiyisse:</em></strong></span> <span class='ocrx_word' id='word_1_101' title='bbox 1274 1635 1411 1679; x_wconf 82' lang='lat' dir='ltr'><strong><em>cum</em></strong></span> <span class='ocrx_word' id='word_1_102' title='bbox 1435 1619 1581 1696; x_wconf 77' lang='lat' dir='ltr'><strong><em>post</em></strong></span> <span class='ocrx_word' id='word_1_103' title='bbox 1594 1618 1915 1696; x_wconf 78' lang='lat' dir='ltr'><strong><em>peractum</em></strong></span> <span class='ocrx_word' id='word_1_104' title='bbox 1940 1617 2319 1698; x_wconf 74' lang='lat' dir='ltr'><strong><em>sacrificium</em></strong></span> 
     </span>
     <span class='ocr_line' id='line_1_16' title="bbox 306 1703 2403 1785; baseline -0.001 -14"><span class='ocrx_word' id='word_1_105' title='bbox 306 1707 494 1771; x_wconf 82' lang='lat' dir='ltr'><strong><em>libare</em></strong></span> <span class='ocrx_word' id='word_1_106' title='bbox 537 1706 707 1770; x_wconf 84' lang='lat' dir='ltr'><strong><em>vellet</em></strong></span> <span class='ocrx_word' id='word_1_107' title='bbox 747 1706 818 1769; x_wconf 86' lang='lat' dir='ltr'><strong><em>in</em></strong></span> <span class='ocrx_word' id='word_1_108' title='bbox 853 1705 1139 1783; x_wconf 78' lang='lat' dir='ltr'><strong><em>cinerem,</em></strong></span> <span class='ocrx_word' id='word_1_109' title='bbox 1192 1723 1267 1767; x_wconf 82' lang='lat' dir='ltr'><strong><em>ex</em></strong></span> <span class='ocrx_word' id='word_1_110' title='bbox 1309 1705 1444 1785; x_wconf 77' lang='lat' dir='ltr'><strong><em>ipso</em></strong></span> <span class='ocrx_word' id='word_1_111' title='bbox 1488 1704 1686 1767; x_wconf 85' lang='lat' dir='ltr'><strong><em>cinere</em></strong></span> <span class='ocrx_word' id='word_1_112' title='bbox 1727 1703 1987 1784; x_wconf 80' lang='lat' dir='ltr'><strong><em>flamma</em></strong></span> <span class='ocrx_word' id='word_1_113' title='bbox 2027 1707 2316 1784; x_wconf 77' lang='lat' dir='ltr'><strong><em>surrexit,</em></strong></span> <span class='ocrx_word' id='word_1_114' title='bbox 2350 1721 2403 1760; x_wconf 84' lang='lat'><strong><em>¹⁵</em></strong></span> 
     </span>
     <span class='ocr_line' id='line_1_17' title="bbox 304 1791 2321 1877; baseline -0 -18"><span class='ocrx_word' id='word_1_115' title='bbox 304 1815 459 1877; x_wconf 84' lang='lat' dir='ltr'><strong><em>quae</em></strong></span> <span class='ocrx_word' id='word_1_116' title='bbox 491 1794 750 1875; x_wconf 81' lang='lat' dir='ltr'><strong><em>flamma</em></strong></span> <span class='ocrx_word' id='word_1_117' title='bbox 782 1793 985 1856; x_wconf 88' lang='lat' dir='ltr'><strong><em>eodem</em></strong></span> <span class='ocrx_word' id='word_1_118' title='bbox 1019 1811 1185 1856; x_wconf 89' lang='lat' dir='ltr'><strong><em>anno</em></strong></span> <span class='ocrx_word' id='word_1_119' title='bbox 1219 1792 1525 1856; x_wconf 79' lang='lat' dir='ltr'><strong><em>consulem</em></strong></span> <span class='ocrx_word' id='word_1_120' title='bbox 1566 1791 1850 1871; x_wconf 82' lang='lat' dir='ltr'><strong><em>futurum</em></strong></span> <span class='ocrx_word' id='word_1_121' title='bbox 1887 1795 2146 1858; x_wconf 73' lang='lat' dir='ltr'><strong><em>ostendit</em></strong></span> <span class='ocrx_word' id='word_1_122' title='bbox 2186 1795 2321 1858; x_wconf 84' lang='lat' dir='ltr'><strong><em>eius</em></strong></span> 
     </span>
     <span class='ocr_line' id='line_1_18' title="bbox 305 1878 1969 1966; baseline -0.003 -18"><span class='ocrx_word' id='word_1_123' title='bbox 305 1884 627 1966; x_wconf 83' lang='lat' dir='ltr'><strong><em>maritum,</em></strong></span> <span class='ocrx_word' id='word_1_124' title='bbox 668 1881 828 1946; x_wconf 79' lang='lat' dir='ltr'><strong><em>sicut</em></strong></span> <span class='ocrx_word' id='word_1_125' title='bbox 869 1878 1073 1945; x_wconf 82' lang='lat' dir='ltr'><strong><em>Cicero</em></strong></span> <span class='ocrx_word' id='word_1_126' title='bbox 1116 1880 1189 1943; x_wconf 86' lang='lat' dir='ltr'><strong><em>in</em></strong></span> <span class='ocrx_word' id='word_1_127' title='bbox 1231 1899 1342 1944; x_wconf 87' lang='lat' dir='ltr'><strong><em>suo</em></strong></span> <span class='ocrx_word' id='word_1_128' title='bbox 1389 1884 1642 1945; x_wconf 82' lang='lat' dir='ltr'><strong><em>testatur</em></strong></span> <span class='ocrx_word' id='word_1_129' title='bbox 1674 1885 1969 1963; x_wconf 76' lang='lat' dir='ltr'><strong><em>poemate.</em></strong></span> 
     </span>
    </p>
   </div>
   <div class='ocr_carea' id='block_1_5' title="bbox 1078 2092 1532 2139">
    <p class='ocr_par' dir='ltr' id='par_1_6' title="bbox 1078 2092 1532 2139">
     <span class='ocr_line' id='line_1_19' title="bbox 1078 2092 1532 2139; baseline 0.002 -2"><span class='ocrx_word' id='word_1_130' title='bbox 1078 2092 1173 2138; x_wconf 81' lang='lat' dir='ltr'><strong><em>Ex</em></strong></span> <span class='ocrx_word' id='word_1_131' title='bbox 1213 2092 1425 2139; x_wconf 86' lang='lat' dir='ltr'><strong><em>LIBRO</em></strong></span> <span class='ocrx_word' id='word_1_132' title='bbox 1463 2092 1532 2138; x_wconf 90' lang='lat'><strong><em>11.</em></strong></span> 
     </span>
    </p>
   </div>
   <div class='ocr_carea' id='block_1_6' title="bbox 306 2195 2404 3606">
    <p class='ocr_par' dir='ltr' id='par_1_7' title="bbox 306 2195 2404 2545">
     <span class='ocr_line' id='line_1_20' title="bbox 438 2195 2317 2280; baseline 0.002 -19"><span class='ocrx_word' id='word_1_133' title='bbox 438 2199 497 2262; x_wconf 86' lang='grc'><strong><em>2.</em></strong></span> <span class='ocrx_word' id='word_1_134' title='bbox 536 2195 657 2264; x_wconf 83' lang='lat' dir='ltr'><strong><em>Cic.</em></strong></span> <span class='ocrx_word' id='word_1_135' title='bbox 702 2198 775 2262; x_wconf 86' lang='lat' dir='ltr'><strong><em>de</em></strong></span> <span class='ocrx_word' id='word_1_136' title='bbox 807 2198 926 2261; x_wconf 82' lang='lat' dir='ltr'><strong><em>div.</em></strong></span> <span class='ocrx_word' id='word_1_137' title='bbox 961 2197 1012 2261; x_wconf 99' lang='lat' dir='ltr'><strong><em>I</em></strong></span> <span class='ocrx_word' id='word_1_138' title='bbox 1039 2203 1134 2262; x_wconf 88' lang='lat'><strong><em>11.</em></strong></span> <span class='ocrx_word' id='word_1_139' title='bbox 1169 2204 1439 2263; x_wconf 83' lang='lat'><strong><em>17—13.</em></strong></span> <span class='ocrx_word' id='word_1_140' title='bbox 1474 2202 1568 2263; x_wconf 79' lang='lat'><strong><em>22</em></strong></span> <span class='ocrx_word' id='word_1_141' title='bbox 1602 2196 1726 2263; x_wconf 84' lang='lat' dir='ltr'><strong><em>Sed</em></strong></span> <span class='ocrx_word' id='word_1_142' title='bbox 1764 2219 1880 2280; x_wconf 80' lang='lat' dir='ltr'><strong><em>quo</em></strong></span> <span class='ocrx_word' id='word_1_143' title='bbox 1913 2200 2124 2280; x_wconf 77' lang='lat' dir='ltr'><strong><em>potius</em></strong></span> <span class='ocrx_word' id='word_1_144' title='bbox 2166 2205 2317 2264; x_wconf 86' lang='lat' dir='ltr'><strong><em>utar</em></strong></span> 
     </span>
     <span class='ocr_line' id='line_1_21' title="bbox 306 2287 2404 2372; baseline 0.001 -20"><span class='ocrx_word' id='word_1_145' title='bbox 306 2292 418 2352; x_wconf 87' lang='lat' dir='ltr'><strong><em>aut</em></strong></span> <span class='ocrx_word' id='word_1_146' title='bbox 441 2291 683 2351; x_wconf 85' lang='lat' dir='ltr'><strong><em>auctore</em></strong></span> <span class='ocrx_word' id='word_1_147' title='bbox 707 2290 820 2350; x_wconf 88' lang='lat' dir='ltr'><strong><em>aut</em></strong></span> <span class='ocrx_word' id='word_1_148' title='bbox 845 2291 983 2351; x_wconf 86' lang='lat' dir='ltr'><strong><em>teste</em></strong></span> <span class='ocrx_word' id='word_1_149' title='bbox 1008 2307 1194 2368; x_wconf 80' lang='lat' dir='ltr'><strong><em>quam</em></strong></span> <span class='ocrx_word' id='word_1_150' title='bbox 1222 2287 1320 2351; x_wconf 74' lang='lat' dir='ltr'><strong><em>te?</em></strong></span> <span class='ocrx_word' id='word_1_151' title='bbox 1354 2287 1527 2351; x_wconf 87' lang='lat' dir='ltr'><strong><em>cuius</em></strong></span> <span class='ocrx_word' id='word_1_152' title='bbox 1554 2288 1772 2351; x_wconf 80' lang='lat' dir='ltr'><strong><em>edidici</em></strong></span> <span class='ocrx_word' id='word_1_153' title='bbox 1798 2288 1983 2353; x_wconf 86' lang='lat' dir='ltr'><strong><em>etiam</em></strong></span> <span class='ocrx_word' id='word_1_154' title='bbox 2008 2309 2233 2372; x_wconf 71' lang='lat' dir='ltr'><strong><em>versae,</em></strong></span> <span class='ocrx_word' id='word_1_155' title='bbox 2260 2295 2322 2354; x_wconf 89' lang='lat' dir='ltr'><strong><em>et</em></strong></span> <span class='ocrx_word' id='word_1_156' title='bbox 2348 2307 2404 2346; x_wconf 82' lang='lat'><strong><em>20</em></strong></span> 
     </span>
     <span class='ocr_line' id='line_1_22' title="bbox 307 2376 2319 2458; baseline 0 -17"><span class='ocrx_word' id='word_1_157' title='bbox 307 2376 573 2442; x_wconf 78' lang='lat' dir='ltr'><strong><em>lubenter</em></strong></span> <span class='ocrx_word' id='word_1_158' title='bbox 624 2376 891 2458; x_wconf 81' lang='lat' dir='ltr'><strong><em>quidem,</em></strong></span> <span class='ocrx_word' id='word_1_159' title='bbox 941 2395 1091 2457; x_wconf 79' lang='lat' dir='ltr'><strong><em>quos</em></strong></span> <span class='ocrx_word' id='word_1_160' title='bbox 1140 2376 1214 2439; x_wconf 86' lang='lat' dir='ltr'><strong><em>in</em></strong></span> <span class='ocrx_word' id='word_1_161' title='bbox 1263 2376 1518 2439; x_wconf 86' lang='lat' dir='ltr'><strong><em>secundo</em></strong></span> <span class='ocrx_word' id='word_1_162' title='bbox 1571 2376 1644 2440; x_wconf 87' lang='lat' dir='ltr'><strong><em>de</em></strong></span> <span class='ocrx_word' id='word_1_163' title='bbox 1695 2376 2013 2441; x_wconf 76' lang='lat' dir='ltr'><strong><em>consulatu</em></strong></span> <span class='ocrx_word' id='word_1_164' title='bbox 2070 2376 2319 2443; x_wconf 79' lang='lat' dir='ltr'><strong><em>Urania</em></strong></span> 
     </span>
     <span class='ocr_line' id='line_1_23' title="bbox 308 2464 939 2545; baseline -0.005 -16"><span class='ocrx_word' id='word_1_165' title='bbox 308 2465 504 2531; x_wconf 83' lang='lat' dir='ltr'><strong><em>Musa</em></strong></span> <span class='ocrx_word' id='word_1_166' title='bbox 537 2464 939 2545; x_wconf 75' lang='lat' dir='ltr'><strong><em>pronuntiat:</em></strong></span> 
     </span>
    </p>

    <p class='ocr_par' dir='ltr' id='par_1_8' title="bbox 393 2549 1992 2638">
     <span class='ocr_line' id='line_1_24' title="bbox 393 2549 1992 2638; baseline 0 -22"><span class='ocrx_word' id='word_1_167' title='bbox 393 2551 718 2636; x_wconf 87' lang='lat' dir='ltr'><strong><em>Principio</em></strong></span> <span class='ocrx_word' id='word_1_168' title='bbox 766 2550 1052 2615; x_wconf 86' lang='lat' dir='ltr'><strong><em>aetherio</em></strong></span> <span class='ocrx_word' id='word_1_169' title='bbox 1099 2550 1469 2615; x_wconf 86' lang='lat' dir='ltr'><strong><em>flammatus</em></strong></span> <span class='ocrx_word' id='word_1_170' title='bbox 1513 2549 1809 2636; x_wconf 86' lang='lat' dir='ltr'><strong><em>Iuppiter</em></strong></span> <span class='ocrx_word' id='word_1_171' title='bbox 1852 2551 1992 2638; x_wconf 85' lang='lat' dir='ltr'><strong><em>igni</em></strong></span> 
     </span>
    </p>

    <p class='ocr_par' dir='ltr' id='par_1_9' title="bbox 391 2639 2404 3078">
     <span class='ocr_line' id='line_1_25' title="bbox 393 2639 2110 2705; baseline 0.001 -1"><span class='ocrx_word' id='word_1_172' title='bbox 393 2640 690 2704; x_wconf 84' lang='lat' dir='ltr'><strong><em>Vertitur</em></strong></span> <span class='ocrx_word' id='word_1_173' title='bbox 736 2644 802 2703; x_wconf 87' lang='lat' dir='ltr'><strong><em>et</em></strong></span> <span class='ocrx_word' id='word_1_174' title='bbox 847 2642 1061 2703; x_wconf 86' lang='lat' dir='ltr'><strong><em>totum</em></strong></span> <span class='ocrx_word' id='word_1_175' title='bbox 1106 2639 1467 2704; x_wconf 71' lang='lat' dir='ltr'><strong><em>conlustrat</em></strong></span> <span class='ocrx_word' id='word_1_176' title='bbox 1513 2640 1754 2703; x_wconf 90' lang='lat' dir='ltr'><strong><em>lumine</em></strong></span> <span class='ocrx_word' id='word_1_177' title='bbox 1800 2640 2110 2705; x_wconf 87' lang='lat' dir='ltr'><strong><em>mundum</em></strong></span> 
     </span>
     <span class='ocr_line' id='line_1_26' title="bbox 393 2727 2404 2813; baseline -0.001 -22"><span class='ocrx_word' id='word_1_178' title='bbox 393 2728 734 2811; x_wconf 74' lang='lat' dir='ltr'><strong><em>Menteque</em></strong></span> <span class='ocrx_word' id='word_1_179' title='bbox 782 2727 999 2791; x_wconf 84' lang='lat' dir='ltr'><strong><em>divina</em></strong></span> <span class='ocrx_word' id='word_1_180' title='bbox 1046 2727 1292 2792; x_wconf 89' lang='lat' dir='ltr'><strong><em>caelum</em></strong></span> <span class='ocrx_word' id='word_1_181' title='bbox 1341 2732 1672 2811; x_wconf 86' lang='lat' dir='ltr'><strong><em>terrasque</em></strong></span> <span class='ocrx_word' id='word_1_182' title='bbox 1718 2729 2015 2813; x_wconf 85' lang='lat' dir='ltr'><strong><em>petessit‚</em></strong></span> <span class='ocrx_word' id='word_1_183' title='bbox 2348 2749 2404 2788; x_wconf 79' lang='lat'><strong><em>25</em></strong></span> 
     </span>
     <span class='ocr_line' id='line_1_27' title="bbox 394 2815 2198 2901; baseline 0.001 -21"><span class='ocrx_word' id='word_1_184' title='bbox 394 2815 571 2891; x_wconf 85' lang='lat' dir='ltr'><strong><em>Quae</em></strong></span> <span class='ocrx_word' id='word_1_185' title='bbox 616 2816 873 2901; x_wconf 86' lang='lat' dir='ltr'><strong><em>penitus</em></strong></span> <span class='ocrx_word' id='word_1_186' title='bbox 921 2837 1145 2880; x_wconf 82' lang='lat' dir='ltr'><strong><em>sensus</em></strong></span> <span class='ocrx_word' id='word_1_187' title='bbox 1189 2816 1526 2881; x_wconf 89' lang='lat' dir='ltr'><strong><em>hominum</em></strong></span> <span class='ocrx_word' id='word_1_188' title='bbox 1572 2816 1868 2901; x_wconf 85' lang='lat' dir='ltr'><strong><em>vitasque</em></strong></span> <span class='ocrx_word' id='word_1_189' title='bbox 1914 2821 2198 2882; x_wconf 86' lang='lat' dir='ltr'><strong><em>retentat</em></strong></span> 
     </span>
     <span class='ocr_line' id='line_1_28' title="bbox 394 2904 2315 2989; baseline 0.001 -21"><span class='ocrx_word' id='word_1_190' title='bbox 394 2904 699 2971; x_wconf 85' lang='lat' dir='ltr'><strong><em>Aetheris</em></strong></span> <span class='ocrx_word' id='word_1_191' title='bbox 747 2904 993 2969; x_wconf 85' lang='lat' dir='ltr'><strong><em>aeterni</em></strong></span> <span class='ocrx_word' id='word_1_192' title='bbox 1038 2908 1264 2989; x_wconf 87' lang='lat' dir='ltr'><strong><em>saepta</em></strong></span> <span class='ocrx_word' id='word_1_193' title='bbox 1311 2909 1506 2989; x_wconf 83' lang='lat' dir='ltr'><strong><em>atque</em></strong></span> <span class='ocrx_word' id='word_1_194' title='bbox 1549 2904 1801 2970; x_wconf 85' lang='lat' dir='ltr'><strong><em>inclusa</em></strong></span> <span class='ocrx_word' id='word_1_195' title='bbox 1847 2906 2153 2971; x_wconf 77' lang='lat' dir='ltr'><strong><em>cavernis,</em></strong></span> <span class='ocrx_word' id='word_1_196' title='bbox 2280 2922 2315 2970; x_wconf 80' lang='lat'><strong>5</strong></span> 
     </span>
     <span class='ocr_line' id='line_1_29' title="bbox 391 2993 2091 3078; baseline -0.001 -20"><span class='ocrx_word' id='word_1_197' title='bbox 391 2994 511 3077; x_wconf 84' lang='lat' dir='ltr'><strong><em>Et,</em></strong></span> <span class='ocrx_word' id='word_1_198' title='bbox 559 2993 615 3057; x_wconf 88' lang='lat' dir='ltr'><strong><em>si</em></strong></span> <span class='ocrx_word' id='word_1_199' title='bbox 660 2993 1000 3057; x_wconf 85' lang='lat' dir='ltr'><strong><em>stellarum</em></strong></span> <span class='ocrx_word' id='word_1_200' title='bbox 1046 2997 1260 3058; x_wconf 86' lang='lat' dir='ltr'><strong><em>motus</em></strong></span> <span class='ocrx_word' id='word_1_201' title='bbox 1309 3015 1658 3077; x_wconf 83' lang='lat' dir='ltr'><strong><em>cursusque</em></strong></span> <span class='ocrx_word' id='word_1_202' title='bbox 1703 2995 2003 3078; x_wconf 85' lang='lat' dir='ltr'><strong><em>vagantis</em></strong></span> <span class='ocrx_word' id='word_1_203' title='bbox 2086 3007 2091 3012; x_wconf 80' lang='grc'><strong><em>’</em></strong></span> 
     </span>
    </p>

    <p class='ocr_par' dir='ltr' id='par_1_10' title="bbox 394 3080 2403 3344">
     <span class='ocr_line' id='line_1_30' title="bbox 395 3080 2243 3168; baseline 0.001 -22"><span class='ocrx_word' id='word_1_204' title='bbox 395 3082 604 3146; x_wconf 85' lang='lat' dir='ltr'><strong><em>Nosse</em></strong></span> <span class='ocrx_word' id='word_1_205' title='bbox 649 3082 840 3166; x_wconf 76' lang='lat' dir='ltr'><strong><em>velie,</em></strong></span> <span class='ocrx_word' id='word_1_206' title='bbox 886 3104 1049 3166; x_wconf 88' lang='lat' dir='ltr'><strong><em>quae</em></strong></span> <span class='ocrx_word' id='word_1_207' title='bbox 1096 3080 1227 3145; x_wconf 84' lang='lat' dir='ltr'><strong><em>sint</em></strong></span> <span class='ocrx_word' id='word_1_208' title='bbox 1273 3080 1608 3167; x_wconf 85' lang='lat' dir='ltr'><strong><em>signorum</em></strong></span> <span class='ocrx_word' id='word_1_209' title='bbox 1653 3082 1723 3146; x_wconf 92' lang='lat' dir='ltr'><strong><em>in</em></strong></span> <span class='ocrx_word' id='word_1_210' title='bbox 1772 3083 1918 3147; x_wconf 88' lang='lat' dir='ltr'><strong><em>sede</em></strong></span> <span class='ocrx_word' id='word_1_211' title='bbox 1966 3083 2243 3168; x_wconf 77' lang='lat' dir='ltr'><strong><em>locatae,</em></strong></span> 
     </span>
     <span class='ocr_line' id='line_1_31' title="bbox 396 3168 2403 3255; baseline 0 -21"><span class='ocrx_word' id='word_1_212' title='bbox 396 3169 571 3246; x_wconf 84' lang='lat' dir='ltr'><strong><em>Quae</em></strong></span> <span class='ocrx_word' id='word_1_213' title='bbox 616 3170 814 3234; x_wconf 86' lang='lat' dir='ltr'><strong><em>verbo</em></strong></span> <span class='ocrx_word' id='word_1_214' title='bbox 864 3174 928 3233; x_wconf 89' lang='lat' dir='ltr'><strong><em>et</em></strong></span> <span class='ocrx_word' id='word_1_215' title='bbox 971 3170 1157 3235; x_wconf 84' lang='lat' dir='ltr'><strong><em>falsis</em></strong></span> <span class='ocrx_word' id='word_1_216' title='bbox 1204 3168 1545 3235; x_wconf 83' lang='lat' dir='ltr'><strong><em>Graiorum</em></strong></span> <span class='ocrx_word' id='word_1_217' title='bbox 1591 3171 1855 3235; x_wconf 86' lang='lat' dir='ltr'><strong><em>vocibus</em></strong></span> <span class='ocrx_word' id='word_1_218' title='bbox 1903 3175 2149 3255; x_wconf 83' lang='lat' dir='ltr'><strong><em>errant,</em></strong></span> <span class='ocrx_word' id='word_1_219' title='bbox 2345 3189 2403 3229; x_wconf 79' lang='lat'><strong><em>30</em></strong></span> 
     </span>
     <span class='ocr_line' id='line_1_32' title="bbox 394 3258 1890 3344; baseline 0.001 -23"><span class='ocrx_word' id='word_1_220' title='bbox 394 3258 489 3322; x_wconf 87' lang='lat' dir='ltr'><strong><em>Re</em></strong></span> <span class='ocrx_word' id='word_1_221' title='bbox 535 3280 690 3323; x_wconf 87' lang='lat' dir='ltr'><strong><em>vera</em></strong></span> <span class='ocrx_word' id='word_1_222' title='bbox 735 3261 910 3322; x_wconf 85' lang='lat' dir='ltr'><strong><em>certo</em></strong></span> <span class='ocrx_word' id='word_1_223' title='bbox 958 3259 1147 3344; x_wconf 86' lang='lat' dir='ltr'><strong><em>lapsu</em></strong></span> <span class='ocrx_word' id='word_1_224' title='bbox 1194 3259 1534 3343; x_wconf 86' lang='lat' dir='ltr'><strong><em>spatioque</em></strong></span> <span class='ocrx_word' id='word_1_225' title='bbox 1579 3258 1890 3343; x_wconf 84' lang='lat' dir='ltr'><strong><em>feruntur,</em></strong></span> 
     </span>
    </p>

    <p class='ocr_par' dir='ltr' id='par_1_11' title="bbox 394 3345 2315 3606">
     <span class='ocr_line' id='line_1_33' title="bbox 394 3345 2315 3414; baseline 0.002 -6"><span class='ocrx_word' id='word_1_226' title='bbox 394 3346 628 3409; x_wconf 87' lang='lat' dir='ltr'><strong><em>Omnia</em></strong></span> <span class='ocrx_word' id='word_1_227' title='bbox 671 3345 804 3410; x_wconf 88' lang='lat' dir='ltr'><strong><em>iam</em></strong></span> <span class='ocrx_word' id='word_1_228' title='bbox 849 3368 1067 3410; x_wconf 83' lang='lat' dir='ltr'><strong><em>cernes</em></strong></span> <span class='ocrx_word' id='word_1_229' title='bbox 1115 3346 1332 3411; x_wconf 86' lang='lat' dir='ltr'><strong><em>divina</em></strong></span> <span class='ocrx_word' id='word_1_230' title='bbox 1378 3351 1593 3412; x_wconf 88' lang='lat' dir='ltr'><strong><em>mente</em></strong></span> <span class='ocrx_word' id='word_1_231' title='bbox 1637 3352 1882 3414; x_wconf 85' lang='lat' dir='ltr'><strong><em>notata.</em></strong></span> <span class='ocrx_word' id='word_1_232' title='bbox 2247 3363 2315 3412; x_wconf 87' lang='lat'><strong><em>10</em></strong></span> 
     </span>
     <span class='ocr_line' id='line_1_34' title="bbox 394 3430 2272 3517; baseline 0.003 -23"><span class='ocrx_word' id='word_1_233' title='bbox 394 3430 568 3495; x_wconf 86' lang='lat' dir='ltr'><strong><em>Nam</em></strong></span> <span class='ocrx_word' id='word_1_234' title='bbox 611 3434 893 3517; x_wconf 83' lang='lat' dir='ltr'><strong><em>primum</em></strong></span> <span class='ocrx_word' id='word_1_235' title='bbox 941 3438 1266 3499; x_wconf 83' lang='lat' dir='ltr'><strong><em>astrorum</em></strong></span> <span class='ocrx_word' id='word_1_236' title='bbox 1310 3435 1593 3501; x_wconf 76' lang='lat' dir='ltr'><strong><em>volucris</em></strong></span> <span class='ocrx_word' id='word_1_237' title='bbox 1640 3441 1705 3500; x_wconf 85' lang='lat' dir='ltr'><strong><em>te</em></strong></span> <span class='ocrx_word' id='word_1_238' title='bbox 1751 3437 2011 3502; x_wconf 88' lang='lat' dir='ltr'><strong><em>consule</em></strong></span> <span class='ocrx_word' id='word_1_239' title='bbox 2058 3440 2272 3502; x_wconf 83' lang='lat' dir='ltr'><strong><em>motus</em></strong></span> 
     </span>
     <span class='ocr_line' id='line_1_35' title="bbox 396 3515 2161 3606; baseline 0.005 -27"><span class='ocrx_word' id='word_1_240' title='bbox 396 3515 885 3603; x_wconf 83' lang='lat' dir='ltr'><strong><em>Concursusque</em></strong></span> <span class='ocrx_word' id='word_1_241' title='bbox 934 3523 1152 3606; x_wconf 86' lang='lat' dir='ltr'><strong><em>gravis</em></strong></span> <span class='ocrx_word' id='word_1_242' title='bbox 1201 3524 1539 3588; x_wconf 85' lang='lat' dir='ltr'><strong><em>stellarum</em></strong></span> <span class='ocrx_word' id='word_1_243' title='bbox 1589 3523 1815 3590; x_wconf 86' lang='lat' dir='ltr'><strong><em>ardore</em></strong></span> <span class='ocrx_word' id='word_1_244' title='bbox 1861 3524 2161 3590; x_wconf 81' lang='lat' dir='ltr'><strong><em>micantis</em></strong></span> 
     </span>
    </p>
   </div>
  </div>
 </body>
</html>
