2630 3913
206 710 231 748 5

790 175 1235 230 ORATIONUM.
1276 181 1341 229 A.
1380 176 1483 229 Vll
1519 182 1743 230 20--25.
2133 178 2258 240 247

347 339 691 403 consulibus
742 339 837 403 M.
893 340 1111 404 Livius
1164 338 1414 403 Drusus
1470 338 1749 403 tribunus
1791 340 1989 420 plebis
2043 341 2262 403 tulerit.

350 427 472 507 Qui
514 447 651 491 cum
686 431 933 491 senatus
965 432 1181 507 partes
1218 428 1472 491 tuendas
1505 427 1853 507 suscepisset
1885 432 1943 491 et
1968 428 2118 509 16963
2142 449 2262 510 pro

348 515 737 597 optimatibus
783 516 1039 594 tulisset,
1089 520 1297 595 postea
1342 535 1406 579 eo
1453 515 1729 579 licentiae
1770 521 1858 579 est
1888 536 2263 599 proyressuS,

345 609 417 666 ut
464 604 706 668 nullum
758 605 828 667 in
882 602 979 668 his
1022 623 1250 667 morem
1294 608 1573 667 servaret.
1660 602 1882 684 Itaque
1926 603 2263 687 Philippus

348 712 487 773 cos.,
532 693 641 773 qui
686 693 743 755 ei
784 692 1073 756 inimicus
1118 696 1272 773 erat,
1328 692 1587 755 obtinuit
1630 712 1672 754 a
1714 697 1954 771 senatu,
1998 698 2071 756 ut
2115 694 2264 775 leyes

348 781 478 844 eius
522 800 725 844 omnes
776 800 899 844 uno
945 779 1010 844 S.
1049 778 1113 845 0.
1170 780 1533 844 tollerentur.
1606 779 1930 844 Decretum
1975 786 2063 845 est
2103 783 2265 846 enim

347 874 559 933 contra
602 870 879 949 auspicia
924 888 1045 932 esse
1099 869 1283 949 latas,
1338 888 1526 949 neque
1579 870 1666 932 eis
1720 871 1908 933 teneri
1948 871 2264 951 populum.

392 956 495 1020 25.
541 954 610 1019 P.
649 955 993 1021 Africanus
1030 956 1143 1020 ille
1180 956 1474 1040 superior
1520 956 1752 1020 dieitur
1796 979 1928 1021 non
1975 959 2186 1022 solum
2227 982 2265 1022 a

262 1044 754 1145 sapientissimis
801 1044 1187 1126 hominibu8‚
1236 1044 1347 1127 qui
1382 1048 1521 1109 tum
1561 1049 1760 1127 erant,
1807 1067 2032 1109 verum
2070 1048 2265 1110 etiam

183 1153 232 1189 ιο
262 1155 301 1195 a
337 1154 406 1196 se
441 1132 584 1216 ipso
624 1154 812 1216 saepe
852 1136 1185 1197 accusatus
1225 1154 1382 1215 esse,
1421 1133 1608 1216 quod,
1655 1154 1797 1196 cum
1837 1136 2057 1198 consul
2097 1140 2266 1198 esset

183 2031 234 2070 20

186 2469 236 2510 25

185 2910 237 2949 30

184 3351 237 3392 35

262 1243 408 1285 cum
453 1218 546 1283 Ti.
585 1220 830 1305 Longo,
874 1241 1103 1303 passus
1151 1224 1323 1284 esset
1367 1224 1507 1284 tum
1553 1221 1833 1304 primum
1882 1244 1921 1286 a
1964 1224 2267 1306 populari

263 1329 567 1371 consessu
614 1309 940 1372 senatoria
986 1309 1293 1372 subsellia
1340 1309 1643 1392 separari.

482 1395 623 1460 Hoc
670 1397 905 1475 factum
957 1402 1045 1461 est
1093 1399 1348 1461 secundo
1409 1398 1724 1461 consulatu
1777 1397 2086 1479 Scipionis
2125 1406 2270 1481 post
2315 1420 2322 1432 ·

252 1496 255 1500 ’
351 1485 697 1565 septimum
732 1505 995 1567 annum,
1057 1505 1245 1566 quam
1308 1484 1913 1567 Uarthayiniensibus
1975 1487 2123 1552 bello
2183 1508 2266 1552 se·

186 1589 236 1628 15

352 1573 545 1636 cundo
598 1574 748 1636 data
799 1578 887 1637 cst
927 1592 1079 1653 pax.
1168 1574 1436 1638 Factum
1489 1575 1560 1638 id
1609 1594 1731 1639 6336
1782 1579 1984 1638 autem
2038 1576 2267 1641 Antias

354 1662 545 1725 tradit
587 1662 749 1726 ludis
792 1660 1113 1744 Romanis,
1157 1682 1305 1743 quos
1346 1662 1616 1741 fecerunt
1657 1663 1879 1727 aediles
1922 1665 2159 1728 curules
2203 1664 2266 1729 G.

350 1749 588 1815 Atilius
630 1749 956 1831 Serranus,
1001 1749 1075 1813 L.
1113 1749 1468 1814 Scribonius
1503 1751 1673 1832 Libo,
1717 1756 1774 1815 et
1814 1752 1884 1815 id
1924 1771 2021 1815 eos
2061 1752 2269 1831 fecisse

349 1840 523 1903 iussu
573 1858 886 1903 censorum
939 1837 1078 1902 Sex.
1131 1839 1279 1902 Aeli
1331 1837 1533 1921 Paeti,
1600 1838 1661 1904 0.
1720 1837 1962 1903 Corneli
2016 1839 2268 1923 Getheyi.

349 1926 442 1991 Et
482 1928 718 1992 videtur
762 1929 833 1991 in
875 1927 990 1991 16666
1033 1928 1275 2009 quidem
1320 1929 1592 1992 oratione
1633 1928 1795 1992 hunc
1838 1933 2142 1994 auctorem
2186 1950 2270 1995 36-

351 2021 523 2078 cutus
568 2014 774 2080 Cicero
827 2017 1055 2080 dixisse
1085 2036 1346 2096 passum
1398 2036 1520 2080 csse
1564 2015 1908 2098 Scipionem
1959 2021 2186 2083 secerni
2229 2041 2271 2082 a

353 2107 538 2166 cetero
599 2123 874 2167 consessu
935 2104 1271 2184 spectacula
1329 2109 1695 2168 senatorum.
1783 2105 1871 2169 In
1925 2127 1997 2169 ea
2049 2113 2270 2190 autem,

352 2209 539 2269 quam
562 2195 709 2270 post
740 2191 974 2272 aliquot
1005 2212 1202 2256 annos
1235 2191 1463 2256 habuit⁴
1482 2194 1555 2257 de
1589 2195 1938 2274 aruspicum
1973 2215 2271 2276 responso,

353 2297 480 2341 non
539 2297 795 2357 passum
856 2298 978 2343 esse
1030 2278 1398 2363 Scipioneon‚
1459 2283 1565 2346 sed
1625 2280 1902 2364 [ipsum]
1965 2288 2270 2348 auctorem

350 2365 543 2444 fuisse
585 2366 779 2430 dandi
821 2387 957 2430 eum
1003 2368 1198 2431 locum
1232 2370 1609 2435 senatoribus
1640 2371 1876 2434 videtur
1908 2372 2269 2452 siqnificare.

367 2453 563 2518 Verba
606 2455 737 2518 eius
780 2454 922 2518 166666
965 2460 1140 2520 sunt:
1191 2454 1382 2520 Nam
1430 2457 1581 2539 quid
1634 2478 1754 2543 ego
1803 2459 1878 2522 de
1924 2458 2055 2522 illis
2102 2459 2270 2523 ludis

354 2542 610 2624 loquar,
666 2563 826 2624 quos
880 2542 949 2606 in
1002 2541 1258 2608 Palatio
1313 2545 1521 2609 nostri
1579 2547 1854 2610 maiores
1911 2550 2059 2610 ante
2115 2551 2271 2611 tem-

353 2630 536 2713 plum
581 2629 812 2695 Matris
857 2630 1133 2717 Magnae
1169 2631 1604 2717 Megalesibus
1650 2635 1788 2699 fieri
1835 2636 2271 2719 celebrarique

354 2719 740 2783 voluerunt?
798 2720 1029 2802 quibus
1084 2721 1363 2804 primum
1417 2722 1588 2786 ludis
1645 2726 1794 2786 ante
1849 2724 2073 2807 populi
2128 2747 2272 2790 eon-

356 2828 604 2871 sessum
654 2808 907 2872 senatui
961 2808 1174 2872 locum
1219 2807 1288 2873 P.
1337 2809 1679 2874 Africanus
1727 2810 1793 2873 ΙΙ
1838 2812 1988 2876 cos?
2037 2864 2050 2876 .
2098 2864 2110 2877 .
2161 2865 2173 2877 .
2219 2819 2278 2879 et

354 2896 577 2976 colleya
612 2897 741 2961 eius
775 2896 1131 2998 Sempronio
1158 2898 1367 2980 Lonyo
1403 2897 1511 2963 1606
1547 2898 1840 2963 tributum
1876 2921 1999 2964 esse
2030 2904 2275 2966 senatui

353 2984 587 3061 scribit,
650 2986 756 3049 sed
811 2986 945 3050 sine
995 2987 1294 3050 mentione
1347 2987 1752 3069 Meyalesium
1805 2987 2059 3068 (aediles
2111 2990 2273 3053 enim

355 3091 451 3136 cos
496 3072 669 3136 ludos
708 3074 909 3152 facere
950 3074 1117 3138 soliti
1159 3076 1365 3158 erant)
1408 3077 1622 3140 votivis
1667 3076 1829 3140 ludis
1869 3076 2106 3156 factum
2152 3082 2274 3141 tra-

354 3161 470 3242 dit,
522 3180 671 3241 quos
714 3160 921 3242 Scipio
974 3168 1031 3226 et
1073 3163 1321 3244 Lonyus
1365 3183 1506 3228 coss.
1548 3165 1816 3243 fecerint.
1909 3165 2055 3229 Non
2094 3186 2272 3247 prae-

356 3250 534 3312 terire
577 3253 780 3313 autem
832 3269 935 3314 vos
985 3251 1115 3315 volo
1169 3271 1290 3315 esse
1334 3254 1640 3316 oratoriae
1683 3253 2040 3318 calliditatis
2084 3252 2255 3338 [ius]
2259 3306 2274 3335 ‚

356 3341 448 3413 ut,
502 3356 639 3400 cum
692 3357 842 3418 opus
894 3343 1005 3420 est,
1058 3341 1278 3404 eisdem
1331 3340 1507 3405 rebus
1549 3339 1626 3403 ab
1670 3347 1926 3423 utraque
1959 3347 2143 3423 parte
2185 3344 2274 3408 vel

355 3444 398 3486 a
450 3427 781 3490 contrariis
833 3431 1104 3490 utantur.
1195 3428 1367 3491 Nam
1411 3449 1547 3492 cum
1590 3431 1920 3494 secundum
1967 3429 2274 3497 Ciceronis

356 3513 700 3592 opinionem
735 3519 977 3579 auctore
1003 3514 1285 3596 Scipione
1308 3517 1548 3581 consule
1572 3518 1794 3583 aediles
1820 3525 2107 3585 secretum
2133 3527 2276 3585 ante
