2630 3913
741 192 1549 264 LIB.11.CAP.13,14.§
1584 202 1811 252 45—50.
2197 198 2281 262 73

264 355 603 421 sermonis.
693 354 976 421 Exstant
1031 357 1352 441 epistulae
1406 362 1472 423 et
1525 357 1815 444 Philippi
1869 358 1952 424 ad
2003 359 2281 425 Alexan·
2359 401 2365 409 -

264 445 454 508 drum
519 448 585 508 et
639 444 978 530 Antipatri
1043 445 1125 509 ad
1180 443 1618 512 Cassandrum
1682 452 1748 512 et
1815 447 2134 533 Antigoni
2198 449 2281 513 ad

262 531 643 617 Philippum
696 533 930 617 filium,
985 534 1184 598 trium
1241 535 1893 619 prudentissimorum
1937 534 2060 622 (sic
2106 538 2278 602 enim

264 585 985 705 accepimus);quibi1s
1040 623 1474 707 praecipiunt,
1528 628 1603 688 ut
1658 624 1951 690 oratione
1996 625 2281 711 benigna

207 727 234 768 5
265 709 703 774 multitudinis
761 710 1012 775 animos
1074 711 1155 775 ad
1211 711 1719 778 benivolentiam
1775 713 2070 778 alliciant
2112 714 2280 777 mili-

262 802 491 881 tesque
537 798 773 863 blande
829 799 1217 883 appellando
1275 801 1622 883 [sermone]
1681 801 2009 866 deliniant.
2102 801 2280 877 Quae

265 890 484 952 autem
527 886 598 950 in
643 887 1057 952 multitudine
1102 910 1248 953 cum
1285 890 1697 955 contentione
1731 890 2012 956 habetur
2050 891 2281 974 oratio,

264 997 342 1040 ea
380 996 571 1060 saepe
607 975 978 1041 universam
1014 976 1255 1041 excitat
1292 977 1656 1063 [gloriam];
1692 1001 1934 1064 magna
1975 983 2072 1044 est
2108 980 2275 1048 enim

265 1064 611 1129 admiratio
690 1064 950 1148 copiose
1022 1065 1474 1149 sapienterque
1538 1067 1837 1151 dicentis3
1911 1089 2102 1151 quem
2168 1068 2281 1151 qui

181 1170 237 1216 ιο
265 1153 564 1251 audiunt,
616 1152 998 1240 intellegere
1044 1153 1242 1218 etiam
1289 1158 1356 1217 et
1401 1176 1628 1238 sapere
1672 1156 1822 1239 plus
1869 1177 2063 1239 quam
2110 1160 2277 1221 cete-

265 1263 375 1306 ros
423 1204 842 1306 arbitrantur.
914 1239 985 1306 Si
1018 1263 1172 1306 vero
1218 1241 1392 1306 inest
1434 1243 1505 1307 in
1551 1243 1844 1309 oratione
1890 1244 2097 1308 mixta
2140 1266 2279 1308 mo—

266 1330 477 1394 destia
520 1330 842 1415 gravitas,
886 1329 1052 1393 nihil
1099 1329 1548 1395 admirabilius
1592 1332 1737 1396 fieri
1781 1336 2027 1416 potest,
2074 1353 2277 1416 eoque

264 1417 506 1503 magis,
550 1418 608 1482 si
654 1439 731 1482 ea
767 1423 919 1482 sunt
953 1418 1022 1482 in
1059 1419 1483 1486 adulescente.
1576 1417 1701 1485 Sed
1738 1440 1883 1484 cum
1920 1420 2053 1484 sint
2087 1421 2280 1504 plura
2315 1438 2384 1487 49

264 1528 608 1571 causarum
655 1527 919 1592 genera,
977 1529 1141 1591 quae
1195 1507 1637 1591 eloquentiam
1682 1508 2070 1591 desiderent,
2117 1509 2278 1572 mul-

184 1612 236 1653 ιε
264 1595 447 1678 tique
492 1595 562 1658 in
603 1599 832 1660 nostra
874 1617 945 1659 re
990 1596 1254 1678 publica
1299 1597 1742 1662 adulescentes
1791 1602 1858 1661 et
1902 1597 2074 1682 apud
2118 1597 2279 1661 iudi-

262 1705 369 1749 ces
417 1686 483 1747 et
520 1683 691 1768 apud
725 1685 1040 1768 populum
1079 1688 1145 1749 et
1182 1686 1354 1769 apud
1392 1689 1687 1751 senatum
1726 1686 1990 1751 dicendo
2020 1686 2278 1750 laudem

263 1772 546 1837 assecuti
592 1772 756 1852 sint,
801 1772 1084 1838 maxima
1129 1777 1230 1837 est
1275 1774 1621 1839 admiratio
1667 1775 1736 1838 in
1781 1774 2062 1859 iudiciis3
2127 1796 2280 1859 quo-

262 1883 409 1925 rum
454 1859 624 1925 ratio
672 1860 908 1944 duplex
954 1865 1072 1925 est.
1161 1860 1335 1926 Nam
1382 1884 1459 1926 ex
1505 1863 1912 1929 accusatione
1960 1868 2027 1928 et
2062 1885 2140 1928 ex
2178 1864 2280 1927 de·

260 1948 554 2015 fensione
600 1953 886 2034 constat3
931 1972 1206 2034 quarum
1244 1951 1369 2016 etsi
1406 1951 1798 2018 laudabilior
1835 1955 1936 2017 est
1974 1951 2278 2037 defensiO,

182 2056 235 2095 20
261 2043 486 2102 tamen
551 2038 749 2103 etiam
813 2039 1138 2104 accusatio
1202 2041 1483 2124 probata
1543 2063 1856 2126 persaepe
1911 2045 2028 2106 est.
2127 2004 2280 2106 Dixi

263 2127 461 2210 paulo
508 2130 661 2191 ante
715 2125 792 2190 de
838 2124 1106 2210 Crasso3
1158 2127 1331 2193 idem
1386 2128 1544 2193 fecit
1589 2128 1964 2195 adulescens
2009 2129 2096 2195 M.
2144 2130 2279 2194 An-

265 2214 500 2279 tonius.
586 2214 809 2280 Etiam
863 2214 934 2279 P.
990 2177 1235 2300 Sulpici
1292 2217 1730 2301 eloquentiam
1799 2219 2125 2283 accusatio
2185 2219 2279 2283 in-

266 2303 598 2388 lustravit,
645 2325 791 2369 cum
837 2303 1215 2369 seditiosum
1261 2309 1329 2369 et
1373 2305 1672 2369 inutilem
1717 2306 1952 2389 civem,
1998 2304 2068 2372 O.
2115 2305 2179 2370 N
2181 2329 2278 2370 or

270 2391 533 2475 banum,
597 2391 667 2455 in
728 2391 1035 2457 iudicium
1088 2393 1366 2458 vocavit.
1466 2390 1592 2458 Sed
1644 2393 1769 2458 hoc
1823 2393 2082 2478 quidem
2145 2416 2278 2457 non
2315 2411 2385 2461 50

182 2493 240 2535 ²⁵
267 2483 371 2543 est
417 2501 606 2565 saepe
650 2480 1015 2545 faciendum
1060 2503 1177 2546 nec
1221 2504 1532 2566 umquam
1585 2481 1715 2545 nisi
1769 2485 1885 2546 aut
1929 2481 2023 2545 rei
2068 2482 2278 2565 publi·

262 2590 374 2633 cae
429 2590 650 2650 causa,
703 2572 778 2633 ut
830 2569 906 2652 ii,
962 2591 1123 2653 quos
1179 2575 1330 2635 ante
1389 2570 1546 2654 dixi,
1604 2574 1718 2635 aut
1761 2570 2139 2655 ulciscendi,
2203 2575 2279 2634 ut

261 2657 387 2721 duo
434 2656 718 2741 Luculli,
775 2661 888 2722 aut
941 2659 1314 2743 patrocinii,
1369 2663 1443 2724 ut
1498 2680 1618 2725 nos
1671 2681 1792 2744 pro
1840 2656 2103 2743 Siculis,
2156 2681 2276 2745 pro

261 2743 484 2809 Sardis
547 2747 618 2810 in
671 2745 951 2812 Albucio
1017 2745 1241 2812 Iulius.
1343 2748 1423 2812 In
1486 2748 1845 2813 accusando
1912 2747 2110 2813 etiam
2174 2748 2279 2813 Μ’.

261 2833 530 2918 Aquilio
585 2834 657 2898 L.
703 2833 846 2898 Fufi
901 2835 1164 2920 cognita
1218 2834 1540 2901 industria
1599 2840 1715 2901 est.
1807 2834 2021 2901 Semel
2074 2837 2278 2922 igitur

180 2936 236 2977 ³⁰
265 2926 383 2987 aut
443 2944 577 2987 non
640 2944 831 3007 saepe
895 2928 1083 2989 certe.
1185 2921 1300 2988 Sin
1359 2925 1512 3010 erit,
1576 2925 1678 2990 cui
1749 2924 2116 2990 faciendum
2190 2925 2279 2988 sit

262 3011 550 3096 saepius,
594 3011 689 3076 rei
734 3012 1031 3096 publicae
1086 3012 1338 3077 tribuat
1382 3014 1506 3078 hoc
1551 3013 1864 3096 muneris,
1920 3012 2100 3078 cuius
2159 3013 2277 3077 ini-

262 3099 465 3164 micos
510 3099 736 3164 ulcisci
782 3101 1037 3185 saepius
1074 3123 1207 3164 non
1243 3106 1345 3165 est
1380 3065 2001 3186 reprehendendum3
2047 3102 2276 3166 modus

260 3191 482 3252 tamen
527 3188 715 3253 adsit.
805 3188 971 3253 Duri
1026 3190 1198 3254 enim
1252 3190 1535 3255 hominis
1591 3190 1695 3254 vel
1740 3190 1959 3274 potius
2004 3189 2115 3254 vix
2158 3190 2275 3254 ho-

261 3276 453 3341 minis
518 3276 774 3341 videtur
827 3278 1186 3362 periculum
1257 3277 1490 3363 capitis
1553 3278 1792 3342 inferre
1847 3277 2091 3343 multis.
2199 3278 2277 3342 Id

183 3372 234 3419 ⁸5
261 3385 408 3429 cum
452 3365 886 3450 periculosum
930 3366 1058 3450 ipsi
1105 3370 1229 3450 est,
1275 3371 1417 3431 tum
1454 3367 1652 3432 etiam
1690 3366 2020 3432 sordidum
2048 3367 2130 3431 ad
2179 3366 2276 3432 fa-

259 3475 462 3538 mam,
508 3454 940 3538 committere,
994 3459 1070 3519 ut
1115 3453 1452 3520 accusator
1497 3455 1855 3539 nominere3
1910 3456 2082 3540 quod
2128 3477 2277 3521 con-

259 3541 416 3626 tigit
469 3541 557 3607 M.
610 3540 817 3608 Bruto
875 3564 1127 3609 summo
1185 3565 1418 3630 genere
1472 3548 1658 3629 nato,
1711 3544 1889 3609 illius
1944 3545 2110 3631 filio,
2165 3546 2276 3630 qm‘
