2630 3913
312 187 403 250 22
1098 184 1196 237 DE
1232 183 1530 239 omens

316 348 473 411 tudo
510 369 699 412 usum
737 369 989 431 quoque
1027 346 1678 430 exercitationemque
1708 345 2045 412 desiderat.
2101 350 2318 430 Atque

318 436 399 500 ab
454 436 536 499 iis
590 437 825 519 rebus,
866 458 1028 518 quae
1084 439 1234 499 sunt
1290 435 1358 498 in
1412 436 1549 499 iure
1605 434 1933 499 societatis
1980 434 2328 520 humanae,

319 545 506 597 quem
565 524 644 587 ad
701 524 960 589 modum
1017 524 1284 587 ducatur
1340 523 1712 607 honestum,
1775 543 1852 587 ex
1909 544 2035 605 quo
2093 529 2317 607 aptum

319 617 418 676 est
466 611 746 677 officium
757 664 774 696 ,
822 613 981 676 satis
1028 610 1160 676 fere
1208 610 1508 707 diximus3

214 733 277 783 σι
448 716 965 802 Intellegendum
1012 721 1227 781 autem
1285 720 1415 798 est,
1463 738 1607 780 cum
1652 716 1990 800 proposita
2036 717 2168 780 sint
2215 738 2319 803 ge·
2373 735 2399 775 ε

317 827 474 870 nera
511 808 851 888 quattuor,
875 827 909 869 e
948 805 1179 889 quibus
1217 805 1524 869 honestas
1563 803 1970 887 officiumque
2010 810 2320 887 manaret,

320 893 912 978 splendidissimum
967 892 1211 974 videri,
1254 893 1426 974 quod
1472 892 1686 955 animo
1733 914 1971 978 magno
2021 894 2320 976 elatoque

319 981 760 1065 humanasque
824 1002 926 1045 res
993 980 1383 1065 despiciente
1446 980 1692 1045 factum
1757 981 1859 1044 sit.
1959 980 2188 1064 Itaque
2252 983 2321 1045 in

317 1070 574 1154 probris
638 1069 913 1134 maxime
972 1069 1038 1133 in
1101 1074 1410 1153 promptu
1476 1073 1614 1151 est,
1666 1068 1721 1132 si
1786 1069 1938 1152 quid
2001 1070 2132 1134 tale
2197 1069 2320 1134 dici

317 1162 557 1242 potest:
2349 1177 2401 1216 ιο

408 1261 574 1327 ‘Vos
632 1264 856 1346 enim,
919 1263 1262 1343 iuveneS,
1317 1262 1645 1326 animum
1711 1262 1990 1347 geritis
2057 1263 2321 1327 mulie·

1108 1352 1344 1432 brem,
1389 1349 1563 1413 flla'
1612 1350 1797 1435 virgo
1846 1349 2059 1414 ‘viri’

319 1461 385 1522 et
434 1458 487 1521 si
535 1457 684 1541 quid
733 1458 868 1522 eius
914 1456 1115 1521 modi:

410 1551 870 1636 Salmacida,
925 1553 1176 1637 spolia
1223 1550 1389 1616 sine
1437 1553 1712 1618 sudore
1760 1557 1834 1617 et
1882 1553 2269 1637 sanguine.

320 1649 688 1734 Contraque
734 1651 801 1714 in
848 1649 1143 1713 laudibus
1154 1700 1171 1731 ,
1220 1670 1382 1732 quae
1421 1670 1658 1735 magno
1697 1650 1911 1714 animo
1960 1653 2025 1713 et
2061 1649 2322 1714 fortiter

322 1739 833 1822 excellenterque
881 1741 1067 1823 gesta
1114 1742 1292 1820 sunt,
1341 1759 1415 1801 ea
1460 1738 1675 1803 nescio
1724 1760 1849 1822 quo
1898 1736 2087 1801 modo
2138 1739 2322 1821 quasi
2351 1756 2402 1797 ιε

320 1827 609 1911 pleniore
674 1848 781 1892 ore
844 1825 1200 1890 laudamus,
1305 1824 1476 1890 Hinc
1539 1826 1871 1890 rhetorum
1926 1847 2189 1910 campus
2247 1828 2323 1891 de

321 1914 733 1996 Marathone,
771 1912 1123 1997 Salamine,
1157 1912 1469 1996 PlataeiS,
1497 1913 1949 2000 Thermopylis
1959 1966 1977 1998 ,
2014 1913 2323 2000 Leuctris,

319 2004 462 2069 hinc
505 2007 728 2069 noster
773 2001 1024 2087 CocleS,
1068 2002 1218 2068 hinc
1265 2002 1474 2086 Decii,
1517 2003 1668 2069 hinc
1714 2002 1828 2068 Cn.
1865 2007 1931 2068 et
1974 2002 2045 2067 P.
2084 2002 2323 2088 Scipio·

320 2113 461 2175 neS,
506 2092 656 2157 hinc
683 2091 768 2156 M.
796 2090 1166 2173 Marcellus,
1202 2092 1700 2157 innumerabiles
1738 2092 1876 2173 alii,
1924 2092 2323 2176 maximeque

320 2181 461 2265 ipse
523 2181 801 2266 populus
865 2179 1195 2244 Romanus
1271 2180 1470 2244 animi
1543 2180 1986 2266 magnitudine
2051 2181 2323 2245 excellit.
2350 2199 2402 2239 so

320 2269 707 2334 Declaratur
753 2272 971 2333 autem
1016 2267 1301 2333 studium
1350 2269 1618 2334 bellicae
1657 2269 1932 2354 gloriae,
1979 2269 2150 2352 quod
2197 2275 2322 2333 sta-

324 2361 472 2422 tuas
520 2378 771 2442 quoque
816 2357 1107 2422 videmus
1154 2360 1388 2422 ornatu
1433 2356 1567 2421 fere
1613 2356 1900 2421 militari.

216 2442 301 2569 129
454 2460 579 2529 Sed
624 2484 701 2528 ea
746 2462 947 2528 animi
990 2462 1232 2545 elatio,
1260 2483 1423 2545 quae
1469 2462 1750 2527 cernitur
1793 2462 1862 2526 in
1908 2462 2210 2547 periculis
2258 2466 2322 2527 et

250 2521 693 2634 ²laboribus,
733 2551 790 2616 si
835 2550 1088 2615 iustitia
1132 2554 1344 2616 vacat
1345 2554 1733 2635 pugnatque
1779 2571 1908 2614 non
1944 2572 2063 2635 pro
2111 2552 2322 2616 salute

322 2639 681 2721 communi,
727 2637 839 2704 sed
892 2660 1010 2722 pro
1068 2638 1199 2702 suis
1246 2638 1627 2722 commodiS,
1680 2639 1746 2702 in
1791 2638 1950 2703 vitio
2000 2642 2130 2721 est;
2192 2661 2325 2704 non
2351 2655 2403 2697 2⁵

323 2727 514 2792 modo
561 2727 731 2791 enim
776 2726 842 2789 id
887 2725 1149 2790 virtutis
1195 2747 1327 2790 non
1373 2730 1496 2810 est,
1552 2689 1663 2790 se'd
1717 2729 1817 2790 est
1861 2727 2078 2810 potius
2124 2727 2324 2791 inma-

321 2815 548 2881 nitatis
596 2836 850 2879 omnem
887 2814 1360 2879 humanitatem
1394 2814 1785 2899 repellentis.
1855 2813 2086 2898 Itaque
2122 2816 2325 2900 probe

324 2904 625 2969 definitur
679 2925 719 2968 a
764 2900 997 2968 Stoicis
1051 2901 1394 2987 fortitudo,
1451 2924 1595 2968 cum
1642 2924 1784 2967 eam
1828 2903 2139 2968 virtutem
2185 2925 2325 2969 esse

325 2993 545 3058 dicunt
571 2994 1091 3077 propugnantem
1119 3012 1236 3075 pro
1269 2991 1611 3074 aequitate.
1649 2990 1961 3065 Quocirca
1986 3014 2175 3057 nemo
2216 2992 2326 3076 qui

321 3080 726 3147 fortitudinis
765 3078 1044 3166 gloriam
1080 3084 1460 3144 consecutus
1508 3083 1609 3144 est
1646 3079 1896 3145 insidiis
1943 3084 2010 3144 et
2054 3103 2163 3145 ma
2125 3041 2335 3165 alitia,
2352 3096 2406 3136 ³⁰

323 3170 580 3236 laudem
626 3172 726 3234 est
773 3169 1071 3253 adeptu83
1114 3167 1277 3232 nihil
1319 3168 1491 3232 enim
1527 3167 1873 3233 honestum
1911 3189 2051 3233 esse
2087 3172 2341 3253 potest„

217 3275 287 3324 63
328 3258 496 3342 quod
542 3257 794 3322 iustitia
838 3260 1045 3322 vacat.
1112 3254 1528 3321 Praeclarum
1573 3256 1776 3343 igitur
1812 3256 1975 3320 illud
2002 3256 2324 3320 Platonis:

326 3345 577 3428 ‘Non’,
620 3345 859 3429 inquit,
906 3343 1186 3409 ‘solum
1232 3345 1588 3427 scientia,
1635 3366 1823 3429 quae
1871 3348 1989 3408 est
2033 3349 2326 3408 remota

326 3434 417 3499 ab
476 3434 811 3515 iustitia,
865 3432 1265 3498 calliditas
1330 3433 1592 3517 potius
1658 3455 1877 3517 quam
1934 3432 2328 3516 sapientia

327 3526 445 3587 est
501 3520 994 3606 appellanda,
1047 3541 1304 3585 verum
1364 3521 1594 3585 etiam
1652 3522 1946 3585 animus
2010 3525 2408 3606 paratusau
