<?xml version="1.0" encoding="UTF-8"?>
<!DOCTYPE html PUBLIC "-//W3C//DTD XHTML 1.0 Transitional//EN"
    "http://www.w3.org/TR/xhtml1/DTD/xhtml1-transitional.dtd">
<html xmlns="http://www.w3.org/1999/xhtml" xml:lang="en" lang="en">
 <head>
  <title>
</title>
<meta http-equiv="Content-Type" content="text/html;charset=utf-8" />
  <meta name='ocr-system' content='tesseract 3.04.00' />
  <meta name='ocr-capabilities' content='ocr_page ocr_carea ocr_par ocr_line ocrx_word'/>
</head>
<body>
  <div class='ocr_page' id='page_1' title='image "./scriptaquaemans01cicegoog_0483.png"; bbox 0 0 2630 3913; ppageno 0'>
   <div class='ocr_carea' id='block_1_1' title="bbox 914 212 2269 278">
    <p class='ocr_par' dir='ltr' id='par_1_1' title="bbox 914 212 2269 278">
     <span class='ocr_line' id='line_1_1' title="bbox 914 212 2269 278; baseline 0.008 -11"><span class='ocrx_word' id='word_1_1' title='bbox 914 212 1251 267; x_wconf 79' lang='lat' dir='ltr'><em>INCERTA.</em></span> <span class='ocrx_word' id='word_1_2' title='bbox 1292 215 1331 267; x_wconf 75' lang='grc' dir='ltr'><strong>Ι.</strong></span> <span class='ocrx_word' id='word_1_3' title='bbox 1373 220 1596 267; x_wconf 73' lang='lat'><strong><em>16—34.</em></strong></span> <span class='ocrx_word' id='word_1_4' title='bbox 2138 215 2269 278; x_wconf 78' lang='lat'><em>409</em></span> 
     </span>
    </p>
   </div>
   <div class='ocr_carea' id='block_1_2' title="bbox 175 373 2280 2131">
    <p class='ocr_par' dir='ltr' id='par_1_2' title="bbox 175 373 2280 2131">
     <span class='ocr_line' id='line_1_2' title="bbox 251 373 2272 460; baseline 0.001 -23"><span class='ocrx_word' id='word_1_5' title='bbox 251 378 470 438; x_wconf 76' lang='lat' dir='ltr'><em>tarum</em></span> <span class='ocrx_word' id='word_1_6' title='bbox 528 373 923 439; x_wconf 74' lang='lat' dir='ltr'><strong>constructio</strong></span> <span class='ocrx_word' id='word_1_7' title='bbox 972 373 1053 437; x_wconf 84' lang='lat' dir='ltr'><em>ad</em></span> <span class='ocrx_word' id='word_1_8' title='bbox 1099 396 1297 438; x_wconf 89' lang='lat' dir='ltr'><em>unum</em></span> <span class='ocrx_word' id='word_1_9' title='bbox 1350 374 1594 439; x_wconf 76' lang='lat' dir='ltr'><em>exitum</em></span> <span class='ocrx_word' id='word_1_10' title='bbox 1641 375 1869 438; x_wconf 77' lang='lat' dir='ltr'><em>utilem</em></span> <span class='ocrx_word' id='word_1_11' title='bbox 1915 376 2087 440; x_wconf 77' lang='lat' dir='ltr'><em>vitae</em></span> <span class='ocrx_word' id='word_1_12' title='bbox 2132 398 2272 460; x_wconf 87' lang='lat' dir='ltr'><em>per-</em></span> 
     </span>
     <span class='ocr_line' id='line_1_3' title="bbox 251 462 618 526; baseline 0 -1"><span class='ocrx_word' id='word_1_13' title='bbox 251 462 618 526; x_wconf 70' lang='lat' dir='ltr'><em>tinentium.</em></span> 
     </span>
     <span class='ocr_line' id='line_1_4' title="bbox 387 549 2272 632; baseline 0.001 -18"><span class='ocrx_word' id='word_1_14' title='bbox 387 551 492 615; x_wconf 80' lang='lat'><em>27.</em></span> <span class='ocrx_word' id='word_1_15' title='bbox 535 550 768 615; x_wconf 85' lang='lat' dir='ltr'><em>Donat.</em></span> <span class='ocrx_word' id='word_1_16' title='bbox 818 549 952 614; x_wconf 82' lang='lat' dir='ltr'><em>Ter.</em></span> <span class='ocrx_word' id='word_1_17' title='bbox 998 550 1148 614; x_wconf 89' lang='lat' dir='ltr'><em>Hec.</em></span> <span class='ocrx_word' id='word_1_18' title='bbox 1207 550 1269 614; x_wconf 88' lang='lat' dir='ltr'><strong><em>V</em></strong></span> <span class='ocrx_word' id='word_1_19' title='bbox 1300 554 1365 616; x_wconf 81' lang='lat'><em>2.</em></span> <span class='ocrx_word' id='word_1_20' title='bbox 1410 555 1493 615; x_wconf 84' lang='grc'><em>13</em></span> <span class='ocrx_word' id='word_1_21' title='bbox 1537 549 1785 614; x_wconf 82' lang='lat' dir='ltr'><em>Crimen</em></span> <span class='ocrx_word' id='word_1_22' title='bbox 1827 553 2080 632; x_wconf 75' lang='lat' dir='ltr'><em>proprie</em></span> <span class='ocrx_word' id='word_1_23' title='bbox 2122 554 2272 616; x_wconf 87' lang='lat' dir='ltr'><em>dici-</em></span> 
     </span>
     <span class='ocr_line' id='line_1_5' title="bbox 255 637 2272 720; baseline 0 -18"><span class='ocrx_word' id='word_1_24' title='bbox 255 644 357 702; x_wconf 87' lang='lat' dir='ltr'><em>tur</em></span> <span class='ocrx_word' id='word_1_25' title='bbox 383 639 466 716; x_wconf 90' lang='lat' dir='ltr'><em>id,</em></span> <span class='ocrx_word' id='word_1_26' title='bbox 494 640 657 720; x_wconf 79' lang='lat' dir='ltr'><em>quod</em></span> <span class='ocrx_word' id='word_1_27' title='bbox 676 637 914 718; x_wconf 83' lang='lat' dir='ltr'><em>factum</em></span> <span class='ocrx_word' id='word_1_28' title='bbox 940 642 1043 703; x_wconf 90' lang='lat' dir='ltr'><em>est.</em></span> <span class='ocrx_word' id='word_1_29' title='bbox 1086 638 1179 702; x_wconf 90' lang='lat' dir='ltr'><em>Et</em></span> <span class='ocrx_word' id='word_1_30' title='bbox 1203 638 1436 703; x_wconf 81' lang='lat' dir='ltr'><em>Cicero:</em></span> <span class='ocrx_word' id='word_1_31' title='bbox 1465 637 1708 703; x_wconf 85' lang='lat' dir='ltr'><em>Verum</em></span> <span class='ocrx_word' id='word_1_32' title='bbox 1736 642 1956 702; x_wconf 73' lang='lat' dir='ltr'><em>tamen</em></span> <span class='ocrx_word' id='word_1_33' title='bbox 1982 637 2028 720; x_wconf 88' lang='lat'>†</span> <span class='ocrx_word' id='word_1_34' title='bbox 2057 643 2272 704; x_wconf 78' lang='lat' dir='ltr'><em>actum</em></span> 
     </span>
     <span class='ocr_line' id='line_1_6' title="bbox 199 725 2272 808; baseline 0 -18"><span class='ocrx_word' id='word_1_35' title='bbox 199 743 226 783; x_wconf 84' lang='lat'>⁵</span> <span class='ocrx_word' id='word_1_36' title='bbox 254 730 322 790; x_wconf 73' lang='lat' dir='ltr'><em>et</em></span> <span class='ocrx_word' id='word_1_37' title='bbox 350 726 769 791; x_wconf 79' lang='lat' dir='ltr'><em>criminosum</em></span> <span class='ocrx_word' id='word_1_38' title='bbox 796 725 1027 808; x_wconf 83' lang='lat' dir='ltr'><em>iusqm,</em></span> <span class='ocrx_word' id='word_1_39' title='bbox 1067 727 1137 790; x_wconf 91' lang='lat' dir='ltr'><em>id</em></span> <span class='ocrx_word' id='word_1_40' title='bbox 1170 732 1260 791; x_wconf 87' lang='lat' dir='ltr'><em>cst</em></span> <span class='ocrx_word' id='word_1_41' title='bbox 1279 727 1451 806; x_wconf 79' lang='lat' dir='ltr'><em>falsa</em></span> <span class='ocrx_word' id='word_1_42' title='bbox 1485 727 1951 792; x_wconf 75' lang='lat' dir='ltr'><em>insimulatione</em></span> <span class='ocrx_word' id='word_1_43' title='bbox 1975 729 2272 792; x_wconf 87' lang='lat' dir='ltr'><em>criminis.</em></span> 
     </span>
     <span class='ocr_line' id='line_1_7' title="bbox 390 812 2277 901; baseline 0.001 -23"><span class='ocrx_word' id='word_1_44' title='bbox 390 815 521 894; x_wconf 82' lang='lat'><em>[28.</em></span> <span class='ocrx_word' id='word_1_45' title='bbox 558 814 879 880; x_wconf 78' lang='lat' dir='ltr'><em>Schemata</em></span> <span class='ocrx_word' id='word_1_46' title='bbox 913 815 1081 878; x_wconf 90' lang='lat' dir='ltr'><em>dian.</em></span> <span class='ocrx_word' id='word_1_47' title='bbox 1116 817 1207 878; x_wconf 82' lang='lat'><em>26</em></span> <span class='ocrx_word' id='word_1_48' title='bbox 1229 834 1299 895; x_wconf 87' lang='lat' dir='ltr'><em>p.</em></span> <span class='ocrx_word' id='word_1_49' title='bbox 1339 818 1439 879; x_wconf 79' lang='lat'><em>74.</em></span> <span class='ocrx_word' id='word_1_50' title='bbox 1467 818 1547 878; x_wconf 87' lang='lat'><em>15</em></span> <span class='ocrx_word' id='word_1_51' title='bbox 1581 815 1800 881; x_wconf 84' lang='lat' dir='ltr'><strong><em>Halm.</em></strong></span> <span class='ocrx_word' id='word_1_52' title='bbox 1836 812 2277 901; x_wconf 76' lang='grc' dir='ltr'><strong><em>Συγχώρησις</em></strong></span> 
     </span>
     <span class='ocr_line' id='line_1_8' title="bbox 252 900 2274 986; baseline 0.001 -20"><span class='ocrx_word' id='word_1_53' title='bbox 252 907 343 967; x_wconf 87' lang='lat' dir='ltr'><em>est</em></span> <span class='ocrx_word' id='word_1_54' title='bbox 394 904 688 968; x_wconf 78' lang='lat' dir='ltr'><em>concessio</em></span> <span class='ocrx_word' id='word_1_55' title='bbox 742 904 834 966; x_wconf 88' lang='lat' dir='ltr'><em>rei</em></span> <span class='ocrx_word' id='word_1_56' title='bbox 885 903 1173 983; x_wconf 83' lang='lat' dir='ltr'><em>alicuius,</em></span> <span class='ocrx_word' id='word_1_57' title='bbox 1228 907 1301 966; x_wconf 88' lang='lat' dir='ltr'><em>ut</em></span> <span class='ocrx_word' id='word_1_58' title='bbox 1361 938 1433 948; x_wconf 88' lang='lat'><em>-</em></span> <span class='ocrx_word' id='word_1_59' title='bbox 1496 900 1732 968; x_wconf 85' lang='lat' dir='ltr'><em>C&#39;icero:</em></span> <span class='ocrx_word' id='word_1_60' title='bbox 1798 901 1898 967; x_wconf 94' lang='lat' dir='ltr'><em>Do</em></span> <span class='ocrx_word' id='word_1_61' title='bbox 1953 902 2078 966; x_wconf 76' lang='lat' dir='ltr'><em>tibi</em></span> <span class='ocrx_word' id='word_1_62' title='bbox 2132 903 2274 986; x_wconf 82' lang='lat' dir='ltr'><em>hoe,</em></span> 
     </span>
     <span class='ocr_line' id='line_1_9' title="bbox 255 989 2273 1071; baseline 0 -16"><span class='ocrx_word' id='word_1_63' title='bbox 255 990 533 1055; x_wconf 79' lang='lat' dir='ltr'><em>concedo</em></span> <span class='ocrx_word' id='word_1_64' title='bbox 589 990 711 1055; x_wconf 78' lang='lat' dir='ltr'><em>tibi</em></span> <span class='ocrx_word' id='word_1_65' title='bbox 767 993 833 1054; x_wconf 76' lang='lat' dir='ltr'><em>et</em></span> <span class='ocrx_word' id='word_1_66' title='bbox 891 990 1176 1054; x_wconf 75' lang='lat' dir='ltr'><em>remitto.</em></span> <span class='ocrx_word' id='word_1_67' title='bbox 1222 1026 1309 1035; x_wconf 90' lang='lat'>—</span> <span class='ocrx_word' id='word_1_68' title='bbox 1364 989 1458 1071; x_wconf 81' lang='lat' dir='ltr'><em>Cf.</em></span> <span class='ocrx_word' id='word_1_69' title='bbox 1518 990 1686 1056; x_wconf 87' lang='lat' dir='ltr'><em>Verr.</em></span> <span class='ocrx_word' id='word_1_70' title='bbox 1740 991 1872 1055; x_wconf 91' lang='lat' dir='ltr'><em>III</em></span> <span class='ocrx_word' id='word_1_71' title='bbox 1921 996 1980 1055; x_wconf 82' lang='lat'><em>7.</em></span> <span class='ocrx_word' id='word_1_72' title='bbox 2035 997 2116 1056; x_wconf 88' lang='lat'><em>16</em></span> <span class='ocrx_word' id='word_1_73' title='bbox 2170 991 2273 1056; x_wconf 92' lang='lat' dir='ltr'><em>Do</em></span> 
     </span>
     <span class='ocr_line' id='line_1_10' title="bbox 253 1078 1216 1158; baseline 0.004 -15"><span class='ocrx_word' id='word_1_74' title='bbox 253 1079 378 1143; x_wconf 82' lang='lat' dir='ltr'><em>hoe</em></span> <span class='ocrx_word' id='word_1_75' title='bbox 423 1078 547 1142; x_wconf 79' lang='lat' dir='ltr'><em>tibi</em></span> <span class='ocrx_word' id='word_1_76' title='bbox 594 1082 660 1142; x_wconf 72' lang='lat' dir='ltr'><em>eb</em></span> <span class='ocrx_word' id='word_1_77' title='bbox 705 1078 1027 1158; x_wconf 71' lang='lat' dir='ltr'><em>concedo]</em></span> <span class='ocrx_word' id='word_1_78' title='bbox 1209 1140 1216 1147; x_wconf 88' lang='lat'><strong><em>.</em></strong></span> 
     </span>
     <span class='ocr_line' id='line_1_11' title="bbox 175 1164 2270 1248; baseline 0.001 -19"><span class='ocrx_word' id='word_1_79' title='bbox 175 1186 227 1224; x_wconf 76' lang='grc' dir='ltr'><em>ιο</em></span> <span class='ocrx_word' id='word_1_80' title='bbox 394 1167 494 1230; x_wconf 82' lang='grc'><em>29.</em></span> <span class='ocrx_word' id='word_1_81' title='bbox 550 1165 747 1231; x_wconf 80' lang='lat' dir='ltr'><em>Schol.</em></span> <span class='ocrx_word' id='word_1_82' title='bbox 792 1167 1027 1231; x_wconf 87' lang='lat' dir='ltr'><em>Lucan.</em></span> <span class='ocrx_word' id='word_1_83' title='bbox 1053 1164 1162 1230; x_wconf 84' lang='lat' dir='ltr'><em>II</em></span> <span class='ocrx_word' id='word_1_84' title='bbox 1199 1170 1327 1232; x_wconf 79' lang='lat'><em>375</em></span> <span class='ocrx_word' id='word_1_85' title='bbox 1377 1167 1624 1231; x_wconf 81' lang='lat' dir='ltr'><em>Tullius</em></span> <span class='ocrx_word' id='word_1_86' title='bbox 1675 1167 1840 1248; x_wconf 86' lang='lat' dir='ltr'><em>dicit,</em></span> <span class='ocrx_word' id='word_1_87' title='bbox 1893 1170 2054 1248; x_wconf 79' lang='lat' dir='ltr'><em>quod</em></span> <span class='ocrx_word' id='word_1_88' title='bbox 2096 1190 2270 1232; x_wconf 90' lang='lat' dir='ltr'><em>mun-</em></span> 
     </span>
     <span class='ocr_line' id='line_1_12' title="bbox 256 1254 2276 1337; baseline 0 -18"><span class='ocrx_word' id='word_1_89' title='bbox 256 1256 373 1319; x_wconf 86' lang='lat' dir='ltr'><em>dus</em></span> <span class='ocrx_word' id='word_1_90' title='bbox 425 1256 539 1320; x_wconf 91' lang='lat' dir='ltr'><em>iste</em></span> <span class='ocrx_word' id='word_1_91' title='bbox 591 1256 824 1337; x_wconf 73' lang='lat' dir='ltr'><em>reyitur</em></span> <span class='ocrx_word' id='word_1_92' title='bbox 877 1255 1189 1336; x_wconf 89' lang='lat' dir='ltr'><em>opinione;</em></span> <span class='ocrx_word' id='word_1_93' title='bbox 1243 1275 1395 1319; x_wconf 89' lang='lat' dir='ltr'><em>nam</em></span> <span class='ocrx_word' id='word_1_94' title='bbox 1449 1254 1770 1318; x_wconf 83' lang='lat' dir='ltr'><em>Armeniis</em></span> <span class='ocrx_word' id='word_1_95' title='bbox 1823 1257 2168 1336; x_wconf 88' lang='lat' dir='ltr'><em>asperrima</em></span> <span class='ocrx_word' id='word_1_96' title='bbox 2221 1262 2276 1320; x_wconf 90' lang='lat' dir='ltr'><em>et</em></span> 
     </span>
     <span class='ocr_line' id='line_1_13' title="bbox 256 1343 1582 1424; baseline -0.002 -16"><span class='ocrx_word' id='word_1_97' title='bbox 256 1344 611 1408; x_wconf 87' lang='lat' dir='ltr'><em>dedecorosa</em></span> <span class='ocrx_word' id='word_1_98' title='bbox 644 1363 847 1424; x_wconf 87' lang='lat' dir='ltr'><em>poena</em></span> <span class='ocrx_word' id='word_1_99' title='bbox 890 1347 978 1407; x_wconf 85' lang='lat' dir='ltr'><em>est</em></span> <span class='ocrx_word' id='word_1_100' title='bbox 1020 1343 1266 1422; x_wconf 85' lang='lat' dir='ltr'><em>auferre</em></span> <span class='ocrx_word' id='word_1_101' title='bbox 1310 1343 1582 1407; x_wconf 82' lang='lat' dir='ltr'><strong><em>barbam.</em></strong></span> 
     </span>
     <span class='ocr_line' id='line_1_14' title="bbox 392 1431 2277 1513; baseline 0.001 -18"><span class='ocrx_word' id='word_1_102' title='bbox 392 1431 494 1496; x_wconf 86' lang='lat'><em>30.</em></span> <span class='ocrx_word' id='word_1_103' title='bbox 531 1431 745 1513; x_wconf 77' lang='lat' dir='ltr'><em>Ruftn.</em></span> <span class='ocrx_word' id='word_1_104' title='bbox 789 1450 938 1495; x_wconf 83' lang='lat' dir='ltr'><em>vers.</em></span> <span class='ocrx_word' id='word_1_105' title='bbox 983 1433 1056 1495; x_wconf 91' lang='lat' dir='ltr'><em>de</em></span> <span class='ocrx_word' id='word_1_106' title='bbox 1099 1451 1284 1512; x_wconf 87' lang='lat' dir='ltr'><em>comp.</em></span> <span class='ocrx_word' id='word_1_107' title='bbox 1332 1436 1387 1494; x_wconf 90' lang='lat' dir='ltr'><em>et</em></span> <span class='ocrx_word' id='word_1_108' title='bbox 1422 1432 1494 1495; x_wconf 90' lang='lat' dir='ltr'><em>de</em></span> <span class='ocrx_word' id='word_1_109' title='bbox 1530 1434 1699 1494; x_wconf 87' lang='lat' dir='ltr'><em>metr.</em></span> <span class='ocrx_word' id='word_1_110' title='bbox 1737 1434 1888 1494; x_wconf 90' lang='lat' dir='ltr'><em>orat.</em></span> <span class='ocrx_word' id='word_1_111' title='bbox 1915 1452 1980 1512; x_wconf 88' lang='lat' dir='ltr'><em>p.</em></span> <span class='ocrx_word' id='word_1_112' title='bbox 2019 1434 2158 1496; x_wconf 85' lang='grc'><strong>581.</strong></span> <span class='ocrx_word' id='word_1_113' title='bbox 2195 1435 2277 1496; x_wconf 84' lang='grc'><em>15</em></span> 
     </span>
     <span class='ocr_line' id='line_1_15' title="bbox 257 1517 2275 1601; baseline 0 -18"><span class='ocrx_word' id='word_1_114' title='bbox 257 1519 475 1584; x_wconf 82' lang='lat' dir='ltr'><em>Halm.</em></span> <span class='ocrx_word' id='word_1_115' title='bbox 544 1519 626 1585; x_wconf 90' lang='lat' dir='ltr'><em>Ut</em></span> <span class='ocrx_word' id='word_1_116' title='bbox 677 1518 883 1585; x_wconf 78' lang='lat' dir='ltr'><em>Cicero</em></span> <span class='ocrx_word' id='word_1_117' title='bbox 937 1520 1108 1601; x_wconf 84' lang='lat' dir='ltr'><em>dicit,</em></span> <span class='ocrx_word' id='word_1_118' title='bbox 1166 1520 1273 1583; x_wconf 87' lang='lat' dir='ltr'><em>isti</em></span> <span class='ocrx_word' id='word_1_119' title='bbox 1329 1520 1706 1600; x_wconf 85' lang='lat' dir='ltr'><em>scripserunt</em></span> <span class='ocrx_word' id='word_1_120' title='bbox 1756 1519 1926 1599; x_wconf 85' lang='lat' dir='ltr'><em>apud</em></span> <span class='ocrx_word' id='word_1_121' title='bbox 1979 1517 2275 1585; x_wconf 83' lang='lat' dir='ltr'><em>Graecos:</em></span> 
     </span>
     <span class='ocr_line' id='line_1_16' title="bbox 177 1605 2278 1690; baseline 0 -18"><span class='ocrx_word' id='word_1_122' title='bbox 177 1624 228 1662; x_wconf 81' lang='lat'><em>1⁵</em></span> <span class='ocrx_word' id='word_1_123' title='bbox 261 1607 780 1690; x_wconf 73' lang='lat' dir='ltr'><strong><em>Thrasymachus,</em></strong></span> <span class='ocrx_word' id='word_1_124' title='bbox 827 1606 1196 1686; x_wconf 78' lang='lat' dir='ltr'><em>Naucrates,</em></span> <span class='ocrx_word' id='word_1_125' title='bbox 1244 1605 1535 1688; x_wconf 63' lang='lat' dir='ltr'><em>Gorgias,</em></span> <span class='ocrx_word' id='word_1_126' title='bbox 1586 1605 1903 1688; x_wconf 80' lang='lat' dir='ltr'><em>Ephorus,</em></span> <span class='ocrx_word' id='word_1_127' title='bbox 1958 1606 2278 1686; x_wconf 83' lang='lat' dir='ltr'><em>Isocrates,</em></span> 
     </span>
     <span class='ocr_line' id='line_1_17' title="bbox 261 1694 2266 1779; baseline -0 -19"><span class='ocrx_word' id='word_1_128' title='bbox 261 1695 628 1779; x_wconf 80' lang='lat' dir='ltr'><em>Theodectes,</em></span> <span class='ocrx_word' id='word_1_129' title='bbox 671 1696 1056 1773; x_wconf 73' lang='lat' dir='ltr'><em>Aristoteles,</em></span> <span class='ocrx_word' id='word_1_130' title='bbox 1106 1695 1460 1759; x_wconf 78' lang='lat' dir='ltr'><em>Theodorus</em></span> <span class='ocrx_word' id='word_1_131' title='bbox 1504 1694 1872 1777; x_wconf 67' lang='lat' dir='ltr'><em>Byzantius,</em></span> <span class='ocrx_word' id='word_1_132' title='bbox 1925 1695 2266 1776; x_wconf 78' lang='lat' dir='ltr'><em>Theophra·</em></span> 
     </span>
     <span class='ocr_line' id='line_1_18' title="bbox 256 1784 897 1866; baseline -0.003 -17"><span class='ocrx_word' id='word_1_133' title='bbox 256 1789 417 1860; x_wconf 87' lang='lat' dir='ltr'><em>stus,</em></span> <span class='ocrx_word' id='word_1_134' title='bbox 461 1784 897 1866; x_wconf 77' lang='lat' dir='ltr'><em>Hieronymus.</em></span> 
     </span>
     <span class='ocr_line' id='line_1_19' title="bbox 317 1870 2276 1953; baseline 0.002 -20"><span class='ocrx_word' id='word_1_135' title='bbox 317 1930 320 1933; x_wconf 87' lang='lat'><strong><em>.</em></strong></span> <span class='ocrx_word' id='word_1_136' title='bbox 393 1873 497 1937; x_wconf 83' lang='lat'><em>31.</em></span> <span class='ocrx_word' id='word_1_137' title='bbox 552 1872 706 1936; x_wconf 89' lang='lat' dir='ltr'><em>Isid.</em></span> <span class='ocrx_word' id='word_1_138' title='bbox 761 1874 834 1936; x_wconf 91' lang='lat' dir='ltr'><em>de</em></span> <span class='ocrx_word' id='word_1_139' title='bbox 884 1876 1012 1936; x_wconf 88' lang='lat' dir='ltr'><em>nat.</em></span> <span class='ocrx_word' id='word_1_140' title='bbox 1072 1892 1190 1935; x_wconf 86' lang='lat' dir='ltr'><em>rer.</em></span> <span class='ocrx_word' id='word_1_141' title='bbox 1244 1870 1405 1936; x_wconf 93' lang='lat' dir='ltr'><em>XII</em></span> <span class='ocrx_word' id='word_1_142' title='bbox 1450 1876 1491 1936; x_wconf 85' lang='lat'><strong><em>6</em></strong></span> <span class='ocrx_word' id='word_1_143' title='bbox 1532 1891 1601 1953; x_wconf 88' lang='lat' dir='ltr'><em>p.</em></span> <span class='ocrx_word' id='word_1_144' title='bbox 1653 1874 1760 1936; x_wconf 79' lang='lat'><em>28.</em></span> <span class='ocrx_word' id='word_1_145' title='bbox 1817 1873 1856 1934; x_wconf 88' lang='lat'><strong><em>5</em></strong></span> <span class='ocrx_word' id='word_1_146' title='bbox 1884 1873 1970 1936; x_wconf 91' lang='lat' dir='ltr'><em>ed.</em></span> <span class='ocrx_word' id='word_1_147' title='bbox 2026 1871 2276 1936; x_wconf 78' lang='lat' dir='ltr'><em>Becker.</em></span> 
     </span>
     <span class='ocr_line' id='line_1_20' title="bbox 258 1960 2276 2043; baseline 0 -17"><span class='ocrx_word' id='word_1_148' title='bbox 258 1961 406 2026; x_wconf 90' lang='lat' dir='ltr'><em>Duo</em></span> <span class='ocrx_word' id='word_1_149' title='bbox 442 1965 593 2024; x_wconf 88' lang='lat' dir='ltr'><em>sunt</em></span> <span class='ocrx_word' id='word_1_150' title='bbox 624 1965 828 2025; x_wconf 84' lang='lat' dir='ltr'><em>autem</em></span> <span class='ocrx_word' id='word_1_151' title='bbox 864 1996 946 2006; x_wconf 91' lang='lat'><em>-</em></span> <span class='ocrx_word' id='word_1_152' title='bbox 986 1980 1147 2043; x_wconf 76' lang='lat' dir='ltr'><em>aoees,</em></span> <span class='ocrx_word' id='word_1_153' title='bbox 1192 1961 1411 2041; x_wconf 77' lang='lat' dir='ltr'><em>quibus</em></span> <span class='ocrx_word' id='word_1_154' title='bbox 1446 1961 1681 2025; x_wconf 85' lang='lat' dir='ltr'><em>caelum</em></span> <span class='ocrx_word' id='word_1_155' title='bbox 1723 1960 2002 2040; x_wconf 84' lang='lat' dir='ltr'><em>volvitur,</em></span> <span class='ocrx_word' id='word_1_156' title='bbox 2049 1962 2276 2040; x_wconf 85' lang='lat' dir='ltr'><em>boreus,</em></span> 
     </span>
     <span class='ocr_line' id='line_1_21' title="bbox 175 2048 2280 2131; baseline 0.001 -19"><span class='ocrx_word' id='word_1_157' title='bbox 175 2066 229 2103; x_wconf 79' lang='lat'><em>20</em></span> <span class='ocrx_word' id='word_1_158' title='bbox 257 2068 439 2131; x_wconf 78' lang='lat' dir='ltr'><em>quem</em></span> <span class='ocrx_word' id='word_1_159' title='bbox 481 2067 593 2111; x_wconf 88' lang='lat' dir='ltr'><em>nos</em></span> <span class='ocrx_word' id='word_1_160' title='bbox 636 2048 1022 2128; x_wconf 78' lang='lat' dir='ltr'><em>aquilonium</em></span> <span class='ocrx_word' id='word_1_161' title='bbox 1066 2067 1350 2112; x_wconf 85' lang='lat' dir='ltr'><em>vocamus</em></span> <span class='ocrx_word' id='word_1_162' title='bbox 1393 2048 1531 2129; x_wconf 80' lang='lat' dir='ltr'><em>(hic</em></span> <span class='ocrx_word' id='word_1_163' title='bbox 1574 2048 1796 2112; x_wconf 86' lang='lat' dir='ltr'><em>Arctoe</em></span> <span class='ocrx_word' id='word_1_164' title='bbox 1845 2054 2019 2126; x_wconf 89' lang='lat' dir='ltr'><em>sunt,</em></span> <span class='ocrx_word' id='word_1_165' title='bbox 2072 2051 2143 2114; x_wconf 87' lang='lat' dir='ltr'><em>id</em></span> <span class='ocrx_word' id='word_1_166' title='bbox 2192 2056 2280 2115; x_wconf 90' lang='lat' dir='ltr'><em>est</em></span> 
     </span>
    </p>
   </div>
   <div class='ocr_carea' id='block_1_3' title="bbox 257 2134 2421 2219">
    <p class='ocr_par' dir='ltr' id='par_1_3' title="bbox 257 2134 2421 2219">
     <span class='ocr_line' id='line_1_22' title="bbox 257 2134 2421 2219; baseline 0.001 -18"><span class='ocrx_word' id='word_1_167' title='bbox 257 2136 706 2219; x_wconf 77' lang='lat' dir='ltr'><em>septentriones,</em></span> <span class='ocrx_word' id='word_1_168' title='bbox 751 2135 859 2216; x_wconf 81' lang='lat' dir='ltr'><em>qui</em></span> <span class='ocrx_word' id='word_1_169' title='bbox 900 2134 1075 2199; x_wconf 83' lang='lat' dir='ltr'><em>nobis</em></span> <span class='ocrx_word' id='word_1_170' title='bbox 1118 2155 1350 2215; x_wconf 87' lang='lat' dir='ltr'><em>semper</em></span> <span class='ocrx_word' id='word_1_171' title='bbox 1384 2136 1713 2217; x_wconf 88' lang='lat' dir='ltr'><em>apparent)</em></span> <span class='ocrx_word' id='word_1_172' title='bbox 1725 2156 1746 2211; x_wconf 91' lang='lat'><em>,·</em></span> <span class='ocrx_word' id='word_1_173' title='bbox 1794 2138 1894 2199; x_wconf 87' lang='lat' dir='ltr'><em>cui</em></span> <span class='ocrx_word' id='word_1_174' title='bbox 1929 2139 2278 2203; x_wconf 85' lang='lat' dir='ltr'><em>contrarius</em></span> <span class='ocrx_word' id='word_1_175' title='bbox 2410 2140 2421 2144; x_wconf 69' lang='grc'><strong><em>’</em></strong></span> 
     </span>
    </p>
   </div>
   <div class='ocr_carea' id='block_1_4' title="bbox 180 2222 2283 3627">
    <p class='ocr_par' dir='ltr' id='par_1_4' title="bbox 258 2222 2279 2481">
     <span class='ocr_line' id='line_1_23' title="bbox 258 2222 2279 2305; baseline 0 -17"><span class='ocrx_word' id='word_1_176' title='bbox 258 2230 350 2289; x_wconf 90' lang='lat' dir='ltr'><em>est</em></span> <span class='ocrx_word' id='word_1_177' title='bbox 389 2224 621 2301; x_wconf 88' lang='lat' dir='ltr'><em>notius,</em></span> <span class='ocrx_word' id='word_1_178' title='bbox 666 2224 775 2305; x_wconf 79' lang='lat' dir='ltr'><em>qui</em></span> <span class='ocrx_word' id='word_1_179' title='bbox 818 2223 1118 2287; x_wconf 84' lang='lat' dir='ltr'><em>australis</em></span> <span class='ocrx_word' id='word_1_180' title='bbox 1162 2223 1404 2286; x_wconf 87' lang='lat' dir='ltr'><em>dicitur.</em></span> <span class='ocrx_word' id='word_1_181' title='bbox 1494 2222 1624 2285; x_wconf 87' lang='lat' dir='ltr'><em>Hie</em></span> <span class='ocrx_word' id='word_1_182' title='bbox 1665 2228 1777 2304; x_wconf 89' lang='lat' dir='ltr'><em>est,</em></span> <span class='ocrx_word' id='word_1_183' title='bbox 1821 2224 1930 2303; x_wconf 79' lang='lat' dir='ltr'><em>qui</em></span> <span class='ocrx_word' id='word_1_184' title='bbox 1975 2229 2165 2302; x_wconf 90' lang='lat' dir='ltr'><em>terra,</em></span> <span class='ocrx_word' id='word_1_185' title='bbox 2210 2231 2279 2289; x_wconf 80' lang='lat' dir='ltr'><em>ut</em></span> 
     </span>
     <span class='ocr_line' id='line_1_24' title="bbox 259 2305 2270 2393; baseline -0.001 -16"><span class='ocrx_word' id='word_1_186' title='bbox 259 2313 355 2377; x_wconf 91' lang='lat' dir='ltr'><em>ait</em></span> <span class='ocrx_word' id='word_1_187' title='bbox 400 2310 628 2388; x_wconf 81' lang='lat' dir='ltr'><em>Cicero,</em></span> <span class='ocrx_word' id='word_1_188' title='bbox 683 2312 903 2392; x_wconf 77' lang='lat' dir='ltr'><em>teyitur</em></span> <span class='ocrx_word' id='word_1_189' title='bbox 954 2315 1013 2375; x_wconf 92' lang='lat' dir='ltr'><em>et</em></span> <span class='ocrx_word' id='word_1_190' title='bbox 1055 2305 1319 2393; x_wconf 81' lang='grc' dir='ltr'><em>ἀφανής</em></span> <span class='ocrx_word' id='word_1_191' title='bbox 1373 2330 1414 2373; x_wconf 87' lang='grc' dir='ltr'><em>α</em></span> <span class='ocrx_word' id='word_1_192' title='bbox 1461 2308 1716 2373; x_wconf 79' lang='lat' dir='ltr'><em>Graecis</em></span> <span class='ocrx_word' id='word_1_193' title='bbox 1767 2312 2143 2375; x_wconf 79' lang='lat' dir='ltr'><em>nominatur.</em></span> <span class='ocrx_word' id='word_1_194' title='bbox 2198 2349 2270 2359; x_wconf 91' lang='lat'>—</span> 
     </span>
     <span class='ocr_line' id='line_1_25' title="bbox 262 2398 1226 2481; baseline -0.007 -14"><span class='ocrx_word' id='word_1_195' title='bbox 262 2398 361 2481; x_wconf 77' lang='lat' dir='ltr'><em>Of.</em></span> <span class='ocrx_word' id='word_1_196' title='bbox 405 2399 526 2465; x_wconf 84' lang='lat' dir='ltr'><em>Cic.</em></span> <span class='ocrx_word' id='word_1_197' title='bbox 577 2399 750 2464; x_wconf 86' lang='lat' dir='ltr'><em>Tusc.</em></span> <span class='ocrx_word' id='word_1_198' title='bbox 795 2398 846 2462; x_wconf 96' lang='lat' dir='ltr'><strong><em>I</em></strong></span> <span class='ocrx_word' id='word_1_199' title='bbox 878 2403 987 2464; x_wconf 80' lang='lat'><em>27.</em></span> <span class='ocrx_word' id='word_1_200' title='bbox 1034 2403 1118 2463; x_wconf 87' lang='grc'><em>68</em></span> <span class='ocrx_word' id='word_1_201' title='bbox 1136 2419 1226 2462; x_wconf 78' lang='lat' dir='ltr'><em>ex.</em></span> 
     </span>
    </p>

    <p class='ocr_par' dir='ltr' id='par_1_5' title="bbox 180 2484 2281 2831">
     <span class='ocr_line' id='line_1_26' title="bbox 180 2484 2275 2552; baseline -0 0"><span class='ocrx_word' id='word_1_202' title='bbox 180 2505 233 2543; x_wconf 66' lang='grc' dir='ltr'><em>εδ</em></span> <span class='ocrx_word' id='word_1_203' title='bbox 398 2488 501 2552; x_wconf 84' lang='grc'><strong>32.</strong></span> <span class='ocrx_word' id='word_1_204' title='bbox 555 2488 763 2552; x_wconf 85' lang='lat' dir='ltr'><em>Amm.</em></span> <span class='ocrx_word' id='word_1_205' title='bbox 817 2487 1020 2551; x_wconf 86' lang='lat' dir='ltr'><em>Marc.</em></span> <span class='ocrx_word' id='word_1_206' title='bbox 1075 2486 1257 2549; x_wconf 87' lang='lat' dir='ltr'><em>XIX</em></span> <span class='ocrx_word' id='word_1_207' title='bbox 1298 2489 1401 2551; x_wconf 78' lang='lat'><em>12.</em></span> <span class='ocrx_word' id='word_1_208' title='bbox 1446 2490 1530 2550; x_wconf 90' lang='grc'><em>18</em></span> <span class='ocrx_word' id='word_1_209' title='bbox 1581 2484 1939 2549; x_wconf 79' lang='lat' dir='ltr'><em>Imitandus</em></span> <span class='ocrx_word' id='word_1_210' title='bbox 1991 2487 2074 2549; x_wconf 89' lang='lat' dir='ltr'><em>sit</em></span> <span class='ocrx_word' id='word_1_211' title='bbox 2130 2488 2275 2551; x_wconf 81' lang='lat' dir='ltr'><em>Tul·</em></span> 
     </span>
     <span class='ocr_line' id='line_1_27' title="bbox 264 2575 2278 2659; baseline -0.001 -18"><span class='ocrx_word' id='word_1_212' title='bbox 264 2577 405 2659; x_wconf 76' lang='lat' dir='ltr'><em>liuS,</em></span> <span class='ocrx_word' id='word_1_213' title='bbox 449 2596 586 2640; x_wconf 87' lang='lat' dir='ltr'><em>cum</em></span> <span class='ocrx_word' id='word_1_214' title='bbox 621 2596 875 2659; x_wconf 91' lang='lat' dir='ltr'><em>parcere</em></span> <span class='ocrx_word' id='word_1_215' title='bbox 917 2575 1009 2640; x_wconf 81' lang='lat' dir='ltr'><em>vel</em></span> <span class='ocrx_word' id='word_1_216' title='bbox 1054 2576 1285 2639; x_wconf 86' lang='lat' dir='ltr'><em>laedere</em></span> <span class='ocrx_word' id='word_1_217' title='bbox 1320 2575 1632 2656; x_wconf 87' lang='lat' dir='ltr'><em>potuisset,</em></span> <span class='ocrx_word' id='word_1_218' title='bbox 1680 2578 1753 2637; x_wconf 88' lang='lat' dir='ltr'><em>ut</em></span> <span class='ocrx_word' id='word_1_219' title='bbox 1796 2575 1923 2656; x_wconf 89' lang='lat' dir='ltr'><em>ipse</em></span> <span class='ocrx_word' id='word_1_220' title='bbox 1967 2575 2278 2658; x_wconf 71' lang='lat' dir='ltr'><em>adfirmat,</em></span> 
     </span>
     <span class='ocr_line' id='line_1_28' title="bbox 262 2663 2281 2747; baseline -0 -19"><span class='ocrx_word' id='word_1_221' title='bbox 262 2665 609 2747; x_wconf 62' lang='lat' dir='ltr'><em>ignoscendi</em></span> <span class='ocrx_word' id='word_1_222' title='bbox 633 2683 928 2745; x_wconf 83' lang='lat' dir='ltr'><em>quaerens</em></span> <span class='ocrx_word' id='word_1_223' title='bbox 962 2683 1200 2745; x_wconf 86' lang='lat' dir='ltr'><em>causas,</em></span> <span class='ocrx_word' id='word_1_224' title='bbox 1235 2682 1363 2726; x_wconf 89' lang='lat' dir='ltr'><em>non</em></span> <span class='ocrx_word' id='word_1_225' title='bbox 1388 2663 1695 2743; x_wconf 88' lang='lat' dir='ltr'><em>puniendi</em></span> <span class='ocrx_word' id='word_1_226' title='bbox 1730 2663 2084 2741; x_wconf 84' lang='lat' dir='ltr'><em>occasiones,</em></span> <span class='ocrx_word' id='word_1_227' title='bbox 2119 2665 2281 2744; x_wconf 80' lang='lat' dir='ltr'><em>quod</em></span> 
     </span>
     <span class='ocr_line' id='line_1_29' title="bbox 261 2751 1695 2831; baseline -0.001 -14"><span class='ocrx_word' id='word_1_228' title='bbox 261 2753 487 2817; x_wconf 85' lang='lat' dir='ltr'><em>iudicis</em></span> <span class='ocrx_word' id='word_1_229' title='bbox 533 2752 681 2817; x_wconf 85' lang='lat' dir='ltr'><em>lenti</em></span> <span class='ocrx_word' id='word_1_230' title='bbox 722 2758 782 2817; x_wconf 88' lang='lat' dir='ltr'><em>ct</em></span> <span class='ocrx_word' id='word_1_231' title='bbox 822 2752 1187 2817; x_wconf 87' lang='lat' dir='ltr'><em>considerati</em></span> <span class='ocrx_word' id='word_1_232' title='bbox 1230 2755 1317 2815; x_wconf 87' lang='lat' dir='ltr'><em>cst</em></span> <span class='ocrx_word' id='word_1_233' title='bbox 1349 2751 1695 2831; x_wconf 81' lang='lat' dir='ltr'><em>proprium.</em></span> 
     </span>
    </p>

    <p class='ocr_par' dir='ltr' id='par_1_6' title="bbox 398 2837 2277 2923">
     <span class='ocr_line' id='line_1_30' title="bbox 398 2837 2277 2923; baseline -0.001 -19"><span class='ocrx_word' id='word_1_234' title='bbox 398 2840 502 2904; x_wconf 84' lang='lat'><em>33.</em></span> <span class='ocrx_word' id='word_1_235' title='bbox 547 2840 810 2923; x_wconf 73' lang='lat' dir='ltr'><em>Auyust.</em></span> <span class='ocrx_word' id='word_1_236' title='bbox 863 2841 969 2905; x_wconf 79' lang='lat' dir='ltr'><em>civ.</em></span> <span class='ocrx_word' id='word_1_237' title='bbox 1024 2841 1081 2904; x_wconf 90' lang='lat' dir='ltr'><em>d.</em></span> <span class='ocrx_word' id='word_1_238' title='bbox 1128 2838 1313 2902; x_wconf 92' lang='lat' dir='ltr'><em>XXI</em></span> <span class='ocrx_word' id='word_1_239' title='bbox 1349 2844 1430 2902; x_wconf 87' lang='lat'><em>11</em></span> <span class='ocrx_word' id='word_1_240' title='bbox 1479 2837 1620 2903; x_wconf 86' lang='lat' dir='ltr'><em>Octo</em></span> <span class='ocrx_word' id='word_1_241' title='bbox 1668 2859 1893 2921; x_wconf 73' lang='lat' dir='ltr'><em>yenera</em></span> <span class='ocrx_word' id='word_1_242' title='bbox 1932 2859 2277 2920; x_wconf 87' lang='lat' dir='ltr'><em>poenarum</em></span> 
     </span>
    </p>

    <p class='ocr_par' dir='ltr' id='par_1_7' title="bbox 183 2927 2281 3363">
     <span class='ocr_line' id='line_1_31' title="bbox 183 2927 2279 3011; baseline -0.002 -17"><span class='ocrx_word' id='word_1_243' title='bbox 183 2946 235 2984; x_wconf 81' lang='lat'><em>³⁰</em></span> <span class='ocrx_word' id='word_1_244' title='bbox 262 2930 334 2994; x_wconf 90' lang='lat' dir='ltr'><em>in</em></span> <span class='ocrx_word' id='word_1_245' title='bbox 380 2928 606 3009; x_wconf 64' lang='lat' dir='ltr'><em>legibus</em></span> <span class='ocrx_word' id='word_1_246' title='bbox 650 2948 772 2994; x_wconf 90' lang='lat' dir='ltr'><em>esse</em></span> <span class='ocrx_word' id='word_1_247' title='bbox 814 2929 1026 2995; x_wconf 85' lang='lat' dir='ltr'><em>scribit</em></span> <span class='ocrx_word' id='word_1_248' title='bbox 1073 2928 1334 3010; x_wconf 84' lang='lat' dir='ltr'><em>Tullius,</em></span> <span class='ocrx_word' id='word_1_249' title='bbox 1378 2928 1701 3009; x_wconf 89' lang='lat' dir='ltr'><em>damnum,</em></span> <span class='ocrx_word' id='word_1_250' title='bbox 1746 2927 1973 3009; x_wconf 77' lang='lat' dir='ltr'><em>vincla,</em></span> <span class='ocrx_word' id='word_1_251' title='bbox 2020 2928 2279 3011; x_wconf 86' lang='lat' dir='ltr'><em>verbera,</em></span> 
     </span>
     <span class='ocr_line' id='line_1_32' title="bbox 265 3015 2274 3099; baseline -0.001 -18"><span class='ocrx_word' id='word_1_252' title='bbox 265 3018 580 3098; x_wconf 86' lang='lat' dir='ltr'><em>talionem,</em></span> <span class='ocrx_word' id='word_1_253' title='bbox 633 3018 1067 3099; x_wconf 72' lang='lat' dir='ltr'><em>iynominiam,</em></span> <span class='ocrx_word' id='word_1_254' title='bbox 1121 3015 1401 3096; x_wconf 79' lang='lat' dir='ltr'><em>exilium,</em></span> <span class='ocrx_word' id='word_1_255' title='bbox 1457 3019 1735 3093; x_wconf 88' lang='lat' dir='ltr'><em>mortem,</em></span> <span class='ocrx_word' id='word_1_256' title='bbox 1787 3017 2145 3079; x_wconf 80' lang='lat' dir='ltr'><em>servitutem.</em></span> <span class='ocrx_word' id='word_1_257' title='bbox 2199 3051 2274 3061; x_wconf 95' lang='lat'>—</span> 
     </span>
     <span class='ocr_line' id='line_1_33' title="bbox 263 3102 2280 3186; baseline -0 -17"><span class='ocrx_word' id='word_1_258' title='bbox 263 3105 419 3171; x_wconf 89' lang='lat' dir='ltr'><em>Isid.</em></span> <span class='ocrx_word' id='word_1_259' title='bbox 470 3102 637 3186; x_wconf 72' lang='lat' dir='ltr'><em>Oriy.</em></span> <span class='ocrx_word' id='word_1_260' title='bbox 689 3104 753 3169; x_wconf 90' lang='lat' dir='ltr'><strong><em>V</em></strong></span> <span class='ocrx_word' id='word_1_261' title='bbox 784 3109 876 3170; x_wconf 79' lang='lat'><em>27</em></span> <span class='ocrx_word' id='word_1_262' title='bbox 924 3104 1067 3169; x_wconf 90' lang='lat' dir='ltr'><em>Octo</em></span> <span class='ocrx_word' id='word_1_263' title='bbox 1106 3123 1331 3185; x_wconf 74' lang='lat' dir='ltr'><em>yenera</em></span> <span class='ocrx_word' id='word_1_264' title='bbox 1370 3123 1711 3184; x_wconf 86' lang='lat' dir='ltr'><em>poenarum</em></span> <span class='ocrx_word' id='word_1_265' title='bbox 1754 3104 1824 3166; x_wconf 91' lang='lat' dir='ltr'><em>in</em></span> <span class='ocrx_word' id='word_1_266' title='bbox 1874 3104 2099 3185; x_wconf 62' lang='lat' dir='ltr'><em>legibus</em></span> <span class='ocrx_word' id='word_1_267' title='bbox 2143 3123 2280 3168; x_wconf 89' lang='lat' dir='ltr'><em>con-</em></span> 
     </span>
     <span class='ocr_line' id='line_1_34' title="bbox 266 3191 2281 3274; baseline -0.001 -17"><span class='ocrx_word' id='word_1_268' title='bbox 266 3193 453 3257; x_wconf 89' lang='lat' dir='ltr'><em>tineri</em></span> <span class='ocrx_word' id='word_1_269' title='bbox 482 3192 728 3257; x_wconf 80' lang='lat' dir='ltr'><em>Tullius</em></span> <span class='ocrx_word' id='word_1_270' title='bbox 752 3194 1012 3274; x_wconf 86' lang='lat' dir='ltr'><em>scripsit,</em></span> <span class='ocrx_word' id='word_1_271' title='bbox 1040 3195 1357 3267; x_wconf 87' lang='lat' dir='ltr'><em>damnum,</em></span> <span class='ocrx_word' id='word_1_272' title='bbox 1393 3191 1657 3273; x_wconf 79' lang='lat' dir='ltr'><em>vincula,</em></span> <span class='ocrx_word' id='word_1_273' title='bbox 1684 3191 1945 3273; x_wconf 84' lang='lat' dir='ltr'><em>verbera,</em></span> <span class='ocrx_word' id='word_1_274' title='bbox 1977 3192 2281 3274; x_wconf 84' lang='lat' dir='ltr'><em>talionem,</em></span> 
     </span>
     <span class='ocr_line' id='line_1_35' title="bbox 265 3282 1830 3363; baseline -0.001 -18"><span class='ocrx_word' id='word_1_275' title='bbox 265 3282 700 3363; x_wconf 73' lang='lat' dir='ltr'><em>iynominiam,</em></span> <span class='ocrx_word' id='word_1_276' title='bbox 746 3282 1025 3357; x_wconf 79' lang='lat' dir='ltr'><em>exilium,</em></span> <span class='ocrx_word' id='word_1_277' title='bbox 1070 3282 1417 3345; x_wconf 88' lang='lat' dir='ltr'><em>servitutem</em></span> <span class='ocrx_word' id='word_1_278' title='bbox 1462 3284 1519 3343; x_wconf 90' lang='lat' dir='ltr'><em>et</em></span> <span class='ocrx_word' id='word_1_279' title='bbox 1561 3284 1830 3343; x_wconf 86' lang='lat' dir='ltr'><em>mortem.</em></span> 
     </span>
    </p>

    <p class='ocr_par' dir='ltr' id='par_1_8' title="bbox 185 3367 2283 3627">
     <span class='ocr_line' id='line_1_36' title="bbox 185 3367 2283 3448; baseline 0 -16"><span class='ocrx_word' id='word_1_280' title='bbox 185 3387 237 3424; x_wconf 66' lang='lat'><em>³5</em></span> <span class='ocrx_word' id='word_1_281' title='bbox 400 3369 505 3432; x_wconf 85' lang='lat'><em>34.</em></span> <span class='ocrx_word' id='word_1_282' title='bbox 569 3369 853 3434; x_wconf 86' lang='lat' dir='ltr'><em>Lactant.</em></span> <span class='ocrx_word' id='word_1_283' title='bbox 915 3370 1056 3433; x_wconf 85' lang='lat' dir='ltr'><em>inst.</em></span> <span class='ocrx_word' id='word_1_284' title='bbox 1119 3370 1237 3433; x_wconf 86' lang='lat' dir='ltr'><em>div.</em></span> <span class='ocrx_word' id='word_1_285' title='bbox 1300 3367 1352 3431; x_wconf 94' lang='lat' dir='ltr'><strong><em>I</em></strong></span> <span class='ocrx_word' id='word_1_286' title='bbox 1400 3370 1505 3432; x_wconf 81' lang='lat'><em>20.</em></span> <span class='ocrx_word' id='word_1_287' title='bbox 1559 3371 1641 3431; x_wconf 79' lang='lat'><em>14</em></span> <span class='ocrx_word' id='word_1_288' title='bbox 1704 3368 2013 3448; x_wconf 61' lang='lat' dir='ltr'><em>fflaynum</em></span> <span class='ocrx_word' id='word_1_289' title='bbox 2077 3367 2283 3432; x_wconf 84' lang='lat' dir='ltr'><em>Cicero</em></span> 
     </span>
     <span class='ocr_line' id='line_1_37' title="bbox 265 3454 2282 3537; baseline 0 -18"><span class='ocrx_word' id='word_1_290' title='bbox 265 3459 594 3537; x_wconf 81' lang='lat' dir='ltr'><em>audaxque</em></span> <span class='ocrx_word' id='word_1_291' title='bbox 637 3457 960 3521; x_wconf 79' lang='lat' dir='ltr'><em>consilium</em></span> <span class='ocrx_word' id='word_1_292' title='bbox 1001 3458 1327 3537; x_wconf 89' lang='lat' dir='ltr'><em>suscepisse</em></span> <span class='ocrx_word' id='word_1_293' title='bbox 1371 3454 1699 3519; x_wconf 81' lang='lat' dir='ltr'><em>Graeciam</em></span> <span class='ocrx_word' id='word_1_294' title='bbox 1743 3457 1916 3537; x_wconf 87' lang='lat' dir='ltr'><em>dicit,</em></span> <span class='ocrx_word' id='word_1_295' title='bbox 1959 3457 2121 3536; x_wconf 79' lang='lat' dir='ltr'><em>quod</em></span> <span class='ocrx_word' id='word_1_296' title='bbox 2163 3455 2282 3520; x_wconf 84' lang='lat' dir='ltr'><em>Cu-</em></span> 
     </span>
     <span class='ocr_line' id='line_1_38' title="bbox 251 3545 2283 3627; baseline 0 -18"><span class='ocrx_word' id='word_1_297' title='bbox 251 3546 551 3626; x_wconf 82' lang='lat' dir='ltr'><em>pidinum</em></span> <span class='ocrx_word' id='word_1_298' title='bbox 588 3550 645 3608; x_wconf 91' lang='lat' dir='ltr'><em>et</em></span> <span class='ocrx_word' id='word_1_299' title='bbox 679 3545 985 3609; x_wconf 86' lang='lat' dir='ltr'><em>Amorum</em></span> <span class='ocrx_word' id='word_1_300' title='bbox 1019 3545 1357 3609; x_wconf 80' lang='lat' dir='ltr'><em>sinudacra</em></span> <span class='ocrx_word' id='word_1_301' title='bbox 1392 3545 1461 3607; x_wconf 91' lang='lat' dir='ltr'><em>in</em></span> <span class='ocrx_word' id='word_1_302' title='bbox 1489 3545 1835 3627; x_wconf 73' lang='lat' dir='ltr'><em>yymnasiis</em></span> <span class='ocrx_word' id='word_1_303' title='bbox 1874 3550 2283 3609; x_wconf 82' lang='lat' dir='ltr'><em>consecrasset.</em></span> 
     </span>
    </p>
   </div>
  </div>
 </body>
</html>
