2630 3913
818 194 1269 249 ORATIONUM.
1309 196 1373 247 A.
1412 195 1489 247 IX
1522 202 1742 250 11—19.
2151 193 2284 257 265

272 357 580 422 Volcacio
627 378 754 421 cos,
799 356 870 420 in
914 357 1183 421 consilio
1229 356 1532 440 fuissent,
1584 379 1665 420 ne
1718 356 1978 440 petendi
2025 355 2280 439 quidem

273 449 667 530 potestatem
715 466 853 509 esse
899 446 1266 526 voluerunt3

493 534 694 598 Paulo
738 539 880 597 ante
932 535 1203 597 diximus
1247 532 1588 596 Catilinam
1602 582 1619 614 ‚
1673 553 1810 597 cum
1854 534 1925 596 de
1957 535 2282 613 provincia

362 621 589 701 Africa
641 623 936 686 decederet
973 623 1281 703 petiturus
1336 622 1742 696 consulatum,
1797 626 1854 684 et
1907 621 2087 702 leyati
2131 621 2284 701 Afri

221 736 247 776 5
360 712 554 790 questi
607 715 800 775 essent
849 711 921 773 de
983 730 1046 773 eo
1113 712 1182 772 in
1243 714 1484 790 senatu,
1540 711 1812 790 yraviter
1873 711 2282 792 vituperatum

362 819 500 863 esse.
591 798 911 877 Professus
954 799 1168 862 deinde
1210 802 1298 861 est
1343 797 1618 861 Catilina
1655 802 1857 878 petere
1899 818 1963 861 se
2007 799 2284 862 consula-

364 892 509 950 tum.
569 887 641 950 L.
674 887 986 950 Volcacius
1017 886 1235 950 Tullus
1260 886 1468 949 consul
1495 887 1818 949 consilium
1832 886 2147 967 publicum
2174 886 2282 950 ha-

363 975 516 1051 buit,
571 995 657 1038 an
702 976 1001 1038 rationem
1048 972 1355 1038 Catilinae
1396 973 1609 1037 habere
1652 974 1903 1050 deberet,
1960 976 2018 1038 si
2058 981 2289 1056 peteret

365 1063 775 1136 consulatum,·
822 1082 973 1125 nam
1016 1063 1416 1143 quaerebatur
1458 1063 1944 1142 repetundarum.
2010 1061 2286 1127 Catilina

199 1175 250 1216 10
366 1151 436 1214 ob
480 1170 614 1213 eam
659 1169 909 1214 causam
953 1151 1180 1214 destitit
1222 1170 1264 1213 a
1297 1151 1606 1230 petitione.
1663 1205 1669 1210 ,

416 1239 513 1302 16.
578 1260 617 1301 a
681 1238 1132 1301 senatoribus?
1198 1237 1308 1320 qui
1366 1242 1430 1301 te
1490 1239 1875 1302 auctoritate
1932 1239 2284 1321 spoliatum

281 1325 676 1389 ornamentis
724 1326 1019 1390 omnibus
1066 1326 1352 1390 vinctum
1399 1347 1600 1410 paene
1643 1326 1968 1390 Africanis
2017 1328 2285 1391 oratori-

282 1414 402 1476 bus
450 1414 879 1495 tradiderunt3

497 1502 797 1567 Diximus
839 1504 1013 1566 modo
1058 1504 1130 1567 de
1167 1502 1292 1566 hoc.
1375 1503 1546 1566 Nam
1590 1503 1886 1566 iudicium
1930 1524 2160 1585 quoque
2201 1525 2287 1568 se-

200 1612 252 1653 15
368 1594 570 1654 cutum
614 1596 703 1655 est
743 1592 1214 1671 repetundarum
1232 1641 1245 1666 ,
1288 1611 1405 1671 quo
1449 1592 1578 1672 ipse
1610 1611 1726 1671 per
1768 1592 2100 1671 infamiam
2148 1593 2284 1656 libe-

364 1684 540 1742 ratus
590 1684 679 1743 est
731 1677 1029 1760 Catilina,
1080 1680 1187 1744 sed
1236 1681 1353 1757 ita,
1407 1684 1478 1742 ut
1528 1699 1666 1742 eum
1718 1684 2067 1743 senatorum
2120 1701 2287 1744 urna

364 1768 712 1845 damnaret,
757 1768 1024 1848 equitum
1068 1773 1126 1831 et
1169 1767 1554 1831 tribunorum
1599 1767 1936 1831 absolveret.

413 1856 512 1918 17.
558 1856 641 1919 ab
689 1855 972 1940 equestri
1019 1854 1283 1919 ordine?
1332 1877 1521 1939 quem
1567 1855 1933 1937 trucidasssi3

496 1944 791 2025 Equester
825 1945 972 2008 ordo
1002 1965 1117 2025 pro
1147 1942 1455 2009 Cinnanis
1478 1944 1768 2026 partibus
1803 1950 2015 2008 contra
2041 1943 2288 2010 Sullam

198 2053 254 2092 20
365 2036 622 2116 steterat,
648 2033 944 2113 multique
958 2034 1257 2113 pecunias
1281 2033 1674 2110 abstulerant,
1709 2054 1785 2097 ex
1815 2053 1932 2113 quo
1957 2035 2289 2097 saecularii

367 2125 543 2182 erant
584 2120 890 2200 appellati,
935 2124 1115 2200 atque
1156 2120 1228 2183 ob
1271 2122 1401 2184 eius
1442 2122 1536 2184 rei
1577 2122 1880 2185 invidiam
1904 2126 2050 2202 post
2083 2121 2288 2185 Sulla·

367 2225 517 2269 nam
559 2209 875 2271 victoriam
920 2214 1096 2271 erant
1138 2209 1450 2285 interfecti.

421 2295 516 2358 18.
572 2317 611 2358 a
663 2294 895 2378 plebe?
952 2295 1054 2358 eui
1108 2296 1543 2380 spectaculum
1589 2296 1724 2361 eius
1772 2296 1946 2360 modi
1991 2299 2106 2360 tua
2152 2319 2289 2361 cru-

283 2380 515 2446 delitas
559 2383 886 2467 praebuit,
939 2385 1013 2446 ut
1067 2389 1122 2448 te
1163 2405 1353 2447 nemo
1401 2385 1538 2448 sine
1585 2384 1832 2470 gemitu
1878 2405 1953 2448 ac
1998 2385 2288 2448 recorda·

199 2489 254 2532 25
281 2470 457 2534 tione
504 2471 716 2535 luctus
765 2471 1049 2556 aspicere
1096 2471 1321 2555 possit.

498 2560 794 2624 Eiusdem
854 2560 1029 2625 illius
1079 2561 1261 2624 Mari
1315 2559 1681 2625 Gratidiani
1735 2561 1899 2641 quod
1954 2566 2140 2641 caput
2193 2580 2288 2642 qe·

366 2649 576 2730 star-it,
621 2648 815 2712 obicit.

443 2772 446 2777 ·
502 2735 634 2815 Quo
678 2736 801 2801 loco
847 2738 995 2800 dicit
1039 2735 1377 2801 Catilinam
1417 2742 1600 2817 caput
1640 2736 1735 2799 M.
1772 2737 1953 2800 Mari
1993 2741 2288 2818 qestasse:

417 2825 514 2888 19.
553 2823 737 2898 Quod
774 2829 968 2909 caput
1005 2824 1200 2888 etiam
1238 2828 1379 2887 tum
1416 2825 1678 2908 plenum
1716 2824 1969 2888 animae
2008 2828 2073 2887 et
2105 2826 2289 2907 spiri-

198 2928 252 2970 30
279 2915 385 2975 tus
433 2913 515 2976 ad
561 2911 809 2976 Sullam
855 2934 1056 2996 usque
1104 2913 1186 2976 ab
1232 2911 1521 2976 Ianiculo
1568 2913 1651 2976 ad
1697 2912 1920 2975 aedem
1957 2911 2286 2995 Apollinis

280 3000 577 3065 manibus
622 3001 761 3085 ipse
809 3001 941 3064 suis
993 3000 1243 3064 detulit.
2242 3032 2247 3039 ·

365 3090 575 3152 omnia
626 3095 772 3154 sunt
827 3090 1173 3168 manifesta.
1263 3089 1361 3152 Ne
1425 3094 1627 3152 tamen
1681 3089 1917 3169 erretis,
1979 3089 2142 3167 quod
2189 3087 2288 3152 his

367 3177 728 3257 temporibus
772 3178 946 3242 aedes
987 3178 1302 3258 Apollinis
1345 3178 1416 3240 in
1462 3176 1710 3240 Palatio
1759 3178 1843 3240 sit
1884 3175 2286 3258 nobil-issima,

363 3266 731 3330 admonendi
781 3267 923 3329 estis
974 3286 1100 3328 non
1151 3264 1311 3329 hanc
1354 3286 1396 3328 a
1441 3265 1722 3330 Cicerone
1765 3264 2134 3345 siqnificari,
2189 3269 2286 3327 ut-

196 3368 248 3408 35
356 3358 496 3432 pote
548 3374 735 3433 quam
779 3359 923 3434 post
964 3358 1215 3417 mortem
1263 3355 1450 3417 etiam
1495 3352 1800 3417 Ciceronis
1843 3352 2054 3415 multis
2100 3354 2287 3415 annis

367 3443 509 3521 imp.
569 3440 819 3519 Caesar,
882 3462 1057 3522 quem
1114 3462 1278 3505 nunc
1340 3442 1548 3504 divum
1602 3441 1953 3521 Auyustum
2008 3440 2285 3518 dicimus,

351 3534 496 3610 post
527 3530 847 3593 Actiacam
882 3530 1200 3594 victoriam
1240 3529 1465 3608 fecerit,
1509 3530 1615 3593 sed
1648 3529 1823 3592 illam
1859 3528 2284 3594 demonstrari.
