2630 3913
846 216 1265 273 PHILOSOPH.
1304 216 1365 273 F.
1404 216 1453 269 V
1491 222 1718 271 60—76.
2166 219 2292 282 321

165 459 168 462 Ἴ
281 380 452 447 cillis
490 383 707 445 autem
744 382 844 443 est
879 378 1143 463 pudoris
1183 377 1497 463 magister
1532 376 1748 460 timor,
1796 379 1905 461 qui
1944 380 2000 443 si
2040 381 2296 463 quando

284 467 622 553 paululum
680 467 1037 548 aberravit,
1104 466 1329 530 statim
1394 486 1507 549 spe
1560 464 1972 549 impunitatis
2029 470 2296 532 exultat

420 557 520 620 73.
577 556 740 619 Non.
784 576 854 637 p.
897 559 1044 619 384.
1088 557 1177 619 20
1230 554 1325 618 Μ
1385 554 1631 617 Tullius
1678 590 1760 598 -
1813 556 1884 618 in
1928 555 2296 621 Hortensio:

285 649 426 708 tum
471 643 836 728 intellegas,
883 664 1077 725 quam
1123 641 1285 705 illud
1329 662 1462 704 non
1508 640 1594 704 sit
1629 642 2080 726 necessarium,
2128 644 2298 727 quod

232 753 257 791 5
289 732 620 796 redundat.

421 821 521 883 74.
550 819 713 883 Non.
728 839 797 899 p.
823 822 932 884 22.
960 822 1053 882 22
1077 818 1173 882 M.
1197 817 1442 881 Tullius
1466 817 1536 881 in
1555 816 1919 882 Hortensio:
1949 819 2031 883 ad
2059 819 2297 884 iuveni-

284 909 414 971 lem
443 906 798 971 lubidinem
818 906 1003 990 copia
1022 905 1454 989 voluptatum,
1484 904 1699 989 gliscit
1716 905 1834 968 illa
1853 909 1926 970 ut
1944 906 2115 991 ignis
2137 908 2298 973 oleo.

422 995 522 1059 75.
570 996 733 1059 Non.
774 1015 843 1076 p.
888 1000 1034 1059 480.
1079 998 1163 1058 18
1214 994 1311 1057 Μ
1371 993 1614 1057 Tullius
1666 994 1737 1056 in
1791 993 2157 1059 Hortensio:
2211 994 2298 1059 Hi

285 1082 497 1148 nostri
544 1082 733 1147 amici
778 1080 1288 1146 verecundantur
1333 1080 1509 1164 capti
1556 1080 1895 1164 splendore
1942 1082 2222 1146 virtutis,

212 1192 261 1232 ιο
425 1171 524 1235 76.
573 1171 737 1234 Non.
768 1191 837 1252 Ρ.
883 1174 1026 1234 194.
1071 1175 1154 1233 13
1197 1169 1293 1233 M
1344 1170 1589 1233 Tullius
1633 1170 1703 1232 in
1746 1169 2114 1234 Hortensio:
2173 1170 2298 1254 pri-

290 1280 433 1322 mus
479 1258 782 1322 balneola
827 1257 1179 1341 suspendit,
1223 1256 1489 1321 inclusit
1533 1256 1761 1339 pisces,
1808 1292 1892 1301 —
1943 1258 2076 1322 Val.
2121 1259 2300 1322 Max.

289 1347 403 1410 IX
435 1352 490 1410 1.
527 1352 565 1409 1
604 1345 668 1412 C.
704 1345 954 1427 Serqius
992 1344 1187 1409 Orata
1217 1345 1490 1426 pensilia
1536 1344 1778 1407 balinea
1814 1346 2061 1425 primus
2102 1346 2302 1425 facere

289 1435 574 1499 instituit.
659 1432 828 1512 Quae
870 1435 1129 1515 inpensa
1174 1433 1399 1497 levibus
1442 1433 1643 1495 initiis
1685 1438 1888 1513 coepta
1932 1434 2019 1497 ad
2059 1454 2303 1513 suspen·

291 1542 395 1587 sae
439 1522 673 1586 calidae
706 1542 902 1603 aquae
947 1526 1186 1583 tantum
1228 1541 1355 1585 non
1391 1540 1657 1601 aequora
1683 1522 2040 1600 penetravit.
2108 1521 2302 1603 Idem,

211 1630 262 1669 15
291 1610 560 1675 videlicet
608 1629 685 1673 ne
736 1610 952 1691 qulam
1006 1608 1281 1689 Neptuni
1342 1609 1602 1672 arbitrio
1664 1608 1992 1672 subiectam
2046 1608 2303 1686 haberet,

278 1698 629 1781 peculiaria
671 1698 791 1762 sibi
832 1698 1041 1761 maria
1094 1697 1453 1778 excoqitavit
1494 1697 1822 1759 aestuariis
1868 1697 2301 1777 intercipiendo

288 1787 510 1867 fluctus
550 1786 933 1867 pisciumque
984 1785 1249 1849 diversos
1296 1804 1503 1866 qreqes
1555 1785 1857 1864 separatis
1907 1785 2168 1849 molibus
2209 1785 2302 1849 in-

290 1875 597 1951 cludendO,
637 1879 709 1937 ut
741 1874 918 1937 nulla
955 1877 1085 1936 tam
1119 1892 1299 1936 saeva
1339 1876 1653 1952 tempestas
1687 1872 1986 1951 inciderit,
2020 1893 2146 1955 qua
2179 1893 2303 1937 non

294 1962 522 2028 Oratae
573 1981 817 2027 mensae
867 1962 1160 2026 varietate
1208 1961 1579 2040 ferculorum
1626 1960 2025 2025 abundarent.
2116 1963 2303 2026 Aedi-

210 2070 264 2110 κο
290 2051 452 2132 ficiis
504 2051 691 2114 etiam
743 2050 1031 2130 spatiosis
1089 2053 1147 2113 et
1206 2049 1450 2113 excelsis
1511 2049 1743 2113 deserta
1805 2049 1902 2112 ad
1951 2050 2019 2112 id
2074 2054 2306 2131 tempus

292 2159 405 2202 ora
448 2138 710 2202 Lucrini
756 2138 926 2201 lacus
957 2137 1209 2218 pressit,
1264 2157 1383 2217 quo
1435 2137 1759 2200 recentiore
1809 2157 1929 2200 usu
1973 2137 2302 2236 conchylio-

291 2245 436 2289 rum
475 2225 816 2305 frueretur;
874 2224 982 2288 ubi
1034 2224 1182 2288 dum
1225 2244 1288 2288 se
1321 2224 1605 2304 publicae
1647 2243 1844 2304 aquae
1887 2226 2169 2305 cupidius
2212 2227 2304 2288 in-

292 2314 526 2395 merqit,
570 2333 707 2376 cum
743 2311 1027 2377 Considio
1052 2312 1383 2392 publicano
1420 2312 1719 2376 iudicium
1757 2316 2019 2375 nanctus
2053 2316 2155 2376 est.
2219 2312 2305 2375 In

292 2421 410 2482 quo
445 2401 521 2465 L.
550 2399 812 2465 Crassus
846 2400 1135 2464 adversus
1178 2399 1359 2464 illum
1399 2419 1650 2464 causam
1693 2419 1879 2480 aqens
1912 2419 2119 2463 errare
2151 2401 2303 2462 ami-

212 2507 266 2548 25
294 2510 433 2554 cum
476 2508 661 2554 suum
706 2486 1064 2552 Considium
1107 2489 1281 2564 dixit,
1326 2489 1488 2569 quod
1517 2491 1772 2568 putaret
1817 2485 2074 2549 Oratam
2115 2507 2303 2550 remo-

296 2583 426 2641 tum
469 2597 511 2640 a
557 2577 694 2641 lacu
738 2577 1082 2640 cariturum
1126 2578 1337 2640 ostreis
1347 2596 1368 2651 ,·
1413 2584 1677 2656 namque
1716 2595 1804 2656 ea,
1848 2574 1907 2638 si
1941 2574 2084 2638 inde
2104 2579 2308 2655 petere

293 2686 419 2729 non
457 2665 735 2746 licuisset,
769 2666 840 2728 in
877 2664 1090 2744 tequlis
1124 2668 1522 2745 reperturum.
1556 2699 1629 2708 —
1663 2663 1994 2744 Augustin.
2030 2663 2102 2727 de
2136 2663 2308 2726 beata

292 2755 418 2816 vita
446 2757 534 2817 26
566 2753 635 2815 Τ.
662 2752 712 2814 Ι
722 2774 788 2832 Ρ.
813 2756 943 2817 230
972 2749 1027 2816 C
1046 2750 1202 2814 Ben.
1230 2751 1417 2814 Antv.
1444 2750 1792 2832 Finqamus
1817 2751 2082 2832 aliquem
2112 2751 2308 2827 talem,

293 2841 534 2922 qualem
593 2840 836 2904 Tullius
892 2840 1086 2919 fuisse
1137 2839 1287 2902 dicit
1342 2837 1616 2903 Oratam.
1709 2837 1860 2918 Quis
1913 2838 2078 2901 enim
2125 2838 2309 2917 facile

214 2945 268 2986 30
295 2930 463 2992 dicat
524 2927 783 2992 Oratam
844 2931 1095 3008 eyestate
1156 2926 1485 3003 laborasse,
1552 2926 1857 2990 hominem
1918 2926 2308 3005 ditissimum,

295 3016 809 3097 amoenissimum,
853 3015 1403 3096 deliciosissimum,
1449 3014 1549 3078 cui
1589 3033 1780 3094 neque
1821 3014 1907 3076 ad
1946 3012 2308 3093 voluptatem

293 3105 627 3185 quidquam
671 3103 866 3182 defuit
916 3122 1106 3182 neque
1157 3103 1243 3166 ad
1278 3103 1552 3182 qratiam
1595 3121 1783 3180 neque
1827 3101 1912 3163 ad
1953 3099 2174 3163 bonam
2217 3101 2309 3164 in·

296 3197 640 3273 teqramque
682 3189 1131 3255 valetudinem?
1175 3209 1326 3252 nam
1360 3194 1419 3252 et
1447 3189 1728 3270 praediis
1762 3188 2312 3269 quaestuosissimis

294 3284 354 3343 et
385 3280 603 3343 amicis
640 3279 1114 3359 iucundissimis,
1154 3280 1454 3358 quantum
1492 3276 1685 3358 libuit,
1720 3275 2058 3340 abundavit
2091 3280 2149 3338 ct
2181 3275 2311 3339 illis

213 3384 266 3426 ⁸5
295 3367 575 3431 omnibus
618 3366 930 3448 aptissime
973 3367 1059 3430 ad
1091 3365 1350 3429 salutem
1389 3364 1657 3445 corporis
1700 3382 1851 3427 usus
1895 3367 2006 3443 est,
2051 3363 2311 3445 eiusque,

292 3459 367 3519 ut
408 3454 659 3518 breviter
704 3458 895 3518 totum
938 3453 1250 3533 explicem,
1304 3471 1480 3515 omne
1522 3451 1875 3514 institutum
1918 3411 2309 3515 voluntatem·

293 3562 409 3624 que
451 3562 687 3606 omnem
730 3541 1017 3604 successio
1050 3558 1350 3621 prospera
1393 3543 1705 3602 consecuta
1746 3543 1850 3604 est.

404 3652 691 3694 c1c.1v.s.
1921 3647 1986 3694 21
