2630 3913
812 239 1229 295 PHILOSOPH.
1270 239 1329 295 F.
1369 240 1445 293 IX
1484 239 1687 294 17—X
1724 248 1775 319 4.Ι
2169 239 2296 303 339

424 404 484 469 3.
530 403 788 468 Boetius
840 397 913 468 de
964 403 1105 467 inst.
1159 422 1313 466 mus.
1359 402 1410 466 I
1444 407 1484 465 1
1518 423 1585 483 p.
1629 407 1756 467 184
1774 423 1859 483 sq.
1902 403 2135 467 Friedl.
2182 401 2300 467 Oui

292 492 456 556 enim
509 496 599 557 est
645 491 807 555 illud
853 491 1128 573 iqnotum
1139 542 1156 573 ,
1218 489 1380 571 quod
1429 490 1810 573 Pythayoras
1862 490 2094 555 ebrium
2146 492 2300 554 adu-

295 581 601 645 lescentem
649 579 1238 644 Tauromenitanum
1281 578 1637 661 subphryyii
1684 580 1850 643 modi
1891 599 2038 644 sono
2082 580 2299 642 incita-

296 675 426 733 tum
474 669 734 751 spondeo
785 668 1122 732 succinente
1171 668 1505 732 reddiderit
1554 667 1857 731 mitiorem
1910 672 1967 731 et
2006 670 2106 732 sui
2148 688 2301 731 com--

243 779 268 819 ε
283 756 530 839 potem?
594 756 766 821 Nam
801 776 939 821 cum
974 760 1237 821 scortum
1272 757 1344 819 in
1378 756 1596 820 rivalis
1635 757 1810 820 domo
1846 761 1993 820 esset
2027 757 2303 819 clausum

293 851 473 927 atque
515 845 619 909 ille
658 844 875 924 furens
917 846 1166 910 domum
1207 845 1377 908 vellet
1414 844 1746 925 amburere,
1789 863 2039 926 cumque
2073 843 2301 926 Pytha-

288 954 475 1016 9oras
518 934 837 999 stellarum
882 952 1117 1015 cursus,
1170 937 1242 997 ut
1283 934 1341 996 ei
1383 952 1539 1016 mos,
1589 937 1926 997 nocturnus
1968 934 2302 1013 inspiceret,

293 1022 400 1087 ubi
451 1022 749 1086 intellexit
796 1041 941 1086 sono
985 1019 1251 1104 Phryyii
1302 1022 1469 1085 modi
1517 1021 1842 1084 incitatum
1894 1021 2107 1085 multis
2150 1022 2303 1084 ami-

296 1131 507 1176 corum
549 1110 987 1174 monitionibus
1030 1129 1074 1173 a
1103 1109 1382 1189 facinore
1423 1110 1691 1173 noluisse
1734 1109 2026 1191 desistere,
2070 1110 2305 1172 mutari

221 1221 270 1259 ιο
296 1200 547 1263 modum
582 1199 891 1279 praecepit
932 1203 1110 1279 atque
1151 1199 1244 1261 ita
1283 1198 1549 1278 furentis
1582 1198 1864 1261 animum
1907 1198 2304 1261 adulescentis

298 1289 385 1351 ad
425 1291 656 1351 statum
699 1286 918 1350 mentis
949 1286 1390 1367 pacatissimae
1443 1287 1820 1367 temperavit‚·
1875 1287 2037 1366 quod
2085 1286 2308 1350 scilicet

298 1375 394 1438 M
444 1373 687 1438 Tullius
740 1379 1166 1438 commemorat
1214 1375 1284 1437 in
1340 1395 1404 1438 eo
1459 1374 1637 1456 libro,
1693 1394 1869 1454 quem
1920 1375 1992 1439 de
2035 1374 2306 1438 consiliis

298 1463 430 1527 suis
472 1463 819 1543 composuit,
864 1462 1047 1526 aliter
1088 1463 1345 1544 quidern,
1388 1463 1494 1527 sed
1524 1462 1632 1527 hoc
1664 1463 1873 1527 modo:
1921 1459 2046 1526 Sed
2081 1466 2155 1525 ut
2193 1461 2305 1525 ali-

301 1573 430 1635 qua
474 1549 896 1614 similitudine
944 1549 1252 1614 adductus
1299 1549 1597 1614 maximis
1649 1549 1917 1614 minima
1961 1549 2305 1632 conferam,

220 1659 270 1698 15
298 1642 374 1703 ut
418 1661 564 1704 cum
618 1637 933 1703 vinolenti
989 1638 1428 1703 adulescentes
1484 1638 1791 1702 tibiarum
1847 1638 2046 1703 etiam
2095 1643 2305 1720 cantu,

296 1732 371 1792 ut
416 1727 509 1810 fit,
555 1726 848 1792 instincti
893 1726 1181 1791 mulieris
1226 1726 1496 1810 pudicae
1540 1726 1712 1791 fores
1757 1726 2149 1813 frangerent,
2202 1727 2305 1791 ad-

298 1815 623 1895 monuisse
669 1815 1021 1900 tibicinam,
1070 1819 1143 1879 ut
1183 1815 1538 1900 spondeum
1576 1820 1850 1900 caneret,
1896 1816 2304 1901 Pythagoras

298 1905 548 1970 dicitur.
639 1902 821 1980 Quod
876 1926 1019 1969 cum
1075 1903 1193 1968 illa
1248 1903 1534 1987 fecisset,
1596 1904 1907 1970 tarditate
1968 1905 2305 1971 modorum

299 1998 365 2058 et
430 1993 754 2079 gravitate
818 1993 1106 2058 canentis
1170 1993 1431 2056 illorum
1495 1993 1816 2058 furentem
1880 1994 2307 2079 petulantiam

220 2100 274 2139 20
301 2080 682 2146 consedisse.
733 2117 808 2127 -
858 2081 1188 2164 Auyustin.
1233 2102 1280 2145 c.
1326 2081 1561 2146 Iulian.
1608 2081 1734 2147 Pel.
1793 2083 1855 2147 V
1888 2086 1945 2146 5.
1988 2088 2077 2148 23
2125 2084 2195 2147 T.
2241 2083 2312 2146 X

290 2189 358 2250 p.
403 2173 537 2233 422
579 2169 650 2232 F
685 2168 845 2233 Ben.
890 2190 949 2233 a.
993 2174 1161 2233 1700
1203 2170 1486 2235 Erexisti
1526 2172 1656 2235 eius
1701 2170 2169 2251 &ulcherrimae
2206 2173 2316 2252 fa-

301 2256 534 2338 mulae)
592 2292 668 2303 —
719 2257 1227 2338 yloriosissimum
1284 2258 1530 2322 titulum
1588 2278 2089 2340 commemorans,
2149 2259 2313 2340 quod

301 2346 372 2408 in
415 2344 783 2425 expositione
835 2346 1226 2410 consiliorum
1276 2367 1530 2411 suorum
1577 2346 1821 2411 Tullius
1852 2348 2087 2427 posuit,
2141 2349 2306 2428 quia,

302 2453 447 2497 cum
475 2430 790 2496 vinolenti
817 2432 1255 2499 adulescentes
1286 2470 1369 2479 —
1389 2471 1475 2480 —-
1506 2434 1829 2518 gravitate
1865 2438 2092 2498 cantus
2129 2439 2305 2519 petu-

220 2539 272 2579 25
299 2520 575 2585 lantiam
630 2520 959 2585 resedisse.
1020 2557 1091 2567 -
1165 2522 1433 2587 Vincent.
1486 2522 1718 2587 Bellov.
1772 2521 1937 2603 Spec.
1993 2522 2129 2588 hist.
2185 2523 2309 2586 III

298 2614 389 2675 24
442 2629 531 2674 ex.
590 2608 660 2672 T.
705 2608 814 2673 IV
852 2630 921 2691 p.
975 2614 1058 2675 95
1110 2612 1196 2675 ed.
1251 2609 1452 2675 Duae.
1505 2614 1676 2676 1624
1733 2611 1977 2675 Tullius
2032 2611 2184 2676 libro
2239 2613 2309 2675 de

296 2698 603 2763 consiliis:
672 2697 1262 2763 Tauromenitanum
1317 2700 1589 2764 iuvenem
1643 2699 1894 2764 libidine
1943 2700 2309 2782 flayrantem

297 2806 436 2851 cum
488 2787 760 2851 audisset
810 2785 1197 2869 Pythayoras
1258 2789 1345 2852 ad
1402 2789 1625 2852 ostium
1685 2789 1920 2853 amicae
1981 2791 2310 2854 meretricis

298 2875 594 2953 insanire,
639 2875 822 2939 iussit
842 2875 1146 2957 psalteria
1180 2876 1305 2940 tria
1341 2896 1553 2940 canere
1584 2896 1703 2958 per
1745 2877 2075 2958 spondeum
2119 2882 2177 2941 et
2218 2879 2309 2941 ita

217 2978 270 3019 ³0
298 2984 437 3027 eum
482 2965 568 3028 ad
607 2982 832 3028 sanam
874 2969 1132 3028 mentem
1175 2967 1488 3029 revocavit.

431 3053 491 3116 4.
545 3049 795 3118 Charis.
848 3051 900 3116 I
937 3073 1004 3133 p.
1048 3057 1189 3117 146.
1234 3058 1318 3117 31
1370 3054 1455 3117 Κ.
1512 3052 2047 3135 ‘Vectiyaliorum'
2104 3052 2306 3119 Oicero

295 3141 385 3204 ad
413 3138 725 3217 Atticum;
770 3145 841 3204 at
872 3142 1034 3205 enim
1069 3143 1140 3205 in
1173 3143 1413 3206 ratione
1456 3143 1849 3206 consiliorum
1892 3161 2160 3223 suorum,
2206 3145 2311 3207 sed

295 3232 355 3292 et
404 3229 478 3292 de
532 3229 651 3311 leye
707 3229 965 3311 ayraria
1028 3228 1460 3315 vectigalium.
1551 3227 1668 3311 (V.
1721 3249 1916 3311 supra
1969 3229 2039 3293 E
2087 3230 2308 3313 XVI.)

429 3317 540 3382 Ad
569 3316 731 3381 hunc
766 3317 992 3382 librum
1026 3318 1207 3382 multi
1239 3318 1514 3398 referunt
1544 3319 1746 3399 etiam,
1791 3338 1945 3398 quae
1981 3311 2307 3384 ἀνέκδοτα

211 3422 266 3463 35
293 3404 588 3558 {cIuntur
630 3406 718 3469 ad
755 3405 887 3469 Att.
930 3405 1024 3470 II
1059 3410 1117 3471 6.
1160 3409 1226 3485 2,
1274 3411 1333 3470 et
1375 3406 1598 3471 librum
1642 3400 2007 3472 ἀνέκδοτον
2050 3408 2138 3472 ad
2177 3408 2304 3473 Att.

1881 3687 1987 3740 22*
