<?xml version="1.0" encoding="UTF-8"?>
<!DOCTYPE html PUBLIC "-//W3C//DTD XHTML 1.0 Transitional//EN"
    "http://www.w3.org/TR/xhtml1/DTD/xhtml1-transitional.dtd">
<html xmlns="http://www.w3.org/1999/xhtml" xml:lang="en" lang="en">
 <head>
  <title>
</title>
<meta http-equiv="Content-Type" content="text/html;charset=utf-8" />
  <meta name='ocr-system' content='tesseract 3.04.00' />
  <meta name='ocr-capabilities' content='ocr_page ocr_carea ocr_par ocr_line ocrx_word'/>
</head>
<body>
  <div class='ocr_page' id='page_1' title='image "./scriptaquaemans01cicegoog_0437.png"; bbox 0 0 2630 3913; ppageno 0'>
   <div class='ocr_carea' id='block_1_1' title="bbox 741 209 2292 275">
    <p class='ocr_par' dir='ltr' id='par_1_1' title="bbox 741 209 2292 275">
     <span class='ocr_line' id='line_1_1' title="bbox 741 209 2292 275; baseline 0.008 -11"><span class='ocrx_word' id='word_1_1' title='bbox 741 209 1165 266; x_wconf 81' lang='lat' dir='ltr'><strong>POEMATUM.</strong></span> <span class='ocrx_word' id='word_1_2' title='bbox 1202 211 1270 266; x_wconf 87' lang='lat' dir='ltr'><em>H.</em></span> <span class='ocrx_word' id='word_1_3' title='bbox 1308 211 1388 264; x_wconf 81' lang='lat' dir='ltr'><em>IV</em></span> <span class='ocrx_word' id='word_1_4' title='bbox 1423 227 1458 264; x_wconf 85' lang='lat' dir='ltr'>a</span> <span class='ocrx_word' id='word_1_5' title='bbox 1494 229 1545 264; x_wconf 88' lang='lat' dir='ltr'><em>v.</em></span> <span class='ocrx_word' id='word_1_6' title='bbox 1585 217 1844 267; x_wconf 80' lang='lat'><em>64—129.</em></span> <span class='ocrx_word' id='word_1_7' title='bbox 2163 210 2292 275; x_wconf 85' lang='lat'><em>363</em></span> 
     </span>
    </p>
   </div>
   <div class='ocr_carea' id='block_1_2' title="bbox 215 371 2303 3275">
    <p class='ocr_par' dir='ltr' id='par_1_2' title="bbox 285 371 2292 617">
     <span class='ocr_line' id='line_1_2' title="bbox 285 371 2292 459; baseline -0.002 -19"><span class='ocrx_word' id='word_1_8' title='bbox 285 375 470 451; x_wconf 81' lang='lat' dir='ltr'><em>Quod</em></span> <span class='ocrx_word' id='word_1_9' title='bbox 517 374 704 459; x_wconf 83' lang='lat' dir='ltr'><em>quasi</em></span> <span class='ocrx_word' id='word_1_10' title='bbox 745 373 990 439; x_wconf 86' lang='lat' dir='ltr'><em>temoni</em></span> <span class='ocrx_word' id='word_1_11' title='bbox 1036 372 1405 438; x_wconf 85' lang='lat' dir='ltr'><em>adiunctam</em></span> <span class='ocrx_word' id='word_1_12' title='bbox 1450 394 1605 457; x_wconf 87' lang='lat' dir='ltr'><em>prae</em></span> <span class='ocrx_word' id='word_1_13' title='bbox 1647 395 1714 437; x_wconf 85' lang='lat' dir='ltr'><em>se</em></span> <span class='ocrx_word' id='word_1_14' title='bbox 1754 372 1966 457; x_wconf 85' lang='lat' dir='ltr'><em>quatit</em></span> <span class='ocrx_word' id='word_1_15' title='bbox 2004 371 2292 437; x_wconf 79' lang='lat' dir='ltr'><em>Arctum.</em></span> 
     </span>
     <span class='ocr_line' id='line_1_3' title="bbox 286 461 1933 546; baseline -0.003 -16"><span class='ocrx_word' id='word_1_16' title='bbox 286 464 511 530; x_wconf 81' lang='lat' dir='ltr'><em>Clarus</em></span> <span class='ocrx_word' id='word_1_17' title='bbox 554 464 675 546; x_wconf 79' lang='lat' dir='ltr'><em>hic,</em></span> <span class='ocrx_word' id='word_1_18' title='bbox 721 467 778 526; x_wconf 91' lang='lat' dir='ltr'><em>et</em></span> <span class='ocrx_word' id='word_1_19' title='bbox 820 461 1044 526; x_wconf 77' lang='lat' dir='ltr'>subter</span> <span class='ocrx_word' id='word_1_20' title='bbox 1088 461 1464 545; x_wconf 83' lang='lat' dir='ltr'><em>praecordia</em></span> <span class='ocrx_word' id='word_1_21' title='bbox 1505 461 1637 525; x_wconf 85' lang='lat' dir='ltr'><em>fixa</em></span> <span class='ocrx_word' id='word_1_22' title='bbox 1681 461 1933 525; x_wconf 85' lang='lat' dir='ltr'><em>videtur</em></span> 
     </span>
     <span class='ocr_line' id='line_1_4' title="bbox 287 549 2026 633; baseline -0.002 -16"><span class='ocrx_word' id='word_1_23' title='bbox 287 551 494 617; x_wconf 86' lang='lat' dir='ltr'><em>Stella</em></span> <span class='ocrx_word' id='word_1_24' title='bbox 539 551 785 617; x_wconf 83' lang='lat' dir='ltr'><em>micans</em></span> <span class='ocrx_word' id='word_1_25' title='bbox 831 550 1061 633; x_wconf 75' lang='lat' dir='ltr'><em>radii3‚</em></span> <span class='ocrx_word' id='word_1_26' title='bbox 1105 549 1484 613; x_wconf 81' lang='lat' dir='ltr'><em>Arcturus</em></span> <span class='ocrx_word' id='word_1_27' title='bbox 1529 549 1789 614; x_wconf 88' lang='lat' dir='ltr'><em>nomine</em></span> <span class='ocrx_word' id='word_1_28' title='bbox 1835 549 2026 615; x_wconf 76' lang='lat' dir='ltr'><em>claro,</em></span> 
     </span>
    </p>

    <p class='ocr_par' dir='ltr' id='par_1_3' title="bbox 287 635 2292 985">
     <span class='ocr_line' id='line_1_5' title="bbox 373 635 2292 722; baseline -0.003 -16"><span class='ocrx_word' id='word_1_29' title='bbox 373 641 503 706; x_wconf 86' lang='lat' dir='ltr'><em>Hic</em></span> <span class='ocrx_word' id='word_1_30' title='bbox 545 660 608 705; x_wconf 91' lang='lat' dir='ltr'><em>se</em></span> <span class='ocrx_word' id='word_1_31' title='bbox 652 638 770 703; x_wconf 85' lang='lat' dir='ltr'><em>sub</em></span> <span class='ocrx_word' id='word_1_32' title='bbox 816 638 1086 722; x_wconf 87' lang='lat' dir='ltr'><em>pedibus</em></span> <span class='ocrx_word' id='word_1_33' title='bbox 1132 636 1383 721; x_wconf 86' lang='lat' dir='ltr'><em>profert</em></span> <span class='ocrx_word' id='word_1_34' title='bbox 1425 637 1614 701; x_wconf 87' lang='lat' dir='ltr'><em>finita</em></span> <span class='ocrx_word' id='word_1_35' title='bbox 1656 635 1853 701; x_wconf 89' lang='lat' dir='ltr'><em>Booti</em></span> <span class='ocrx_word' id='word_1_36' title='bbox 2191 654 2292 702; x_wconf 97' lang='grc'><em>100</em></span> 
     </span>
     <span class='ocr_line' id='line_1_6' title="bbox 289 724 2168 814; baseline -0.003 -21"><span class='ocrx_word' id='word_1_37' title='bbox 289 728 549 814; x_wconf 83' lang='lat' dir='ltr'>Spicum</span> <span class='ocrx_word' id='word_1_38' title='bbox 594 726 868 791; x_wconf 85' lang='lat' dir='ltr'><em>inlustre</em></span> <span class='ocrx_word' id='word_1_39' title='bbox 915 730 1139 790; x_wconf 85' lang='lat' dir='ltr'><em>tenens</em></span> <span class='ocrx_word' id='word_1_40' title='bbox 1186 724 1552 809; x_wconf 72' lang='lat' dir='ltr'>splendenti</span> <span class='ocrx_word' id='word_1_41' title='bbox 1597 747 1865 810; x_wconf 83' lang='lat' dir='ltr'><em>corpore</em></span> <span class='ocrx_word' id='word_1_42' title='bbox 1910 724 2168 810; x_wconf 86' lang='lat' dir='ltr'><em>Virgo.</em></span> 
     </span>
     <span class='ocr_line' id='line_1_7' title="bbox 287 814 1900 896; baseline -0.003 -14"><span class='ocrx_word' id='word_1_43' title='bbox 287 819 428 884; x_wconf 80' lang='lat' dir='ltr'><em>Sive</em></span> <span class='ocrx_word' id='word_1_44' title='bbox 470 818 570 880; x_wconf 87' lang='lat' dir='ltr'><em>illi</em></span> <span class='ocrx_word' id='word_1_45' title='bbox 612 816 913 880; x_wconf 78' lang='lat' dir='ltr'><em>Astraeus</em></span> <span class='ocrx_word' id='word_1_46' title='bbox 946 820 1129 896; x_wconf 77' lang='lat' dir='ltr'><em>pater</em></span> <span class='ocrx_word' id='word_1_47' title='bbox 1171 819 1276 896; x_wconf 83' lang='lat' dir='ltr'><em>est,</em></span> <span class='ocrx_word' id='word_1_48' title='bbox 1319 814 1427 895; x_wconf 86' lang='lat' dir='ltr'><em>qui</em></span> <span class='ocrx_word' id='word_1_49' title='bbox 1470 815 1697 878; x_wconf 81' lang='lat' dir='ltr'><em>dicitur</em></span> <span class='ocrx_word' id='word_1_50' title='bbox 1738 815 1900 879; x_wconf 86' lang='lat' dir='ltr'><em>idem</em></span> 
     </span>
     <span class='ocr_line' id='line_1_8' title="bbox 287 902 1851 985; baseline -0.004 -13"><span class='ocrx_word' id='word_1_51' title='bbox 287 905 603 973; x_wconf 74' lang='lat' dir='ltr'><em>Sideribus</em></span> <span class='ocrx_word' id='word_1_52' title='bbox 645 905 947 985; x_wconf 76' lang='lat' dir='ltr'><em>stellisque</em></span> <span class='ocrx_word' id='word_1_53' title='bbox 978 907 1187 985; x_wconf 74' lang='lat' dir='ltr'><em>pater,</em></span> <span class='ocrx_word' id='word_1_54' title='bbox 1229 921 1336 966; x_wconf 89' lang='lat' dir='ltr'><em>seu</em></span> <span class='ocrx_word' id='word_1_55' title='bbox 1379 902 1631 983; x_wconf 81' lang='lat' dir='ltr'><em>quilibet</em></span> <span class='ocrx_word' id='word_1_56' title='bbox 1670 903 1851 982; x_wconf 82' lang='lat' dir='ltr'><em>alter,</em></span> 
     </span>
    </p>

    <p class='ocr_par' dir='ltr' id='par_1_4' title="bbox 288 990 1872 1072">
     <span class='ocr_line' id='line_1_9' title="bbox 288 990 1872 1072; baseline -0.003 -12"><span class='ocrx_word' id='word_1_57' title='bbox 288 993 391 1061; x_wconf 81' lang='lat' dir='ltr'><em>Sit</em></span> <span class='ocrx_word' id='word_1_58' title='bbox 428 994 656 1072; x_wconf 78' lang='lat' dir='ltr'><em>faelix:</em></span> <span class='ocrx_word' id='word_1_59' title='bbox 701 1012 850 1057; x_wconf 88' lang='lat' dir='ltr'><em>sane</em></span> <span class='ocrx_word' id='word_1_60' title='bbox 890 990 1036 1054; x_wconf 78' lang='lat' dir='ltr'><em>haec</em></span> <span class='ocrx_word' id='word_1_61' title='bbox 1076 995 1380 1054; x_wconf 77' lang='lat' dir='ltr'><em>narratur</em></span> <span class='ocrx_word' id='word_1_62' title='bbox 1419 990 1638 1069; x_wconf 86' lang='lat' dir='ltr'><em>fabula</em></span> <span class='ocrx_word' id='word_1_63' title='bbox 1681 991 1872 1070; x_wconf 76' lang='lat' dir='ltr'><em>vulqO.</em></span> 
     </span>
    </p>

    <p class='ocr_par' dir='ltr' id='par_1_5' title="bbox 294 1078 2296 1250">
     <span class='ocr_line' id='line_1_10' title="bbox 302 1078 2296 1161; baseline -0.001 -16"><span class='ocrx_word' id='word_1_64' title='bbox 302 1082 564 1146; x_wconf 80' lang='lat' dir='ltr'><em>Incoluit</em></span> <span class='ocrx_word' id='word_1_65' title='bbox 604 1081 764 1145; x_wconf 89' lang='lat' dir='ltr'><em>caelo</em></span> <span class='ocrx_word' id='word_1_66' title='bbox 810 1084 1007 1144; x_wconf 82' lang='lat' dir='ltr'><em>terras</em></span> <span class='ocrx_word' id='word_1_67' title='bbox 1050 1078 1320 1143; x_wconf 87' lang='lat' dir='ltr'><em>Astraea</em></span> <span class='ocrx_word' id='word_1_68' title='bbox 1361 1078 1594 1161; x_wconf 83' lang='lat' dir='ltr'><em>relicto,</em></span> <span class='ocrx_word' id='word_1_69' title='bbox 2196 1092 2296 1143; x_wconf 82' lang='lat'><em>105</em></span> 
     </span>
     <span class='ocr_line' id='line_1_11' title="bbox 294 1167 1979 1250; baseline -0.003 -16"><span class='ocrx_word' id='word_1_70' title='bbox 294 1170 738 1250; x_wconf 77' lang='lat' dir='ltr'><em>Conventusque</em></span> <span class='ocrx_word' id='word_1_71' title='bbox 780 1168 1097 1232; x_wconf 82' lang='lat' dir='ltr'><em>hominum</em></span> <span class='ocrx_word' id='word_1_72' title='bbox 1140 1187 1265 1230; x_wconf 88' lang='lat' dir='ltr'><em>non</em></span> <span class='ocrx_word' id='word_1_73' title='bbox 1308 1167 1633 1247; x_wconf 62' lang='lat' dir='ltr'><em>dedignata</em></span> <span class='ocrx_word' id='word_1_74' title='bbox 1664 1167 1979 1248; x_wconf 76' lang='lat' dir='ltr'><em>priorum,</em></span> 
     </span>
    </p>

    <p class='ocr_par' dir='ltr' id='par_1_6' title="bbox 290 1255 1815 1337">
     <span class='ocr_line' id='line_1_12' title="bbox 290 1255 1815 1337; baseline -0.004 -14"><span class='ocrx_word' id='word_1_75' title='bbox 290 1257 415 1324; x_wconf 80' lang='lat' dir='ltr'><em>Sed</em></span> <span class='ocrx_word' id='word_1_76' title='bbox 454 1277 561 1321; x_wconf 90' lang='lat' dir='ltr'><em>nec</em></span> <span class='ocrx_word' id='word_1_77' title='bbox 600 1257 927 1336; x_wconf 82' lang='lat' dir='ltr'><em>foemineos</em></span> <span class='ocrx_word' id='word_1_78' title='bbox 969 1274 1255 1337; x_wconf 68' lang='lat' dir='ltr'><em>spernens</em></span> <span class='ocrx_word' id='word_1_79' title='bbox 1299 1255 1555 1318; x_wconf 86' lang='lat' dir='ltr'><em>invisere</em></span> <span class='ocrx_word' id='word_1_80' title='bbox 1597 1259 1815 1331; x_wconf 84' lang='lat' dir='ltr'><em>coetus,</em></span> 
     </span>
    </p>

    <p class='ocr_par' dir='ltr' id='par_1_7' title="bbox 294 1343 1777 1426">
     <span class='ocr_line' id='line_1_13' title="bbox 294 1343 1777 1426; baseline -0.003 -16"><span class='ocrx_word' id='word_1_81' title='bbox 294 1345 477 1410; x_wconf 79' lang='lat' dir='ltr'><em>Lethi</em></span> <span class='ocrx_word' id='word_1_82' title='bbox 521 1365 726 1426; x_wconf 68' lang='lat' dir='ltr'><em>expers</em></span> <span class='ocrx_word' id='word_1_83' title='bbox 764 1344 973 1426; x_wconf 79' lang='lat' dir='ltr'><em>qeneri</em></span> <span class='ocrx_word' id='word_1_84' title='bbox 1013 1343 1264 1409; x_wconf 84' lang='lat' dir='ltr'><em>mortali</em></span> <span class='ocrx_word' id='word_1_85' title='bbox 1306 1344 1494 1406; x_wconf 90' lang='lat' dir='ltr'><em>mista</em></span> <span class='ocrx_word' id='word_1_86' title='bbox 1536 1343 1777 1423; x_wconf 83' lang='lat' dir='ltr'><em>resedit,</em></span> 
     </span>
    </p>

    <p class='ocr_par' dir='ltr' id='par_1_8' title="bbox 294 1430 1911 1513">
     <span class='ocr_line' id='line_1_14' title="bbox 294 1430 1911 1513; baseline -0.001 -16"><span class='ocrx_word' id='word_1_87' title='bbox 294 1433 563 1498; x_wconf 86' lang='lat' dir='ltr'><em>Nomine</em></span> <span class='ocrx_word' id='word_1_88' title='bbox 604 1432 893 1497; x_wconf 88' lang='lat' dir='ltr'><em>Iustitiae</em></span> <span class='ocrx_word' id='word_1_89' title='bbox 929 1432 1227 1513; x_wconf 73' lang='lat' dir='ltr'><em>qaudens‚</em></span> <span class='ocrx_word' id='word_1_90' title='bbox 1270 1430 1623 1511; x_wconf 76' lang='lat' dir='ltr'><em>senibusque</em></span> <span class='ocrx_word' id='word_1_91' title='bbox 1665 1431 1911 1512; x_wconf 81' lang='lat' dir='ltr'><em>coactis,</em></span> 
     </span>
    </p>

    <p class='ocr_par' dir='ltr' id='par_1_9' title="bbox 293 1519 2299 1690">
     <span class='ocr_line' id='line_1_15' title="bbox 293 1519 2299 1603; baseline -0 -18"><span class='ocrx_word' id='word_1_92' title='bbox 293 1521 437 1587; x_wconf 81' lang='lat' dir='ltr'><em>Sive</em></span> <span class='ocrx_word' id='word_1_93' title='bbox 476 1519 612 1600; x_wconf 83' lang='lat' dir='ltr'><em>foro</em></span> <span class='ocrx_word' id='word_1_94' title='bbox 655 1521 726 1584; x_wconf 87' lang='lat' dir='ltr'><em>in</em></span> <span class='ocrx_word' id='word_1_95' title='bbox 769 1540 1017 1603; x_wconf 75' lang='lat' dir='ltr'><em>maquo,</em></span> <span class='ocrx_word' id='word_1_96' title='bbox 1059 1539 1165 1584; x_wconf 90' lang='lat' dir='ltr'><em>seu</em></span> <span class='ocrx_word' id='word_1_97' title='bbox 1209 1519 1561 1600; x_wconf 78' lang='lat' dir='ltr'><em>latipatente</em></span> <span class='ocrx_word' id='word_1_98' title='bbox 1592 1519 1831 1601; x_wconf 75' lang='lat' dir='ltr'><em>platea,</em></span> <span class='ocrx_word' id='word_1_99' title='bbox 2197 1534 2299 1584; x_wconf 88' lang='lat'><em>110</em></span> 
     </span>
     <span class='ocr_line' id='line_1_16' title="bbox 293 1607 1585 1690; baseline -0.004 -16"><span class='ocrx_word' id='word_1_100' title='bbox 293 1608 518 1676; x_wconf 81' lang='lat' dir='ltr'><em>Giviles</em></span> <span class='ocrx_word' id='word_1_101' title='bbox 548 1608 799 1690; x_wconf 75' lang='lat' dir='ltr'><em>populis</em></span> <span class='ocrx_word' id='word_1_102' title='bbox 840 1608 1109 1672; x_wconf 82' lang='lat' dir='ltr'><em>dictabat</em></span> <span class='ocrx_word' id='word_1_103' title='bbox 1147 1607 1361 1671; x_wconf 88' lang='lat' dir='ltr'><em>sedula</em></span> <span class='ocrx_word' id='word_1_104' title='bbox 1405 1607 1585 1688; x_wconf 76' lang='lat' dir='ltr'><em>leqes:</em></span> 
     </span>
    </p>

    <p class='ocr_par' dir='ltr' id='par_1_10' title="bbox 291 1694 1933 1778">
     <span class='ocr_line' id='line_1_17' title="bbox 291 1694 1933 1778; baseline -0.003 -15"><span class='ocrx_word' id='word_1_105' title='bbox 291 1698 424 1763; x_wconf 85' lang='lat' dir='ltr'><em>Nec</em></span> <span class='ocrx_word' id='word_1_106' title='bbox 465 1698 637 1761; x_wconf 88' lang='lat' dir='ltr'><em>mala</em></span> <span class='ocrx_word' id='word_1_107' title='bbox 681 1697 759 1761; x_wconf 90' lang='lat' dir='ltr'><em>lis</em></span> <span class='ocrx_word' id='word_1_108' title='bbox 798 1696 1028 1777; x_wconf 83' lang='lat' dir='ltr'><em>fuerat,</em></span> <span class='ocrx_word' id='word_1_109' title='bbox 1071 1694 1180 1759; x_wconf 87' lang='lat' dir='ltr'><em>nec</em></span> <span class='ocrx_word' id='word_1_110' title='bbox 1222 1696 1370 1759; x_wconf 89' lang='lat' dir='ltr'><em>dum</em></span> <span class='ocrx_word' id='word_1_111' title='bbox 1413 1695 1719 1759; x_wconf 79' lang='lat' dir='ltr'><em>discordia</em></span> <span class='ocrx_word' id='word_1_112' title='bbox 1760 1699 1933 1778; x_wconf 86' lang='lat' dir='ltr'><em>nota,</em></span> 
     </span>
    </p>

    <p class='ocr_par' dir='ltr' id='par_1_11' title="bbox 292 1783 1718 1865">
     <span class='ocr_line' id='line_1_18' title="bbox 292 1783 1718 1865; baseline -0.002 -14"><span class='ocrx_word' id='word_1_113' title='bbox 292 1786 424 1851; x_wconf 87' lang='lat' dir='ltr'><em>Nec</em></span> <span class='ocrx_word' id='word_1_114' title='bbox 464 1786 602 1864; x_wconf 86' lang='lat' dir='ltr'><em>fera</em></span> <span class='ocrx_word' id='word_1_115' title='bbox 644 1785 859 1850; x_wconf 89' lang='lat' dir='ltr'><em>seditio</em></span> <span class='ocrx_word' id='word_1_116' title='bbox 900 1784 1180 1864; x_wconf 84' lang='lat' dir='ltr'><em>furiarat</em></span> <span class='ocrx_word' id='word_1_117' title='bbox 1220 1783 1439 1847; x_wconf 84' lang='lat' dir='ltr'><em>mobile</em></span> <span class='ocrx_word' id='word_1_118' title='bbox 1478 1783 1718 1865; x_wconf 71' lang='lat' dir='ltr'><em>vulqus&#39;,</em></span> 
     </span>
    </p>

    <p class='ocr_par' dir='ltr' id='par_1_12' title="bbox 293 1871 1990 1953">
     <span class='ocr_line' id='line_1_19' title="bbox 293 1871 1990 1953; baseline -0.003 -13"><span class='ocrx_word' id='word_1_119' title='bbox 293 1874 493 1940; x_wconf 83' lang='lat' dir='ltr'><em>Saeva</em></span> <span class='ocrx_word' id='word_1_120' title='bbox 535 1894 642 1937; x_wconf 84' lang='lat' dir='ltr'><em>nee</em></span> <span class='ocrx_word' id='word_1_121' title='bbox 684 1874 944 1938; x_wconf 88' lang='lat' dir='ltr'><em>audaces</em></span> <span class='ocrx_word' id='word_1_122' title='bbox 983 1871 1238 1952; x_wconf 83' lang='lat' dir='ltr'><em>fuerant</em></span> <span class='ocrx_word' id='word_1_123' title='bbox 1276 1871 1441 1952; x_wconf 83' lang='lat' dir='ltr'><em>freta</em></span> <span class='ocrx_word' id='word_1_124' title='bbox 1474 1891 1666 1953; x_wconf 73' lang='lat' dir='ltr'><em>passa</em></span> <span class='ocrx_word' id='word_1_125' title='bbox 1710 1872 1990 1937; x_wconf 66' lang='lat' dir='ltr'><em>carinas:</em></span> 
     </span>
    </p>

    <p class='ocr_par' dir='ltr' id='par_1_13' title="bbox 294 1962 2303 2114">
     <span class='ocr_line' id='line_1_20' title="bbox 294 1962 2303 2039; baseline -0.001 -12"><span class='ocrx_word' id='word_1_126' title='bbox 294 1962 417 2028; x_wconf 83' lang='lat' dir='ltr'><em>Sed</em></span> <span class='ocrx_word' id='word_1_127' title='bbox 459 1963 647 2027; x_wconf 80' lang='lat' dir='ltr'><em>bubus</em></span> <span class='ocrx_word' id='word_1_128' title='bbox 691 1967 880 2026; x_wconf 83' lang='lat' dir='ltr'><em>tracto</em></span> <span class='ocrx_word' id='word_1_129' title='bbox 923 1962 1224 2026; x_wconf 80' lang='lat' dir='ltr'><em>sulcantes</em></span> <span class='ocrx_word' id='word_1_130' title='bbox 1268 1981 1500 2025; x_wconf 87' lang='lat' dir='ltr'><em>vomere</em></span> <span class='ocrx_word' id='word_1_131' title='bbox 1546 1966 1762 2039; x_wconf 86' lang='lat' dir='ltr'><em>terras,</em></span> <span class='ocrx_word' id='word_1_132' title='bbox 2200 1976 2303 2025; x_wconf 77' lang='lat'><em>115</em></span> 
     </span>
     <span class='ocr_line' id='line_1_21' title="bbox 294 2048 1668 2114; baseline -0.001 -1"><span class='ocrx_word' id='word_1_133' title='bbox 294 2050 630 2113; x_wconf 85' lang='lat' dir='ltr'><em>Malebant</em></span> <span class='ocrx_word' id='word_1_134' title='bbox 671 2049 853 2113; x_wconf 88' lang='lat' dir='ltr'><em>tenui</em></span> <span class='ocrx_word' id='word_1_135' title='bbox 898 2048 1184 2114; x_wconf 73' lang='lat' dir='ltr'><em>contenti</em></span> <span class='ocrx_word' id='word_1_136' title='bbox 1229 2048 1443 2113; x_wconf 85' lang='lat' dir='ltr'><em>vivere</em></span> <span class='ocrx_word' id='word_1_137' title='bbox 1491 2050 1668 2112; x_wconf 85' lang='lat' dir='ltr'><em>cultu</em></span> 
     </span>
    </p>

    <p class='ocr_par' dir='ltr' id='par_1_14' title="bbox 296 2137 1773 2219">
     <span class='ocr_line' id='line_1_22' title="bbox 296 2137 1773 2219; baseline -0.003 -15"><span class='ocrx_word' id='word_1_138' title='bbox 296 2138 651 2219; x_wconf 77' lang='lat' dir='ltr'><em>Sufficiente</em></span> <span class='ocrx_word' id='word_1_139' title='bbox 677 2137 833 2208; x_wconf 87' lang='lat' dir='ltr'><em>Dea</em></span> <span class='ocrx_word' id='word_1_140' title='bbox 875 2139 1056 2202; x_wconf 86' lang='lat' dir='ltr'><em>iustis</em></span> <span class='ocrx_word' id='word_1_141' title='bbox 1093 2138 1271 2218; x_wconf 80' lang='lat' dir='ltr'><em>pleno</em></span> <span class='ocrx_word' id='word_1_142' title='bbox 1315 2137 1524 2201; x_wconf 89' lang='lat' dir='ltr'><em>omnia</em></span> <span class='ocrx_word' id='word_1_143' title='bbox 1567 2157 1773 2201; x_wconf 88' lang='lat' dir='ltr'><em>cornu.</em></span> 
     </span>
    </p>

    <p class='ocr_par' dir='ltr' id='par_1_15' title="bbox 297 2225 2238 2396">
     <span class='ocr_line' id='line_1_23' title="bbox 298 2225 2238 2308; baseline -0.001 -18"><span class='ocrx_word' id='word_1_144' title='bbox 298 2225 474 2290; x_wconf 85' lang='lat' dir='ltr'><em>Haec</em></span> <span class='ocrx_word' id='word_1_145' title='bbox 515 2231 743 2308; x_wconf 86' lang='lat' dir='ltr'><em>manet,</em></span> <span class='ocrx_word' id='word_1_146' title='bbox 786 2228 857 2288; x_wconf 86' lang='lat' dir='ltr'><em>in</em></span> <span class='ocrx_word' id='word_1_147' title='bbox 900 2226 1128 2290; x_wconf 89' lang='lat' dir='ltr'><em>sanetis</em></span> <span class='ocrx_word' id='word_1_148' title='bbox 1162 2226 1310 2288; x_wconf 90' lang='lat' dir='ltr'><em>dum</em></span> <span class='ocrx_word' id='word_1_149' title='bbox 1349 2243 1498 2306; x_wconf 73' lang='lat' dir='ltr'><em>qens</em></span> <span class='ocrx_word' id='word_1_150' title='bbox 1540 2229 1750 2287; x_wconf 88' lang='lat' dir='ltr'><em>manet</em></span> <span class='ocrx_word' id='word_1_151' title='bbox 1788 2245 1980 2289; x_wconf 90' lang='lat' dir='ltr'><em>aurea</em></span> <span class='ocrx_word' id='word_1_152' title='bbox 2027 2226 2238 2290; x_wconf 87' lang='lat' dir='ltr'><em>terris:</em></span> 
     </span>
     <span class='ocr_line' id='line_1_24' title="bbox 297 2313 1804 2396; baseline -0.004 -16"><span class='ocrx_word' id='word_1_153' title='bbox 297 2313 421 2380; x_wconf 85' lang='lat' dir='ltr'><em>Sed</em></span> <span class='ocrx_word' id='word_1_154' title='bbox 460 2334 584 2377; x_wconf 90' lang='lat' dir='ltr'><em>non</em></span> <span class='ocrx_word' id='word_1_155' title='bbox 627 2314 863 2396; x_wconf 74' lang='lat' dir='ltr'><em>arqenti</em></span> <span class='ocrx_word' id='word_1_156' title='bbox 905 2315 1095 2377; x_wconf 86' lang='lat' dir='ltr'><em>nimis</em></span> <span class='ocrx_word' id='word_1_157' title='bbox 1138 2317 1227 2377; x_wconf 92' lang='lat' dir='ltr'><em>est</em></span> <span class='ocrx_word' id='word_1_158' title='bbox 1269 2313 1495 2377; x_wconf 89' lang='lat' dir='ltr'><em>laetata</em></span> <span class='ocrx_word' id='word_1_159' title='bbox 1536 2313 1804 2389; x_wconf 90' lang='lat' dir='ltr'><em>metallo,</em></span> 
     </span>
    </p>

    <p class='ocr_par' dir='ltr' id='par_1_16' title="bbox 296 2401 2302 2571">
     <span class='ocr_line' id='line_1_25' title="bbox 296 2401 2302 2483; baseline -0 -17"><span class='ocrx_word' id='word_1_160' title='bbox 296 2402 582 2466; x_wconf 82' lang='lat' dir='ltr'><em>Moribus</em></span> <span class='ocrx_word' id='word_1_161' title='bbox 622 2407 692 2466; x_wconf 90' lang='lat' dir='ltr'><em>at</em></span> <span class='ocrx_word' id='word_1_162' title='bbox 730 2402 919 2467; x_wconf 87' lang='lat' dir='ltr'><em>versis</em></span> <span class='ocrx_word' id='word_1_163' title='bbox 950 2403 1134 2482; x_wconf 77' lang='lat' dir='ltr'><em>prior</em></span> <span class='ocrx_word' id='word_1_164' title='bbox 1175 2405 1265 2465; x_wconf 87' lang='lat' dir='ltr'><em>est</em></span> <span class='ocrx_word' id='word_1_165' title='bbox 1303 2419 1533 2482; x_wconf 89' lang='lat' dir='ltr'><em>quoque</em></span> <span class='ocrx_word' id='word_1_166' title='bbox 1574 2420 1748 2464; x_wconf 86' lang='lat' dir='ltr'><em>versa</em></span> <span class='ocrx_word' id='word_1_167' title='bbox 1791 2401 2096 2483; x_wconf 88' lang='lat' dir='ltr'><em>voluntas,</em></span> <span class='ocrx_word' id='word_1_168' title='bbox 2203 2417 2302 2465; x_wconf 81' lang='lat'><em>120</em></span> 
     </span>
     <span class='ocr_line' id='line_1_26' title="bbox 296 2489 1772 2571; baseline -0.002 -18"><span class='ocrx_word' id='word_1_169' title='bbox 296 2490 591 2571; x_wconf 86' lang='lat' dir='ltr'><em>Raraque</em></span> <span class='ocrx_word' id='word_1_170' title='bbox 623 2491 823 2571; x_wconf 75' lang='lat' dir='ltr'><em>peiori</em></span> <span class='ocrx_word' id='word_1_171' title='bbox 864 2490 1073 2554; x_wconf 67' lang='lat' dir='ltr'><em>iunxit</em></span> <span class='ocrx_word' id='word_1_172' title='bbox 1112 2509 1231 2553; x_wconf 88' lang='lat' dir='ltr'><em>sua</em></span> <span class='ocrx_word' id='word_1_173' title='bbox 1272 2490 1538 2551; x_wconf 87' lang='lat' dir='ltr'><em>numina</em></span> <span class='ocrx_word' id='word_1_174' title='bbox 1575 2489 1772 2570; x_wconf 75' lang='lat' dir='ltr'><em>yenti:</em></span> 
     </span>
    </p>

    <p class='ocr_par' dir='ltr' id='par_1_17' title="bbox 295 2576 1897 2659">
     <span class='ocr_line' id='line_1_27' title="bbox 295 2576 1897 2659; baseline -0.002 -16"><span class='ocrx_word' id='word_1_175' title='bbox 295 2577 451 2644; x_wconf 83' lang='lat' dir='ltr'><em>Sola</em></span> <span class='ocrx_word' id='word_1_176' title='bbox 492 2579 599 2642; x_wconf 92' lang='lat' dir='ltr'><em>sed</em></span> <span class='ocrx_word' id='word_1_177' title='bbox 638 2598 714 2642; x_wconf 80' lang='lat' dir='ltr'><em>ex</em></span> <span class='ocrx_word' id='word_1_178' title='bbox 756 2579 963 2641; x_wconf 89' lang='lat' dir='ltr'><em>raucis</em></span> <span class='ocrx_word' id='word_1_179' title='bbox 1004 2578 1357 2641; x_wconf 87' lang='lat' dir='ltr'><em>descendens</em></span> <span class='ocrx_word' id='word_1_180' title='bbox 1399 2577 1703 2641; x_wconf 77' lang='lat' dir='ltr'><em>montibus</em></span> <span class='ocrx_word' id='word_1_181' title='bbox 1746 2576 1897 2659; x_wconf 88' lang='lat' dir='ltr'><em>ibat,</em></span> 
     </span>
    </p>

    <p class='ocr_par' dir='ltr' id='par_1_18' title="bbox 297 2665 1810 2746">
     <span class='ocr_line' id='line_1_28' title="bbox 297 2665 1810 2746; baseline 0 -16"><span class='ocrx_word' id='word_1_182' title='bbox 297 2666 426 2731; x_wconf 87' lang='lat' dir='ltr'><em>Sub</em></span> <span class='ocrx_word' id='word_1_183' title='bbox 469 2671 698 2730; x_wconf 84' lang='lat' dir='ltr'><em>noctem</em></span> <span class='ocrx_word' id='word_1_184' title='bbox 741 2666 904 2729; x_wconf 87' lang='lat' dir='ltr'><em>nulli</em></span> <span class='ocrx_word' id='word_1_185' title='bbox 947 2667 1165 2729; x_wconf 88' lang='lat' dir='ltr'><em>teneris</em></span> <span class='ocrx_word' id='word_1_186' title='bbox 1210 2665 1487 2729; x_wconf 89' lang='lat' dir='ltr'><em>blandita</em></span> <span class='ocrx_word' id='word_1_187' title='bbox 1531 2665 1810 2746; x_wconf 89' lang='lat' dir='ltr'><em>loquelis,·</em></span> 
     </span>
    </p>

    <p class='ocr_par' dir='ltr' id='par_1_19' title="bbox 296 2753 2301 3011">
     <span class='ocr_line' id='line_1_29' title="bbox 296 2753 2087 2854; baseline -0.001 -34"><span class='ocrx_word' id='word_1_188' title='bbox 296 2754 421 2820; x_wconf 83' lang='lat' dir='ltr'><em>Sed</em></span> <span class='ocrx_word' id='word_1_189' title='bbox 461 2754 648 2818; x_wconf 89' lang='lat' dir='ltr'><em>simul</em></span> <span class='ocrx_word' id='word_1_190' title='bbox 690 2773 765 2817; x_wconf 88' lang='lat' dir='ltr'><em>ae</em></span> <span class='ocrx_word' id='word_1_191' title='bbox 806 2774 1066 2854; x_wconf 72' lang='lat' dir='ltr'><em>maynas</em></span> <span class='ocrx_word' id='word_1_192' title='bbox 1108 2753 1424 2818; x_wconf 81' lang='lat' dir='ltr'><em>hominum</em></span> <span class='ocrx_word' id='word_1_193' title='bbox 1467 2754 1721 2818; x_wconf 85' lang='lat' dir='ltr'><em>venisset</em></span> <span class='ocrx_word' id='word_1_194' title='bbox 1761 2755 1847 2818; x_wconf 92' lang='lat' dir='ltr'><em>ad</em></span> <span class='ocrx_word' id='word_1_195' title='bbox 1885 2754 2087 2836; x_wconf 89' lang='lat' dir='ltr'><em>urbes,</em></span> 
     </span>
     <span class='ocr_line' id='line_1_30' title="bbox 297 2841 2301 2923; baseline -0.001 -18"><span class='ocrx_word' id='word_1_196' title='bbox 297 2842 592 2923; x_wconf 65' lang='lat' dir='ltr'><em>Improba</em></span> <span class='ocrx_word' id='word_1_197' title='bbox 638 2842 917 2922; x_wconf 74' lang='lat' dir='ltr'><em>terrificis</em></span> <span class='ocrx_word' id='word_1_198' title='bbox 960 2842 1049 2906; x_wconf 87' lang='lat' dir='ltr'><em>sie</em></span> <span class='ocrx_word' id='word_1_199' title='bbox 1091 2841 1224 2905; x_wconf 89' lang='lat' dir='ltr'><em>ulta</em></span> <span class='ocrx_word' id='word_1_200' title='bbox 1267 2845 1357 2904; x_wconf 90' lang='lat' dir='ltr'><em>est</em></span> <span class='ocrx_word' id='word_1_201' title='bbox 1398 2842 1663 2904; x_wconf 83' lang='lat' dir='ltr'><em>crimina</em></span> <span class='ocrx_word' id='word_1_202' title='bbox 1705 2841 1930 2905; x_wconf 83' lang='lat' dir='ltr'><em>verbis:</em></span> <span class='ocrx_word' id='word_1_203' title='bbox 2202 2856 2301 2904; x_wconf 83' lang='lat'><em>125</em></span> 
     </span>
     <span class='ocr_line' id='line_1_31' title="bbox 299 2929 2057 3030; baseline -0.001 -37"><span class='ocrx_word' id='word_1_204' title='bbox 299 2930 448 2993; x_wconf 87' lang='lat' dir='ltr'><em>Non</em></span> <span class='ocrx_word' id='word_1_205' title='bbox 490 2950 593 3011; x_wconf 76' lang='lat' dir='ltr'><em>eqo</em></span> <span class='ocrx_word' id='word_1_206' title='bbox 638 2950 733 2992; x_wconf 87' lang='lat' dir='ltr'><em>me</em></span> <span class='ocrx_word' id='word_1_207' title='bbox 775 2930 995 3030; x_wconf 75' lang='lat' dir='ltr'><em>diqnor</em></span> <span class='ocrx_word' id='word_1_208' title='bbox 1030 2929 1281 3011; x_wconf 77' lang='lat' dir='ltr'><em>posthae</em></span> <span class='ocrx_word' id='word_1_209' title='bbox 1326 2933 1665 2993; x_wconf 84' lang='lat' dir='ltr'><em>monstrare</em></span> <span class='ocrx_word' id='word_1_210' title='bbox 1706 2930 2057 3011; x_wconf 84' lang='lat' dir='ltr'><em>videndam,</em></span> 
     </span>
    </p>

    <p class='ocr_par' dir='ltr' id='par_1_20' title="bbox 215 3017 1873 3100">
     <span class='ocr_line' id='line_1_32' title="bbox 215 3017 1873 3100; baseline -0.002 -17"><span class='ocrx_word' id='word_1_211' title='bbox 215 3064 223 3068; x_wconf 95' lang='lat'>-</span> <span class='ocrx_word' id='word_1_212' title='bbox 297 3017 573 3100; x_wconf 80' lang='lat' dir='ltr'><em>Deqener</em></span> <span class='ocrx_word' id='word_1_213' title='bbox 617 3038 651 3082; x_wconf 95' lang='lat' dir='ltr'><em>o</em></span> <span class='ocrx_word' id='word_1_214' title='bbox 684 3018 931 3098; x_wconf 76' lang='lat' dir='ltr'><em>primae</em></span> <span class='ocrx_word' id='word_1_215' title='bbox 966 3017 1169 3098; x_wconf 75' lang='lat' dir='ltr'><em>proles</em></span> <span class='ocrx_word' id='word_1_216' title='bbox 1210 3037 1376 3080; x_wconf 84' lang='lat' dir='ltr'><em>nune</em></span> <span class='ocrx_word' id='word_1_217' title='bbox 1419 3017 1614 3080; x_wconf 89' lang='lat' dir='ltr'><em>altera</em></span> <span class='ocrx_word' id='word_1_218' title='bbox 1646 3017 1873 3098; x_wconf 77' lang='lat' dir='ltr'><em>prolis,</em></span> 
     </span>
    </p>

    <p class='ocr_par' dir='ltr' id='par_1_21' title="bbox 297 3104 2031 3187">
     <span class='ocr_line' id='line_1_33' title="bbox 297 3104 2031 3187; baseline 0 -17"><span class='ocrx_word' id='word_1_219' title='bbox 297 3105 635 3187; x_wconf 79' lang='lat' dir='ltr'><em>Deyeneres</em></span> <span class='ocrx_word' id='word_1_220' title='bbox 679 3106 1012 3186; x_wconf 81' lang='lat' dir='ltr'><em>iterumque</em></span> <span class='ocrx_word' id='word_1_221' title='bbox 1053 3106 1390 3186; x_wconf 89' lang='lat' dir='ltr'><em>iterumque</em></span> <span class='ocrx_word' id='word_1_222' title='bbox 1431 3104 1721 3169; x_wconf 78' lang='lat' dir='ltr'><em>habitura</em></span> <span class='ocrx_word' id='word_1_223' title='bbox 1761 3111 2031 3187; x_wconf 77' lang='lat' dir='ltr'><em>nepotes:</em></span> 
     </span>
    </p>

    <p class='ocr_par' dir='ltr' id='par_1_22' title="bbox 301 3193 2188 3275">
     <span class='ocr_line' id='line_1_34' title="bbox 301 3193 2188 3275; baseline -0.001 -18"><span class='ocrx_word' id='word_1_224' title='bbox 301 3195 477 3258; x_wconf 81' lang='lat' dir='ltr'><em>Tunc</em></span> <span class='ocrx_word' id='word_1_225' title='bbox 515 3194 654 3274; x_wconf 84' lang='lat' dir='ltr'><em>fera</em></span> <span class='ocrx_word' id='word_1_226' title='bbox 699 3194 854 3258; x_wconf 90' lang='lat' dir='ltr'><em>bella</em></span> <span class='ocrx_word' id='word_1_227' title='bbox 897 3193 1213 3257; x_wconf 79' lang='lat' dir='ltr'><em>hominum</em></span> <span class='ocrx_word' id='word_1_228' title='bbox 1250 3194 1483 3275; x_wconf 65' lang='lat' dir='ltr'><em>ymeri,</em></span> <span class='ocrx_word' id='word_1_229' title='bbox 1528 3194 1843 3275; x_wconf 89' lang='lat' dir='ltr'><em>caedesque</em></span> <span class='ocrx_word' id='word_1_230' title='bbox 1885 3194 2188 3273; x_wconf 82' lang='lat' dir='ltr'><em>nefandae</em></span> 
     </span>
    </p>
   </div>
   <div class='ocr_carea' id='block_1_3' title="bbox 299 3309 722 3318">
    <p class='ocr_par' dir='ltr' id='par_1_23' title="bbox 299 3309 722 3318">
     <span class='ocr_line' id='line_1_35' title="bbox 299 3309 722 3318; baseline 0 595"><span class='ocrx_word' id='word_1_231' title='bbox 299 3309 722 3318; x_wconf 95' lang='lat' dir='ltr'><em> </em></span> 
     </span>
    </p>
   </div>
   <div class='ocr_carea' id='block_1_4' title="bbox 296 3346 2306 3488">
    <p class='ocr_par' dir='ltr' id='par_1_24' title="bbox 296 3346 2306 3488">
     <span class='ocr_line' id='line_1_36' title="bbox 437 3346 2306 3417; baseline 0 -16"><span class='ocrx_word' id='word_1_232' title='bbox 437 3346 504 3403; x_wconf 88' lang='lat' dir='ltr'><em>V.</em></span> <span class='ocrx_word' id='word_1_233' title='bbox 544 3354 715 3416; x_wconf 76' lang='lat' dir='ltr'><em>988q.</em></span> <span class='ocrx_word' id='word_1_234' title='bbox 756 3349 862 3403; x_wconf 81' lang='lat' dir='ltr'><em>Cic.</em></span> <span class='ocrx_word' id='word_1_235' title='bbox 903 3348 977 3402; x_wconf 85' lang='lat' dir='ltr'><em>N.</em></span> <span class='ocrx_word' id='word_1_236' title='bbox 1014 3350 1090 3403; x_wconf 89' lang='lat' dir='ltr'><em>D.</em></span> <span class='ocrx_word' id='word_1_237' title='bbox 1127 3349 1207 3401; x_wconf 94' lang='lat' dir='ltr'><em>II</em></span> <span class='ocrx_word' id='word_1_238' title='bbox 1235 3353 1327 3404; x_wconf 80' lang='lat'><em>42.</em></span> <span class='ocrx_word' id='word_1_239' title='bbox 1365 3353 1487 3403; x_wconf 89' lang='lat'><em>110.</em></span> <span class='ocrx_word' id='word_1_240' title='bbox 1529 3379 1595 3387; x_wconf 92' lang='lat'><strong>—</strong></span> <span class='ocrx_word' id='word_1_241' title='bbox 1637 3355 1836 3417; x_wconf 85' lang='lat' dir='ltr'><em>loosq.</em></span> <span class='ocrx_word' id='word_1_242' title='bbox 1880 3349 2055 3403; x_wconf 82' lang='lat' dir='ltr'><em>Prisc.</em></span> <span class='ocrx_word' id='word_1_243' title='bbox 2105 3348 2306 3403; x_wconf 88' lang='lat' dir='ltr'><em>VI11.</em></span> 
     </span>
     <span class='ocr_line' id='line_1_37' title="bbox 296 3417 2304 3488; baseline -0.001 -15"><span class='ocrx_word' id='word_1_244' title='bbox 296 3424 468 3487; x_wconf 74' lang='lat'><em>631).</em></span> <span class='ocrx_word' id='word_1_245' title='bbox 506 3424 774 3486; x_wconf 80' lang='lat'><em>247.18‚</em></span> <span class='ocrx_word' id='word_1_246' title='bbox 820 3437 871 3473; x_wconf 87' lang='lat' dir='ltr'><em>v.</em></span> <span class='ocrx_word' id='word_1_247' title='bbox 913 3425 1011 3474; x_wconf 89' lang='lat'><em>101</em></span> <span class='ocrx_word' id='word_1_248' title='bbox 1056 3418 1163 3473; x_wconf 66' lang='lat' dir='ltr'><em>Cia</em></span> <span class='ocrx_word' id='word_1_249' title='bbox 1204 3419 1278 3474; x_wconf 89' lang='lat' dir='ltr'><strong><em>N</em></strong></span> <span class='ocrx_word' id='word_1_250' title='bbox 1317 3419 1391 3473; x_wconf 89' lang='lat' dir='ltr'><em>D.</em></span> <span class='ocrx_word' id='word_1_251' title='bbox 1430 3418 1801 3486; x_wconf 82' lang='lat'><em>1142.110,</em></span> <span class='ocrx_word' id='word_1_252' title='bbox 1848 3419 1994 3474; x_wconf 81' lang='lat' dir='ltr'><em>Serv.</em></span> <span class='ocrx_word' id='word_1_253' title='bbox 2038 3417 2191 3488; x_wconf 70' lang='lat' dir='ltr'><em>Verq.</em></span> <span class='ocrx_word' id='word_1_254' title='bbox 2238 3418 2304 3472; x_wconf 81' lang='lat' dir='ltr'><em>G.</em></span> 
     </span>
    </p>
   </div>
   <div class='ocr_carea' id='block_1_5' title="bbox 293 3488 2304 3616">
    <p class='ocr_par' dir='ltr' id='par_1_25' title="bbox 293 3488 2304 3616">
     <span class='ocr_line' id='line_1_38' title="bbox 293 3488 2304 3560; baseline 0 -18"><span class='ocrx_word' id='word_1_255' title='bbox 293 3489 333 3542; x_wconf 95' lang='lat'><strong><em>1</em></strong></span> <span class='ocrx_word' id='word_1_256' title='bbox 377 3494 509 3543; x_wconf 89' lang='grc'>111.·</span> <span class='ocrx_word' id='word_1_257' title='bbox 556 3488 782 3558; x_wconf 85' lang='lat' dir='ltr'><em>Spicum</em></span> <span class='ocrx_word' id='word_1_258' title='bbox 826 3489 1045 3544; x_wconf 75' lang='lat' dir='ltr'><em>illustre</em></span> <span class='ocrx_word' id='word_1_259' title='bbox 1091 3489 1272 3543; x_wconf 81' lang='lat' dir='ltr'><em>ferens</em></span> <span class='ocrx_word' id='word_1_260' title='bbox 1318 3488 1525 3558; x_wconf 86' lang='lat' dir='ltr'><em>insigm</em></span> <span class='ocrx_word' id='word_1_261' title='bbox 1574 3506 1800 3560; x_wconf 83' lang='lat' dir='ltr'><em>corpore</em></span> <span class='ocrx_word' id='word_1_262' title='bbox 1847 3489 2038 3559; x_wconf 78' lang='lat' dir='ltr'><em>Virgo,</em></span> <span class='ocrx_word' id='word_1_263' title='bbox 2085 3519 2153 3531; x_wconf 88' lang='lat'>—</span> <span class='ocrx_word' id='word_1_264' title='bbox 2204 3497 2304 3544; x_wconf 80' lang='lat'><em>116</em></span> 
     </span>
     <span class='ocr_line' id='line_1_39' title="bbox 297 3559 1146 3616; baseline 0.002 -3"><span class='ocrx_word' id='word_1_265' title='bbox 297 3559 559 3616; x_wconf 83' lang='lat' dir='ltr'><em>Lactant.</em></span> <span class='ocrx_word' id='word_1_266' title='bbox 598 3562 725 3615; x_wconf 86' lang='lat' dir='ltr'><em>inst.</em></span> <span class='ocrx_word' id='word_1_267' title='bbox 762 3562 872 3616; x_wconf 85' lang='lat' dir='ltr'><em>div.</em></span> <span class='ocrx_word' id='word_1_268' title='bbox 921 3560 974 3613; x_wconf 92' lang='lat' dir='ltr'><strong><em>V</em></strong></span> <span class='ocrx_word' id='word_1_269' title='bbox 1004 3566 1053 3616; x_wconf 88' lang='lat'><em>5.</em></span> <span class='ocrx_word' id='word_1_270' title='bbox 1093 3565 1146 3615; x_wconf 86' lang='lat'><em>5.</em></span> 
     </span>
    </p>
   </div>
  </div>
 </body>
</html>
