2630 3913
655 232 1074 286 POEMATUM.
1113 233 1180 286 Η.
1220 232 1298 286 IV
1335 250 1369 285 a
1405 252 1456 287 v.
1497 241 1792 289 687-«760.
2109 236 2233 299 381

219 396 276 460 Ε
325 395 517 459 terris
564 392 905 474 Volucres,
955 394 1173 457 existit
1221 394 1397 457 clara
1444 393 1716 480 Sagitta.

223 483 346 548 Sed
392 505 536 547 eum
585 502 652 545 se
697 481 980 544 medium
1027 481 1189 545 caeli
1233 483 1302 544 in
1348 483 1610 567 regione
1656 484 1896 547 locavit
2138 501 2238 547 ‘125

220 571 498 656 Magnus
546 568 933 652 Aquarius
982 574 1046 632 et
1091 569 1357 633 vestivit
1403 571 1645 635 lumine
1691 574 1927 654 terraS,

221 659 387 722 Turn
434 657 703 741 pedibus
753 657 945 720 simul
994 659 1060 719 et
1106 679 1338 741 supera
1383 658 1626 722 cervice
1671 659 1897 723 iubata

78 757 198 813 475
224 746 412 813 Cedit
457 746 682 828 Equus
727 744 1014 829 fugiens;
1060 749 1129 808 at
1177 749 1404 809 contra
1449 747 1854 830 signipotens
1899 770 2027 812 nox

222 834 444 899 Gauda
491 831 886 909 Centaurum
933 833 1216 897 retinens
1265 833 1347 895 ad
1394 855 1461 896 se
1509 835 1682 917 rapit
1726 835 1872 918 ipsa

221 922 358 986 Nec
395 921 569 1004 potis
609 924 709 984 est
746 925 942 1004 caput
980 924 1172 1004 atque
1209 943 1468 984 umeros
1508 921 1823 986 obducere
1862 924 2060 1005 latos;
2136 940 2237 989 730

221 1010 317 1074 At
363 1030 515 1073 vero
564 1008 883 1092 serpentis
928 1008 1190 1091 Hydrae
1236 1009 1515 1093 ealigine
1563 1031 1752 1073 caeca

223 1096 552 1162 Cervicem
600 1101 794 1179 atque
842 1097 1172 1160 oculorum
1220 1097 1513 1160 ardentia
1558 1097 1805 1161 lumina
1851 1100 2075 1182 vestit3

82 1195 202 1253 480
223 1185 410 1249 Hane
457 1188 674 1248 autem
720 1188 930 1248 totam
975 1188 1330 1267 properant
1376 1185 1693 1286 depellere
1738 1185 1973 1250 PisceS.

223 1274 439 1355 Surqit
480 1278 538 1336 et
579 1274 867 1354 Aegoceri
908 1274 1148 1336 vicinus
1192 1273 1269 1335 ab
1314 1294 1570 1353 aequore
1603 1275 1822 1356 piscis,

222 1360 415 1425 Parte
457 1361 591 1424 alia
634 1365 979 1441 eoespectans
1022 1362 1314 1424 instantis
1356 1363 1577 1426 sideris
1622 1366 1856 1425 ortum:
2136 1381 2237 1427 735

224 1450 329 1513 Sic
371 1448 609 1512 humeri
652 1449 1103 1525 Andromedae,
1148 1453 1206 1511 et
1248 1468 1387 1511 cum
1433 1449 1613 1513 lassis
1655 1451 1889 1532 inclyta
1921 1453 2158 1532 palmis

225 1536 431 1601 C'rura
477 1537 765 1617 bipartito
809 1538 1126 1617 siynorum
1172 1541 1433 1617 tempore
1475 1542 1768 1619 surgunt:

226 1624 383 1689 Cum
418 1626 699 1705 primum
732 1625 950 1705 planis
995 1624 1245 1688 Pisces
1289 1625 1564 1688 orientur
1607 1626 1684 1689 ab
1728 1627 1915 1690 undis

223 1713 642 1776 Andromedes
685 1713 930 1776 dextras
972 1712 1221 1775 dabitur
1266 1712 1377 1775 tibi
1420 1733 1656 1777 cernere
1687 1719 1925 1797 partes,

222 1801 315 1864 At
370 1801 572 1864 laevas
617 1801 839 1863 Aries
885 1801 1165 1880 linquens
1206 1800 1459 1879 inferna
1505 1802 1770 1865 locorum
2136 1819 2238 1866 740

228 1887 504 1952 Ostendit
546 1888 751 1971 terris,
795 1887 904 1951 illo
947 1888 1057 1951 sub
1104 1892 1363 1970 tempore
1403 1890 1596 1970 ferme
2096 1927 2101 1929 Α

223 1978 515 2058 Hesperii
558 1981 895 2041 servantem
938 1977 1144 2039 Aram
1188 1978 1461 2057 confinia
1492 1981 1700 2058 ponti,

222 2064 562 2145 Perseaque
604 2085 790 2145 usque
831 2064 1111 2128 humeros
1153 2065 1296 2128 an
1339 2066 1408 2128 in
1449 2072 1626 2145 parte
1668 2068 1925 2132 videbis:

223 2152 365 2216 Hoc
406 2153 660 2216 dubium
703 2159 815 2235 est,
860 2172 1162 2217 cessansve
1206 2153 1394 2216 Aries
1426 2155 1797 2233 praecordia
1840 2155 2050 2220 Persei

223 2240 536 2318 Attrahat‚
572 2261 659 2304 an
699 2241 1024 2304 Taurus:
1068 2240 1275 2303 Tauro
1310 2241 1500 2303 simul
1535 2241 1803 2304 Aethera
1840 2243 2079 2307 lustrat.
2137 2260 2239 2307 745

224 2327 349 2393 Sed
387 2348 514 2393 non
556 2330 823 2393 desinere
864 2328 1009 2392 haec
1058 2328 1265 2391 Tauro
1310 2329 1610 2391 exoriente
1642 2331 1961 2408 putarim:

225 2416 400 2480 Nam
442 2417 649 2480 vicina
691 2416 821 2480 illis
864 2417 1144 2496 Auriyae
1185 2417 1391 2480 sidera
1432 2416 1694 2497 fulyent,

226 2503 418 2583 Quem
465 2510 668 2568 tamen
711 2504 882 2567 haud
926 2508 1117 2567 totum
1161 2505 1300 2567 dias
1334 2504 1416 2567 'in
1461 2504 1717 2568 luminis
1762 2523 1904 2567 oras

227 2592 477 2656 Taurus
521 2594 679 2674 ayit,
728 2591 1008 2655 Geminis
1052 2592 1159 2655 sed
1199 2593 1364 2655 enim
1409 2593 1737 2672 completur
1779 2593 1849 2656 in
1894 2593 2064 2673 ipsis.

223 2678 348 2744 Sed
388 2681 654 2761 duplices
697 2680 897 2761 hoedi,
941 2685 999 2743 et
1041 2700 1177 2742 cum
1210 2680 1440 2760 planta
1483 2700 1673 2761 capra
1716 2680 1974 2744 sinistra
2137 2697 2240 2745 750

223 2763 383 2831 Gum
428 2769 567 2831 bove
609 2788 673 2831 se
717 2767 960 2849 tollunt,
1009 2773 1151 2831 tunc
1196 2773 1365 2850 terya
1408 2769 1714 2832 immania
1760 2768 2002 2833 Pistriae

221 2855 463 2937 Eriqit,
504 2861 565 2920 et
608 2856 760 2920 caeli
802 2856 1207 2936 splendentem
1249 2857 1322 2918 in
1363 2856 1597 2934 fornice
1641 2859 1919 2920 caudam.

226 2942 462 3007 Occidit
505 2946 633 3025 ipse
676 2945 862 3007 etiam
896 2945 1114 3024 prima
1157 2944 1287 3006 iam
1321 2949 1505 3023 parte
1548 2943 1807 3007 Bootes:

226 3030 531 3109 Quattuor
575 3031 735 3095 hunc
781 3032 904 3094 lato
948 3033 1053 3095 via·
1098 3032 1366 3095 condunt
1407 3033 1611 3094 sidem
1644 3036 1858 3111 ponto,

221 3119 545 3200 Laevaque
584 3120 939 3183 inocciduae
983 3124 1267 3183 constans
1308 3119 1681 3183 subvolvitur
1723 3139 1920 3182 ursae.
2137 3135 2238 3184 755

222 3207 424 3270 Ambo
458 3208 642 3288 pedes
685 3227 874 3287 usque
917 3208 1003 3271 ad
1038 3208 1353 3289 yeminum
1391 3226 1583 3288 yenus
1625 3205 2099 3288 Anquitenentis

222 3292 506 3360 Cedentes
550 3296 740 3375 caelo,
785 3300 962 3375 atque
1005 3296 1305 3358 immensa
1349 3294 1458 3358 sub
1502 3314 1770 3374 aequora
1814 3294 2000 3376 lapsi,

221 3380 548 3463 Suryentes
593 3384 747 3447 alibi
780 3387 1072 3464 poterunt
1113 3388 1457 3447 monstrare
1504 3382 1880 3447 Gemellos.

221 3469 370 3533 Iam
417 3471 597 3534 lateri
643 3471 882 3536 Pistrix
924 3471 1087 3534 nulli
1128 3472 1335 3534 vicina
1377 3471 1638 3551 videtur,

223 3557 381 3622 Mox
423 3560 675 3624 visenda
720 3564 941 3642 tamen,
984 3579 1121 3622 cum
1167 3560 1298 3622 iam
1342 3559 1523 3638 fluvii
1565 3559 1819 3640 aymina
1856 3560 2065 3640 prima
2134 3575 2237 3624 760
