2630 3913
378 243 503 305 258
1152 241 1599 296 FRAGMENTA

453 406 650 486 ponit,
695 407 832 487 quis
871 405 1095 485 fecerit,
1146 406 1202 469 ei
1245 407 1485 469 demum
1528 407 1721 470 videri
1752 411 1966 488 potest,
2014 408 2122 488 qui
2165 406 2385 474 oblitus

464 496 548 558 sit
588 495 794 558 minus
837 499 980 557 ante
1025 493 1164 556 XX
1203 514 1408 557 versus
1452 493 1596 558 haec
1639 495 1711 558 de
1753 515 1817 558 eo
1864 496 1995 576 ipso
2040 492 2384 560 Ciceronem

466 575 719 647 dixisse:
767 579 891 645 Sed
932 581 989 645 si
1023 580 1436 646 familiariter
1472 616 1555 627 ——
1594 603 2055 667 responsurum
2089 583 2381 668 putatis?

1152 684 1304 754 SEQ
1315 684 1602 740 UJTUR:

514 758 568 821 7.
616 755 823 834 Quid?
884 757 1055 823 idem
1098 757 1426 823 Domitius
1471 756 1557 823 M.
1603 755 1920 839 Silanum,
1976 759 2383 824 consularem
2444 781 2470 822 5

378 846 733 928 hominem,
782 867 970 930 quem
1018 847 1098 911 ad
1145 847 1406 912 modum
1451 849 1533 910 tr.
1578 847 1664 931 pl.
1710 847 2012 911 vexavit?

597 935 692 999 M.
737 934 994 1000 Silanus
1037 936 1449 1017 quinquennio
1494 941 1636 999 ante
1678 936 1889 999 consul
1928 937 2151 1014 fuerat,
2196 956 2383 1017 quam

468 1023 781 1088 Domitius
844 1028 917 1086 tr.
969 1023 1061 1104 pl.
1122 1028 1297 1106 esset,
1369 1029 1547 1105 atque
1618 1025 1745 1104 ipse
1804 1043 2035 1104 quoque
2096 1025 2385 1090 adversus

468 1110 742 1177 Gimbros
785 1132 915 1176 rem
958 1111 1118 1175 male
1154 1117 1450 1193 yesserat‚·
1506 1131 1692 1192 quam
1745 1111 1816 1175 ob
1869 1131 2120 1176 causam
2165 1111 2383 1177 Domi-

468 1202 591 1264 tius
632 1221 769 1264 eum
811 1201 982 1281 apud
1016 1200 1310 1281 populum
1346 1200 1682 1264 accusabat.
1746 1197 2212 1265 &iminabatur
2245 1221 2385 1265 eum
2418 1224 2471 1263 ιο

466 1309 595 1352 rem
637 1308 773 1353 oum
819 1286 1086 1354 Cimbris
1127 1290 1368 1352 iniussu
1401 1288 1621 1370 populi
1667 1289 1937 1370 gessisse,
1993 1289 2170 1369 idque
2201 1291 2385 1370 prin-

467 1377 696 1458 cipium
736 1376 928 1456 fuisse
969 1376 1411 1458 calamitatum,
1453 1396 1608 1458 quas
1642 1396 1707 1440 eo
1751 1376 1898 1441 bello
1924 1377 2192 1458 populus
2225 1397 2384 1442 acce-

459 1467 678 1546 pisset,·
724 1484 798 1528 ac
840 1466 913 1529 de
954 1485 1020 1528 eo
1065 1465 1349 1530 tabellam
1391 1485 1621 1546 quoque
1662 1466 1856 1540 dedu,-
1901 1466 2007 1529 sed
2030 1465 2386 1546 plenissime

467 1552 723 1617 Silanus
775 1552 1085 1618 absolutus
1138 1558 1278 1629 est,·.
1320 1574 1467 1616 nam
1529 1555 1686 1618 duae
1745 1553 1909 1617 solae
1972 1553 2165 1617 tribus
2226 1573 2383 1634 etim,

468 1640 686 1724 Serqia
728 1646 785 1705 et
831 1639 1122 1720 Quirina,
1168 1643 1629 1705 damnaverunt.
2415 1663 2469 1703 15

514 1730 571 1793 8.
627 1727 802 1794 Haec
849 1733 947 1792 est
992 1729 1431 1794 controversia
1477 1729 1612 1793 eius
1660 1730 1859 1812 modi,
1916 1732 1992 1794 ut
2047 1729 2204 1794 mihi
2236 1751 2382 1812 pro-

379 1819 548 1882 betur
593 1820 672 1881 tr.
718 1816 806 1901 pl.
853 1814 963 1882 Cn.
1013 1816 1364 1900 DomitiuS,
1412 1814 1642 1882 Catulo
1690 1817 1773 1882 M.
1821 1816 2178 1902 Terpolius.

600 1904 1190 1988 Contemptissimum
1242 1926 1461 1972 nomen
1513 1907 1758 1972 electum
1811 1926 1932 1972 esse
1983 1926 2059 1972 ex
2107 1908 2222 1988 eis,
2274 1909 2384 1990 qui

469 2000 542 2058 tr.
587 1995 677 2077 pl.
728 1994 980 2074 fuerant
1020 2000 1165 2076 post
1214 1996 1547 2076 infractam
1602 1996 1993 2059 tribuniciam
2025 2001 2377 2077 potestatem

467 2104 509 2147 a
544 2082 740 2164 Sulla,
784 2087 926 2147 ante
967 2085 1310 2148 restitutam
1353 2104 1396 2147 a
1431 2081 1541 2149 C'n.
1570 2083 1858 2166 Pompeio
1893 2089 2165 2166 apparet.
2230 2084 2375 2148 Fuit
2399 2102 2456 2143 20

469 2176 672 2235 autem
724 2173 781 2236 is
826 2176 899 2235 tr.
934 2172 1023 2254 pl.
1067 2177 1219 2237 'ante
1262 2172 1421 2236 XII
1457 2193 1654 2237 annos
1699 2172 1781 2237 D.
1828 2171 2034 2237 Bruto
2077 2176 2138 2237 et
2179 2172 2374 2236 Mam.

469 2261 698 2342 Lepido
750 2280 928 2337 coss.‚·
984 2258 1095 2327 On.
1149 2260 1466 2326 Domitius
1524 2261 1805 2325 tribunus
1854 2261 2064 2340 fuerat
2112 2265 2256 2324 ante
2300 2259 2389 2324 II

467 2351 540 2414 de
583 2348 708 2413 XL
750 2368 949 2413 annos
992 2346 1057 2415 0.
1102 2349 1317 2413 Mario
1365 2349 1411 2412 I
1407 2349 1453 2412 I
1492 2348 1558 2415 Ο.
1600 2349 1889 2413 Fimbria
1931 2368 2079 2414 coss.

512 2436 572 2503 9.
618 2435 739 2503 Cic.
779 2458 865 2501 or.
905 2441 1001 2501 70.
1037 2441 1171 2503 232
1208 2438 1521 2517 Quantum
1563 2438 1646 2502 sit
1686 2443 1824 2519 apte
1867 2438 2074 2515 dicere,
2117 2437 2385 2518 experiri

383 2526 532 2604 licet,
566 2526 624 2591 si
657 2562 730 2571 —
771 2527 1080 2606 compositi
1114 2527 1376 2590 oratoris
1411 2526 1552 2590 bene
1584 2530 1878 2590 structam
1914 2526 2383 2590 conlocationem
2414 2544 2469 2585 π

381 2614 674 2678 dissolvas
706 2615 1155 2694 permutatione
1196 2614 1542 2689 verborum,·
1589 2619 2005 2694 corrumpetur
2049 2616 2211 2678 enim
2257 2618 2386 2677 tota

382 2698 494 2783 res,
543 2706 614 2765 ut
656 2706 714 2764 et
752 2701 897 2765 haec
939 2707 1152 2766 nostra
1199 2703 1265 2765 in
1311 2701 1681 2767 Corneliana
1725 2707 1783 2765 et
1824 2703 2096 2783 deinceps
2139 2703 2383 2766 omnia:

381 2788 606 2872 Neque
661 2810 763 2853 me
819 2788 1080 2853 divitiae
1136 2793 1424 2867 movent,
1485 2790 1716 2873 quibus
1772 2811 1993 2854 omnes
2040 2789 2385 2854 Africanos

382 2881 447 2942 et
499 2876 756 2941 Laelios
812 2877 1001 2941 multi
1056 2876 1353 2942 venalicii
1408 2880 1921 2961 mercatoresque
1980 2882 2386 2963 superarunt,

388 3004 458 3011 ——
504 2987 709 3050 neque
744 2965 944 3030 vestis
982 2969 1094 3030 aut
1132 2965 1452 3030 caelatum
1490 2989 1717 3031 aurum
1754 2971 1821 3030 et
1857 2969 2215 3051 argentum,
2254 2987 2385 3050 quo
2418 2984 2477 3025 so

380 3058 642 3119 nostros
688 3057 936 3119 veteres
981 3053 1325 3119 Marcellos
1373 3054 1814 3138 Maximosque
1867 3055 2057 3118 multi
2112 3053 2390 3118 eunuchi

382 3166 414 3207 e
470 3141 656 3227 Syria
711 3142 1141 3228 Aegyptoque
1194 3143 1511 3225 vicerunt,
1575 3180 1659 3188 —-
1714 3165 1918 3226 neque
1983 3164 2134 3207 vero
2201 3164 2390 3207 orna-

382 3235 600 3296 menta
651 3231 783 3296 ista
836 3231 1165 3313 villarum,
1225 3232 1457 3315 quibus
1510 3230 1580 3296 L.
1626 3229 1901 3296 Paulum
1956 3234 2021 3294 et
2065 3230 2134 3294 L.
2180 3230 2390 3295 Mum-

381 3318 597 3402 mium,
648 3319 759 3404 qui
803 3320 993 3384 rebus
1041 3319 1133 3384 eis
1179 3321 1406 3384 urbem
1452 3318 1841 3403 Italiamque
1890 3340 2144 3384 omnem
2190 3316 2390 3383 refer-

381 3410 627 3489 serunt,
690 3407 774 3471 ab
838 3406 1056 3490 aliquo
1111 3407 1296 3472 video
1361 3408 1666 3493 perfacile
1721 3406 1987 3472 Deliaco
2053 3410 2166 3471 aut
2220 3404 2388 3491 Syro
2414 3423 2482 3466 ‘³⁵

380 3492 666 3572 potuisse
713 3494 1018 3578 superari.
1068 3530 1150 3541 -
1210 3496 1464 3576 Quintil.
1511 3495 1627 3561 IX
1666 3500 1725 3560 4.
1772 3501 1872 3577 14,
1920 3495 2083 3559 Non.
2131 3516 2191 3580 p.
2242 3499 2388 3561 188.

377 3582 483 3651 29,
530 3578 727 3644 Prisc.
772 3581 844 3644 X
884 3588 943 3645 9.
988 3586 1073 3646 49
1107 3603 1173 3664 p.
1217 3585 1359 3649 539.
1404 3587 1459 3648 5.
