2630 3913
787 220 921 276 ΜΒ.
960 221 1028 275 Π.
1106 221 1256 276 ΟΑΡ.
1296 229 1451 277 5-7.
1525 228 1556 288 5
1596 229 1816 278 16—23.
2226 220 2309 286 63

296 404 586 467 morsus,
649 382 963 469 impetus3
1025 382 1185 448 haec
1249 403 1439 470 ergo,
1501 386 1577 448 ut
1640 383 1798 469 dixi,
1860 384 2127 448 rariora.
2218 383 2309 447 At
2345 398 2413 450 20

296 493 450 537 vero
515 471 817 535 interitus
874 470 1293 554 exercituum,
1357 475 1433 536 ut
1482 472 1774 556 proxime
1826 472 2053 556 trium,
2119 493 2309 556 saepe

297 560 680 643 multorum,
744 559 958 624 clades
1012 559 1506 644 imperatorum,
1568 563 1643 625 ut
1695 581 1899 644 nuper
1954 559 2189 624 summi
2244 562 2310 623 et

297 647 651 734 singularis
707 646 858 731 viri,
911 646 1190 711 invidiae
1242 651 1580 732 praeterea
1634 648 2069 713 multitudinis
2115 649 2309 731 atque

245 751 270 792 ⁵
298 737 381 802 ob
419 757 528 805 eas
565 735 728 801 bene
765 734 1144 800 meritorum
1179 755 1374 820 saepe
1411 735 1646 800 civium
1682 736 2109 821 expulsiones,
2144 735 2309 800 cala-

298 824 586 907 mitateS,
631 822 853 908 fugae,
898 844 1247 907 rursusque
1294 823 1606 889 secundae
1651 845 1781 907 res,
1835 824 2142 901 honores,
2194 823 2308 887 im·

297 912 504 997 peria,
548 911 883 995 victoriae,
931 932 1324 996 quamquam
1367 911 1641 976 fortuita
1684 915 1862 996 sunt,
1906 917 2125 977 tamen
2171 911 2307 977 sine

296 1001 633 1065 hominum
669 999 919 1084 opibus
976 1003 1043 1063 et
1096 999 1327 1063 studiis
1381 1002 1679 1064 neutram
1727 1000 1797 1064 in
1839 1006 2095 1086 partem
2141 998 2308 1064 effici

222 1192 272 1231 ιο
296 1086 1982 1241 Ξέἓὲῃῗὶοωῗὲέἳὲἓὲἰὲοέῗῗέἓὲῗὲἓᾝ8ῗίΞέ
2029 1109 2308 1241 ἒῗὲἲὲἓὲ

300 1270 498 1347 atque
536 1263 812 1328 excitare
847 1263 1188 1348 possimus.
1260 1260 1438 1338 Quae
1473 1263 1531 1328 si
1556 1264 1815 1349 longior
1848 1263 2044 1329 fuerit
2081 1262 2308 1347 orati0,

300 1374 449 1417 cum
504 1351 942 1437 magnitudine
996 1351 1306 1417 utilitatis
1371 1355 1805 1436 comparetur;
1866 1352 1965 1416 ita
2027 1352 2306 1416 fortasse

304 1439 502 1503 etiam
548 1438 804 1505 brevior
851 1439 1191 1505 videbitur.

435 1525 881 1611 Quaecumque
933 1527 1136 1613 igitur
1197 1528 1491 1594 homines
1554 1528 1802 1593 homini
1863 1528 2163 1594 tribuunt
2227 1526 2309 1591 ad
2344 1542 2407 1591 21

229 1626 277 1692 ιβ
303 1636 446 1680 eum
492 1617 855 1702 augendum
901 1621 1095 1701 atque
1139 1616 1632 1701 honestandum‚
1676 1620 1790 1681 aut
1833 1614 2308 1682 benivolentiae

302 1703 515 1790 gratia
548 1702 814 1787 faciunt,
850 1725 994 1769 cum
1030 1704 1250 1788 aliqua
1286 1704 1363 1769 de
1390 1726 1586 1770 causa
1612 1704 1981 1790 quempiam
2010 1703 2309 1789 diligunt,

300 1796 412 1857 aut
465 1791 760 1876 honoris,
823 1792 878 1856 si
935 1792 1114 1857 cuius
1168 1793 1480 1858 virtutem
1543 1793 1928 1879 suspiciunt,
1991 1812 2308 1876 quemque

300 1880 566 1967 dignum
593 1878 858 1946 fortuna
885 1902 1080 1965 quam
1107 1881 1511 1966 amplissima
1546 1885 1800 1967 putant,
1837 1883 1951 1947 aut
1978 1880 2079 1945 cui
2114 1880 2305 1944 fidem

296 1970 543 2034 habent
588 1972 655 2033 et
699 1970 860 2034 bene
905 1970 1096 2035 rebus
1144 1970 1276 2034 suis
1323 1971 1655 2036 consulere
1711 1971 2138 2053 arbitrantur,
2195 1971 2307 2034 aut

217 2072 270 2111 20
299 2058 478 2123 cuius
527 2079 681 2142 opes
727 2061 1049 2142 metuunt,
1095 2062 1208 2123 aut
1252 2062 1508 2142 contra,
1553 2080 1593 2123 a
1639 2059 1870 2143 quibus
1918 2056 2162 2142 aliquid
2207 2078 2307 2122 ex-

299 2149 616 2230 spectant,
649 2150 724 2210 ut
760 2167 905 2211 cum
932 2166 1118 2232 reges
1144 2146 1574 2230 popularesve
1600 2146 1895 2211 homines
1924 2145 2306 2231 largitiones

299 2234 553 2317 aliquas
606 2238 1004 2318 proponunt,
1065 2237 1178 2298 aut
1236 2238 1567 2318 postremo
1622 2235 1831 2319 pretio
1890 2256 1963 2299 ac
2018 2233 2305 2299 mercede

300 2321 645 2405 ducuntur,
700 2343 862 2406 quae
917 2321 1361 2387 sordidissima
1415 2326 1514 2386 est
1558 2322 1675 2387 illa
1722 2321 1979 2406 quidem
2024 2321 2193 2386 ratio
2240 2324 2307 2385 et

298 2409 822 2494 inquinatissima
867 2413 935 2475 et
976 2410 1090 2502 iis).
1125 2410 1235 2494 qui
1280 2431 1359 2474 ea
1401 2413 1733 2503 tenentur)
1767 2414 1833 2473 et
1875 2409 2049 2496 illisy
2077 2408 2187 2492 qui
2225 2408 2306 2473 ad

219 2510 272 2552 ²⁵
301 2519 445 2563 eam
483 2498 827 2583 confugere
863 2502 1204 2582 conantur3
1240 2498 1411 2562 male
1439 2497 1610 2562 enim
1647 2518 1715 2561 se
1749 2519 1852 2562 res
1888 2495 2106 2579 habet,
2144 2516 2315 2586 cum,
2345 2510 2409 2558 22

301 2586 474 2671 quod
516 2586 758 2651 virtute
804 2585 970 2650 effici
1018 2585 1236 2670 debet,
1289 2585 1359 2651 id
1402 2588 1762 2670 temptatur
1805 2584 2093 2670 pecunia.
2182 2580 2306 2648 Sed

301 2674 607 2759 quoniam
667 2695 801 2740 non
862 2695 1215 2758 numquam
1276 2674 1401 2739 hoc
1464 2673 1823 2739 subsidium
1874 2671 2305 2738 necessarium

300 2766 427 2845 est,
493 2783 683 2845 quem
747 2762 829 2827 ad
891 2761 1152 2826 modum
1208 2761 1295 2826 sit
1350 2761 1659 2827 utendum
1714 2784 1788 2828 eo
1790 2803 1834 2852 s
1880 2761 2190 2845 dicemus,
2254 2761 2307 2825 si

298 2850 478 2935 prius
524 2849 605 2914 iis
654 2849 731 2914 de
776 2849 968 2914 rebus
963 2899 1004 2938 J
1043 2870 1206 2933 quae
1250 2849 1481 2914 virtuti
1524 2850 1860 2935 propiores
1908 2853 2087 2933 sunt,
2140 2848 2304 2914 dixe·

222 2953 273 2992 ³0
300 2938 522 3002 rimus.
614 2938 830 3022 Atque
894 2936 1092 3002 etiam
1157 2937 1483 3003 subiciunt
1546 2959 1614 3002 se
1676 2938 1970 3003 homines
2032 2936 2305 3021 imperio

299 3026 568 3092 alterius
634 3030 700 3090 et
761 3023 1077 3111 potestati
1141 3024 1218 3089 de
1282 3025 1494 3091 causis
1557 3025 1869 3110 pluribus.
1967 3024 2305 3089 Ducuntur

300 3114 471 3179 enim
529 3117 641 3179 aut
694 3113 1133 3179 benivolentia
1188 3117 1300 3178 aut
1354 3113 1809 3179 beneficiorum
1863 3111 2325 3198 magnitudine,

299 3206 413 3267 aut
450 3202 789 3288 dignitatis
826 3160 1229 3286 praestantia
1247 3204 1380 3289 ,aut
1418 3222 1531 3285 spe
1569 3200 1693 3265 sibi
1728 3201 1795 3265 id
1830 3200 1990 3265 utile
2016 3200 2306 3265 futurum
2318 3233 2336 3281 ¹,

300 3294 413 3355 aut
459 3294 670 3377 metu,
707 3312 790 3354 ne
835 3289 901 3354 vi
945 3311 1171 3374 parere
1218 3293 1563 3374 cogantur,
1617 3293 1731 3353 aut
1778 3310 1891 3373 spe
1935 3287 2306 3374 largitionis

223 3390 271 3430 ³⁵
297 3378 763 3463 promissisque
808 3377 1143 3463 capti7aut
1186 3381 1518 3462 postremo
1529 3427 1546 3460 ,
1605 3380 1679 3441 ut
1734 3398 1924 3461 saepe
1969 3376 2038 3441 in
2081 3380 2308 3442 nostra
2346 3433 2380 3495 7

298 3487 367 3531 re
394 3465 656 3551 publica
691 3465 1001 3550 videmus,
1038 3464 1328 3531 mercede
1364 3464 1677 3530 conducti.
1750 3464 2051 3530 Omnium
2091 3467 2305 3530 autem
2343 3510 2408 3558 23

299 3575 512 3619 rerum
565 3575 682 3619 nec
736 3553 950 3638 aptius
1006 3558 1106 3618 est
1161 3552 1504 3638 quicquam
1559 3552 1640 3617 ad
1694 3575 1847 3639 opes
1901 3553 2174 3619 tuendas
2233 3575 2306 3617 ac
