<?xml version="1.0" encoding="UTF-8"?>
<!DOCTYPE html PUBLIC "-//W3C//DTD XHTML 1.0 Transitional//EN"
    "http://www.w3.org/TR/xhtml1/DTD/xhtml1-transitional.dtd">
<html xmlns="http://www.w3.org/1999/xhtml" xml:lang="en" lang="en">
 <head>
  <title>
</title>
<meta http-equiv="Content-Type" content="text/html;charset=utf-8" />
  <meta name='ocr-system' content='tesseract 3.04.00' />
  <meta name='ocr-capabilities' content='ocr_page ocr_carea ocr_par ocr_line ocrx_word'/>
</head>
<body>
  <div class='ocr_page' id='page_1' title='image "./scriptaquaemans01cicegoog_0338.png"; bbox 0 0 2630 3913; ppageno 0'>
   <div class='ocr_carea' id='block_1_1' title="bbox 352 183 1575 250">
    <p class='ocr_par' dir='ltr' id='par_1_1' title="bbox 352 183 1575 250">
     <span class='ocr_line' id='line_1_1' title="bbox 352 183 1575 250; baseline -0.013 0"><span class='ocrx_word' id='word_1_1' title='bbox 352 186 483 250; x_wconf 82' lang='grc'><strong>264</strong></span> <span class='ocrx_word' id='word_1_2' title='bbox 1125 183 1575 238; x_wconf 84' lang='lat' dir='ltr'><strong>FRAGMENTA</strong></span> 
     </span>
    </p>
   </div>
   <div class='ocr_carea' id='block_1_2' title="bbox 353 344 2456 3606">
    <p class='ocr_par' dir='ltr' id='par_1_2' title="bbox 353 344 2355 609">
     <span class='ocr_line' id='line_1_2' title="bbox 489 344 2354 431; baseline -0.002 -20"><span class='ocrx_word' id='word_1_3' title='bbox 489 350 585 411; x_wconf 87' lang='lat'><strong>11.</strong></span> <span class='ocrx_word' id='word_1_4' title='bbox 633 347 823 412; x_wconf 91' lang='lat' dir='ltr'><strong>Alter</strong></span> <span class='ocrx_word' id='word_1_5' title='bbox 876 367 1104 431; x_wconf 89' lang='lat' dir='ltr'><strong>pecore</strong></span> <span class='ocrx_word' id='word_1_6' title='bbox 1158 346 1335 409; x_wconf 80' lang='lat' dir='ltr'><strong>omni</strong></span> <span class='ocrx_word' id='word_1_7' title='bbox 1387 345 1647 409; x_wconf 83' lang='lat' dir='ltr'><strong>vendito</strong></span> <span class='ocrx_word' id='word_1_8' title='bbox 1703 347 1769 407; x_wconf 93' lang='lat' dir='ltr'><strong>et</strong></span> <span class='ocrx_word' id='word_1_9' title='bbox 1824 344 2098 409; x_wconf 85' lang='lat' dir='ltr'><strong>saltibus</strong></span> <span class='ocrx_word' id='word_1_10' title='bbox 2154 366 2354 430; x_wconf 80' lang='lat' dir='ltr'><strong>prope</strong></span> 
     </span>
     <span class='ocr_line' id='line_1_3' title="bbox 354 432 2355 520; baseline -0.002 -19"><span class='ocrx_word' id='word_1_11' title='bbox 354 436 623 501; x_wconf 83' lang='lat' dir='ltr'>addictis</span> <span class='ocrx_word' id='word_1_12' title='bbox 670 439 965 520; x_wconf 87' lang='lat' dir='ltr'><strong>pastores</strong></span> <span class='ocrx_word' id='word_1_13' title='bbox 1011 434 1267 517; x_wconf 86' lang='lat' dir='ltr'><strong>retinet,</strong></span> <span class='ocrx_word' id='word_1_14' title='bbox 1312 455 1389 497; x_wconf 92' lang='lat' dir='ltr'><strong>ex</strong></span> <span class='ocrx_word' id='word_1_15' title='bbox 1436 433 1667 516; x_wconf 89' lang='lat' dir='ltr'><strong>quibus</strong></span> <span class='ocrx_word' id='word_1_16' title='bbox 1715 432 1808 495; x_wconf 87' lang='lat' dir='ltr'><strong>ait</strong></span> <span class='ocrx_word' id='word_1_17' title='bbox 1855 455 1939 517; x_wconf 89' lang='lat' dir='ltr'><strong>se,</strong></span> <span class='ocrx_word' id='word_1_18' title='bbox 1989 455 2135 497; x_wconf 92' lang='lat' dir='ltr'><strong>cum</strong></span> <span class='ocrx_word' id='word_1_19' title='bbox 2180 434 2355 518; x_wconf 85' lang='lat' dir='ltr'><strong>velit,</strong></span> 
     </span>
     <span class='ocr_line' id='line_1_4' title="bbox 353 521 1821 609; baseline -0.003 -20"><span class='ocrx_word' id='word_1_20' title='bbox 353 525 568 589; x_wconf 86' lang='lat' dir='ltr'><strong>subito</strong></span> <span class='ocrx_word' id='word_1_21' title='bbox 613 524 1038 609; x_wconf 85' lang='lat' dir='ltr'><strong>fugitivorum</strong></span> <span class='ocrx_word' id='word_1_22' title='bbox 1084 522 1330 585; x_wconf 88' lang='lat' dir='ltr'><strong>bellum</strong></span> <span class='ocrx_word' id='word_1_23' title='bbox 1376 521 1821 586; x_wconf 75' lang='lat' dir='ltr'><strong>excitaturum.</strong></span> 
     </span>
    </p>

    <p class='ocr_par' dir='ltr' id='par_1_3' title="bbox 573 612 1396 691">
     <span class='ocr_line' id='line_1_5' title="bbox 573 612 1396 691; baseline -0.005 -14"><span class='ocrx_word' id='word_1_24' title='bbox 573 613 638 677; x_wconf 90' lang='lat' dir='ltr'><strong>C.</strong></span> <span class='ocrx_word' id='word_1_25' title='bbox 683 612 1027 675; x_wconf 88' lang='lat' dir='ltr'><strong>Antonium</strong></span> <span class='ocrx_word' id='word_1_26' title='bbox 1072 612 1396 691; x_wconf 75' lang='lat' dir='ltr'><strong>siynificat.</strong></span> 
     </span>
    </p>

    <p class='ocr_par' dir='ltr' id='par_1_4' title="bbox 353 697 2438 1049">
     <span class='ocr_line' id='line_1_6' title="bbox 490 697 2438 799; baseline -0.002 -35"><span class='ocrx_word' id='word_1_27' title='bbox 490 702 587 764; x_wconf 81' lang='lat'><strong>12.</strong></span> <span class='ocrx_word' id='word_1_28' title='bbox 643 701 832 763; x_wconf 89' lang='lat' dir='ltr'><strong>Alter</strong></span> <span class='ocrx_word' id='word_1_29' title='bbox 885 698 1138 762; x_wconf 77' lang='lat' dir='ltr'><strong>induxit</strong></span> <span class='ocrx_word' id='word_1_30' title='bbox 1192 720 1363 781; x_wconf 87' lang='lat' dir='ltr'><strong>eum,</strong></span> <span class='ocrx_word' id='word_1_31' title='bbox 1427 719 1617 782; x_wconf 92' lang='lat' dir='ltr'><strong>quem</strong></span> <span class='ocrx_word' id='word_1_32' title='bbox 1670 697 1909 782; x_wconf 88' lang='lat' dir='ltr'><strong>potuit,</strong></span> <span class='ocrx_word' id='word_1_33' title='bbox 1963 701 2037 762; x_wconf 88' lang='lat' dir='ltr'><strong>ut</strong></span> <span class='ocrx_word' id='word_1_34' title='bbox 2092 701 2353 799; x_wconf 82' lang='lat' dir='ltr'><strong>repente</strong></span> <span class='ocrx_word' id='word_1_35' title='bbox 2408 714 2438 755; x_wconf 88' lang='lat'><strong>5</strong></span> 
     </span>
     <span class='ocr_line' id='line_1_7' title="bbox 354 786 2354 876; baseline -0.001 -24"><span class='ocrx_word' id='word_1_36' title='bbox 354 789 747 876; x_wconf 85' lang='lat' dir='ltr'><strong>gladiatores</strong></span> <span class='ocrx_word' id='word_1_37' title='bbox 792 789 1034 872; x_wconf 90' lang='lat' dir='ltr'><strong>populo</strong></span> <span class='ocrx_word' id='word_1_38' title='bbox 1079 808 1212 851; x_wconf 92' lang='lat' dir='ltr'><strong>non</strong></span> <span class='ocrx_word' id='word_1_39' title='bbox 1257 786 1508 850; x_wconf 88' lang='lat' dir='ltr'><strong>debitos</strong></span> <span class='ocrx_word' id='word_1_40' title='bbox 1553 786 1993 871; x_wconf 84' lang='lat' dir='ltr'><strong>polliceretur3</strong></span> <span class='ocrx_word' id='word_1_41' title='bbox 2053 807 2162 850; x_wconf 86' lang='lat' dir='ltr'><strong>eos</strong></span> <span class='ocrx_word' id='word_1_42' title='bbox 2216 787 2354 870; x_wconf 88' lang='lat' dir='ltr'><strong>ipse</strong></span> 
     </span>
     <span class='ocr_line' id='line_1_8' title="bbox 353 874 2354 959; baseline -0.002 -16"><span class='ocrx_word' id='word_1_43' title='bbox 353 877 708 943; x_wconf 87' lang='lat' dir='ltr'><strong>consularis</strong></span> <span class='ocrx_word' id='word_1_44' title='bbox 756 875 1130 940; x_wconf 89' lang='lat' dir='ltr'><strong>candidatus</strong></span> <span class='ocrx_word' id='word_1_45' title='bbox 1177 874 1506 959; x_wconf 85' lang='lat' dir='ltr'><strong>perspexit</strong></span> <span class='ocrx_word' id='word_1_46' title='bbox 1542 878 1607 938; x_wconf 91' lang='lat' dir='ltr'><strong>et</strong></span> <span class='ocrx_word' id='word_1_47' title='bbox 1645 875 1807 959; x_wconf 89' lang='lat' dir='ltr'><strong>legit</strong></span> <span class='ocrx_word' id='word_1_48' title='bbox 1844 877 1909 938; x_wconf 92' lang='lat' dir='ltr'><strong>et</strong></span> <span class='ocrx_word' id='word_1_49' title='bbox 1947 875 2131 958; x_wconf 81' lang='lat' dir='ltr'><strong>emit3</strong></span> <span class='ocrx_word' id='word_1_50' title='bbox 2175 896 2354 958; x_wconf 87' lang='lat' dir='ltr'><strong>prae-</strong></span> 
     </span>
     <span class='ocr_line' id='line_1_9' title="bbox 355 963 1615 1049; baseline -0.003 -20"><span class='ocrx_word' id='word_1_51' title='bbox 355 969 533 1030; x_wconf 87' lang='lat' dir='ltr'><strong>sente</strong></span> <span class='ocrx_word' id='word_1_52' title='bbox 580 965 819 1049; x_wconf 91' lang='lat' dir='ltr'><strong>populo</strong></span> <span class='ocrx_word' id='word_1_53' title='bbox 866 963 1159 1028; x_wconf 86' lang='lat' dir='ltr'><strong>Romano</strong></span> <span class='ocrx_word' id='word_1_54' title='bbox 1206 963 1452 1027; x_wconf 86' lang='lat' dir='ltr'><strong>factum</strong></span> <span class='ocrx_word' id='word_1_55' title='bbox 1499 966 1615 1026; x_wconf 81' lang='lat' dir='ltr'><strong>est.</strong></span> 
     </span>
    </p>

    <p class='ocr_par' dir='ltr' id='par_1_5' title="bbox 431 1051 2442 1489">
     <span class='ocr_line' id='line_1_10' title="bbox 441 1051 2357 1134; baseline -0.002 -16"><span class='ocrx_word' id='word_1_56' title='bbox 441 1097 448 1108; x_wconf 61' lang='lat'><strong>.</strong></span> <span class='ocrx_word' id='word_1_57' title='bbox 577 1054 645 1134; x_wconf 97' lang='lat' dir='ltr'><strong>Q.</strong></span> <span class='ocrx_word' id='word_1_58' title='bbox 692 1052 998 1129; x_wconf 82' lang='lat' dir='ltr'><strong>Gallium,</strong></span> <span class='ocrx_word' id='word_1_59' title='bbox 1053 1073 1229 1133; x_wconf 78' lang='lat' dir='ltr'><strong>quem</strong></span> <span class='ocrx_word' id='word_1_60' title='bbox 1271 1056 1485 1134; x_wconf 88' lang='lat' dir='ltr'><strong>postea</strong></span> <span class='ocrx_word' id='word_1_61' title='bbox 1537 1071 1708 1114; x_wconf 90' lang='lat' dir='ltr'><strong>reum</strong></span> <span class='ocrx_word' id='word_1_62' title='bbox 1759 1051 2024 1116; x_wconf 80' lang='lat' dir='ltr'><strong>ambitus</strong></span> <span class='ocrx_word' id='word_1_63' title='bbox 2074 1051 2357 1131; x_wconf 78' lang='lat' dir='ltr'><strong>defendit,</strong></span> 
     </span>
     <span class='ocr_line' id='line_1_11' title="bbox 441 1140 2442 1223; baseline -0.005 -16"><span class='ocrx_word' id='word_1_64' title='bbox 441 1143 792 1223; x_wconf 74' lang='lat' dir='ltr'><strong>siyuifieare</strong></span> <span class='ocrx_word' id='word_1_65' title='bbox 831 1142 1097 1217; x_wconf 84' lang='lat' dir='ltr'><strong>videtur,·</strong></span> <span class='ocrx_word' id='word_1_66' title='bbox 1143 1140 1242 1204; x_wconf 78' lang='lat' dir='ltr'><strong>hie</strong></span> <span class='ocrx_word' id='word_1_67' title='bbox 1283 1141 1446 1203; x_wconf 85' lang='lat' dir='ltr'><strong>enim</strong></span> <span class='ocrx_word' id='word_1_68' title='bbox 1489 1159 1626 1203; x_wconf 84' lang='lat' dir='ltr'><strong>eum</strong></span> <span class='ocrx_word' id='word_1_69' title='bbox 1669 1144 1818 1203; x_wconf 85' lang='lat' dir='ltr'><strong>esset</strong></span> <span class='ocrx_word' id='word_1_70' title='bbox 1846 1145 2180 1221; x_wconf 87' lang='lat' dir='ltr'><strong>praeturae</strong></span> <span class='ocrx_word' id='word_1_71' title='bbox 2213 1160 2353 1204; x_wconf 84' lang='lat' dir='ltr'><strong>can-</strong></span> <span class='ocrx_word' id='word_1_72' title='bbox 2384 1157 2442 1198; x_wconf 83' lang='grc' dir='ltr'><strong>ιο</strong></span> 
     </span>
     <span class='ocr_line' id='line_1_12' title="bbox 442 1230 2356 1313; baseline -0.002 -17"><span class='ocrx_word' id='word_1_73' title='bbox 442 1232 715 1313; x_wconf 84' lang='lat' dir='ltr'><strong>didatus,</strong></span> <span class='ocrx_word' id='word_1_74' title='bbox 766 1231 928 1310; x_wconf 82' lang='lat' dir='ltr'><strong>quod</strong></span> <span class='ocrx_word' id='word_1_75' title='bbox 977 1230 1048 1292; x_wconf 88' lang='lat' dir='ltr'><strong>in</strong></span> <span class='ocrx_word' id='word_1_76' title='bbox 1090 1230 1422 1305; x_wconf 76' lang='lat' dir='ltr'><strong>aedilitate,</strong></span> <span class='ocrx_word' id='word_1_77' title='bbox 1479 1248 1666 1309; x_wconf 78' lang='lat' dir='ltr'><strong>quam</strong></span> <span class='ocrx_word' id='word_1_78' title='bbox 1709 1231 1852 1291; x_wconf 88' lang='lat' dir='ltr'><strong>ante</strong></span> <span class='ocrx_word' id='word_1_79' title='bbox 1892 1248 2130 1292; x_wconf 87' lang='lat' dir='ltr'><strong>annum</strong></span> <span class='ocrx_word' id='word_1_80' title='bbox 2168 1247 2356 1310; x_wconf 64' lang='lat' dir='ltr'><strong>‚aesse-</strong></span> 
     </span>
     <span class='ocr_line' id='line_1_13' title="bbox 443 1315 2357 1397; baseline -0.002 -15"><span class='ocrx_word' id='word_1_81' title='bbox 443 1325 571 1396; x_wconf 91' lang='lat' dir='ltr'><strong>rat,</strong></span> <span class='ocrx_word' id='word_1_82' title='bbox 617 1319 835 1382; x_wconf 81' lang='lat' dir='ltr'><strong>bestias</strong></span> <span class='ocrx_word' id='word_1_83' title='bbox 877 1338 1003 1382; x_wconf 89' lang='lat' dir='ltr'><strong>non</strong></span> <span class='ocrx_word' id='word_1_84' title='bbox 1044 1317 1362 1396; x_wconf 78' lang='lat' dir='ltr'><strong>habuerat,</strong></span> <span class='ocrx_word' id='word_1_85' title='bbox 1415 1317 1580 1381; x_wconf 83' lang='lat' dir='ltr'><strong>dedit</strong></span> <span class='ocrx_word' id='word_1_86' title='bbox 1614 1315 1984 1397; x_wconf 77' lang='lat' dir='ltr'><strong>yladiatores</strong></span> <span class='ocrx_word' id='word_1_87' title='bbox 2026 1316 2137 1380; x_wconf 84' lang='lat' dir='ltr'><strong>sub</strong></span> <span class='ocrx_word' id='word_1_88' title='bbox 2184 1317 2357 1380; x_wconf 83' lang='lat' dir='ltr'><strong>titulo</strong></span> 
     </span>
     <span class='ocr_line' id='line_1_14' title="bbox 431 1407 1031 1489; baseline -0.005 -19"><span class='ocrx_word' id='word_1_89' title='bbox 431 1408 609 1489; x_wconf 88' lang='lat' dir='ltr'><strong>patri</strong></span> <span class='ocrx_word' id='word_1_90' title='bbox 652 1427 715 1471; x_wconf 86' lang='lat' dir='ltr'><strong>se</strong></span> <span class='ocrx_word' id='word_1_91' title='bbox 759 1407 828 1469; x_wconf 79' lang='lat' dir='ltr'><strong>id</strong></span> <span class='ocrx_word' id='word_1_92' title='bbox 868 1407 1031 1470; x_wconf 84' lang='lat' dir='ltr'><strong>dare.</strong></span> 
     </span>
    </p>

    <p class='ocr_par' dir='ltr' id='par_1_6' title="bbox 355 1492 2443 1842">
     <span class='ocr_line' id='line_1_15' title="bbox 494 1492 2358 1578; baseline -0.001 -20"><span class='ocrx_word' id='word_1_93' title='bbox 494 1496 590 1558; x_wconf 89' lang='lat'><strong>13.</strong></span> <span class='ocrx_word' id='word_1_94' title='bbox 629 1494 835 1569; x_wconf 84' lang='lat' dir='ltr'><strong>Quam</strong></span> <span class='ocrx_word' id='word_1_95' title='bbox 867 1493 947 1557; x_wconf 91' lang='lat' dir='ltr'><strong>ob</strong></span> <span class='ocrx_word' id='word_1_96' title='bbox 977 1515 1112 1557; x_wconf 89' lang='lat' dir='ltr'><strong>rem</strong></span> <span class='ocrx_word' id='word_1_97' title='bbox 1150 1496 1382 1578; x_wconf 90' lang='lat' dir='ltr'><strong>augete</strong></span> <span class='ocrx_word' id='word_1_98' title='bbox 1420 1492 1615 1555; x_wconf 91' lang='lat' dir='ltr'><strong>etiam</strong></span> <span class='ocrx_word' id='word_1_99' title='bbox 1650 1492 2021 1573; x_wconf 84' lang='lat' dir='ltr'><strong>mercedem,</strong></span> <span class='ocrx_word' id='word_1_100' title='bbox 2059 1492 2116 1555; x_wconf 81' lang='lat' dir='ltr'><strong>si</strong></span> <span class='ocrx_word' id='word_1_101' title='bbox 2142 1492 2358 1575; x_wconf 81' lang='lat' dir='ltr'><strong>vultiS,</strong></span> 
     </span>
     <span class='ocr_line' id='line_1_16' title="bbox 356 1580 2443 1665; baseline -0.004 -18"><span class='ocrx_word' id='word_1_102' title='bbox 356 1581 427 1659; x_wconf 81' lang='lat' dir='ltr'><strong>Q.</strong></span> <span class='ocrx_word' id='word_1_103' title='bbox 469 1582 668 1665; x_wconf 83' lang='lat' dir='ltr'><strong>Muci,</strong></span> <span class='ocrx_word' id='word_1_104' title='bbox 713 1586 787 1646; x_wconf 90' lang='lat' dir='ltr'><strong>ut</strong></span> <span class='ocrx_word' id='word_1_105' title='bbox 832 1585 1198 1665; x_wconf 85' lang='lat' dir='ltr'><strong>perseveret</strong></span> <span class='ocrx_word' id='word_1_106' title='bbox 1243 1582 1454 1664; x_wconf 89' lang='lat' dir='ltr'><strong>legem</strong></span> <span class='ocrx_word' id='word_1_107' title='bbox 1499 1580 1838 1664; x_wconf 87' lang='lat' dir='ltr'><strong>impedire,</strong></span> <span class='ocrx_word' id='word_1_108' title='bbox 1890 1583 1965 1643; x_wconf 93' lang='lat' dir='ltr'><strong>ut</strong></span> <span class='ocrx_word' id='word_1_109' title='bbox 2009 1581 2222 1664; x_wconf 92' lang='lat' dir='ltr'><strong>coepit</strong></span> <span class='ocrx_word' id='word_1_110' title='bbox 2267 1603 2360 1645; x_wconf 86' lang='lat' dir='ltr'><strong>se·</strong></span> <span class='ocrx_word' id='word_1_111' title='bbox 2389 1599 2443 1640; x_wconf 81' lang='lat'><strong>15</strong></span> 
     </span>
     <span class='ocr_line' id='line_1_17' title="bbox 355 1669 2359 1754; baseline -0.001 -19"><span class='ocrx_word' id='word_1_112' title='bbox 355 1676 547 1735; x_wconf 88' lang='lat' dir='ltr'><strong>natus</strong></span> <span class='ocrx_word' id='word_1_113' title='bbox 594 1670 987 1751; x_wconf 85' lang='lat' dir='ltr'><strong>consultum3</strong></span> <span class='ocrx_word' id='word_1_114' title='bbox 1039 1670 1150 1732; x_wconf 88' lang='lat' dir='ltr'><strong>sed</strong></span> <span class='ocrx_word' id='word_1_115' title='bbox 1187 1691 1306 1753; x_wconf 88' lang='lat' dir='ltr'><strong>ego</strong></span> <span class='ocrx_word' id='word_1_116' title='bbox 1356 1690 1432 1732; x_wconf 89' lang='lat' dir='ltr'><strong>ea</strong></span> <span class='ocrx_word' id='word_1_117' title='bbox 1468 1669 1612 1754; x_wconf 92' lang='lat' dir='ltr'><strong>lege</strong></span> <span class='ocrx_word' id='word_1_118' title='bbox 1649 1672 1987 1732; x_wconf 86' lang='lat' dir='ltr'><strong>contentus</strong></span> <span class='ocrx_word' id='word_1_119' title='bbox 2026 1690 2185 1750; x_wconf 84' lang='lat' dir='ltr'><strong>sum,</strong></span> <span class='ocrx_word' id='word_1_120' title='bbox 2233 1691 2359 1752; x_wconf 88' lang='lat' dir='ltr'><strong>qua</strong></span> 
     </span>
     <span class='ocr_line' id='line_1_18' title="bbox 358 1756 2354 1842; baseline -0.002 -18"><span class='ocrx_word' id='word_1_121' title='bbox 358 1760 517 1824; x_wconf 86' lang='lat' dir='ltr'><strong>duos</strong></span> <span class='ocrx_word' id='word_1_122' title='bbox 546 1759 839 1823; x_wconf 86' lang='lat' dir='ltr'><strong>consules</strong></span> <span class='ocrx_word' id='word_1_123' title='bbox 870 1758 1241 1842; x_wconf 85' lang='lat' dir='ltr'><strong>designatos</strong></span> <span class='ocrx_word' id='word_1_124' title='bbox 1270 1778 1396 1820; x_wconf 90' lang='lat' dir='ltr'><strong>uno</strong></span> <span class='ocrx_word' id='word_1_125' title='bbox 1426 1760 1716 1840; x_wconf 89' lang='lat' dir='ltr'><strong>tempore</strong></span> <span class='ocrx_word' id='word_1_126' title='bbox 1745 1756 2038 1821; x_wconf 88' lang='lat' dir='ltr'><strong>damnari</strong></span> <span class='ocrx_word' id='word_1_127' title='bbox 2064 1756 2354 1821; x_wconf 63' lang='lat' dir='ltr'><strong>vidimus</strong></span> 
     </span>
    </p>

    <p class='ocr_par' dir='ltr' id='par_1_7' title="bbox 443 1845 2434 2369">
     <span class='ocr_line' id='line_1_19' title="bbox 575 1845 2356 1927; baseline 0 -18"><span class='ocrx_word' id='word_1_128' title='bbox 575 1846 794 1927; x_wconf 74' lang='lat' dir='ltr'><strong>Leyem</strong></span> <span class='ocrx_word' id='word_1_129' title='bbox 832 1845 1238 1926; x_wconf 74' lang='lat' dir='ltr'><strong>Calpurniam</strong></span> <span class='ocrx_word' id='word_1_130' title='bbox 1281 1846 1604 1927; x_wconf 75' lang='lat' dir='ltr'><strong>siyniftcat,</strong></span> <span class='ocrx_word' id='word_1_131' title='bbox 1647 1866 1834 1925; x_wconf 77' lang='lat' dir='ltr'><strong>quam</strong></span> <span class='ocrx_word' id='word_1_132' title='bbox 1879 1845 1942 1909; x_wconf 87' lang='lat' dir='ltr'><strong>C.</strong></span> <span class='ocrx_word' id='word_1_133' title='bbox 1986 1846 2356 1927; x_wconf 70' lang='lat' dir='ltr'><strong>Calpurnius</strong></span> 
     </span>
     <span class='ocr_line' id='line_1_20' title="bbox 443 1933 2357 2014; baseline -0.002 -15"><span class='ocrx_word' id='word_1_134' title='bbox 443 1935 594 2000; x_wconf 88' lang='lat' dir='ltr'><strong>Piso</strong></span> <span class='ocrx_word' id='word_1_135' title='bbox 656 1940 797 1998; x_wconf 89' lang='lat' dir='ltr'><strong>ante</strong></span> <span class='ocrx_word' id='word_1_136' title='bbox 858 1936 1192 1998; x_wconf 78' lang='lat' dir='ltr'><strong>triennium</strong></span> <span class='ocrx_word' id='word_1_137' title='bbox 1253 1935 1326 1998; x_wconf 83' lang='lat' dir='ltr'><strong>de</strong></span> <span class='ocrx_word' id='word_1_138' title='bbox 1378 1933 1612 1998; x_wconf 89' lang='lat' dir='ltr'><strong>ambitu</strong></span> <span class='ocrx_word' id='word_1_139' title='bbox 1666 1934 1901 1998; x_wconf 88' lang='lat' dir='ltr'><strong>tulerat.</strong></span> <span class='ocrx_word' id='word_1_140' title='bbox 1994 1934 2163 2014; x_wconf 81' lang='lat' dir='ltr'><strong>Quod</strong></span> <span class='ocrx_word' id='word_1_141' title='bbox 2209 1933 2357 1998; x_wconf 80' lang='lat' dir='ltr'><strong>dicit</strong></span> 
     </span>
     <span class='ocr_line' id='line_1_21' title="bbox 444 2021 2434 2105; baseline -0.001 -19"><span class='ocrx_word' id='word_1_142' title='bbox 444 2030 647 2087; x_wconf 86' lang='lat' dir='ltr'><strong>autem</strong></span> <span class='ocrx_word' id='word_1_143' title='bbox 700 2024 1022 2087; x_wconf 83' lang='lat' dir='ltr'><strong>damnatos</strong></span> <span class='ocrx_word' id='word_1_144' title='bbox 1074 2044 1196 2087; x_wconf 89' lang='lat' dir='ltr'><strong>esse</strong></span> <span class='ocrx_word' id='word_1_145' title='bbox 1248 2024 1589 2105; x_wconf 71' lang='lat' dir='ltr'><strong>desiynatos</strong></span> <span class='ocrx_word' id='word_1_146' title='bbox 1641 2023 1908 2087; x_wconf 84' lang='lat' dir='ltr'><strong>eonsules</strong></span> <span class='ocrx_word' id='word_1_147' title='bbox 1918 2071 1935 2103; x_wconf 94' lang='lat'><strong>,</strong></span> <span class='ocrx_word' id='word_1_148' title='bbox 1989 2023 2063 2086; x_wconf 88' lang='lat' dir='ltr'><strong>P.</strong></span> <span class='ocrx_word' id='word_1_149' title='bbox 2118 2021 2354 2086; x_wconf 82' lang='lat' dir='ltr'><strong>Sullam</strong></span> <span class='ocrx_word' id='word_1_150' title='bbox 2381 2039 2434 2079; x_wconf 75' lang='lat'><strong>20</strong></span> 
     </span>
     <span class='ocr_line' id='line_1_22' title="bbox 444 2111 2357 2195; baseline -0.002 -19"><span class='ocrx_word' id='word_1_151' title='bbox 444 2117 502 2176; x_wconf 89' lang='lat' dir='ltr'><strong>et</strong></span> <span class='ocrx_word' id='word_1_152' title='bbox 534 2111 607 2175; x_wconf 84' lang='lat' dir='ltr'><strong>P.</strong></span> <span class='ocrx_word' id='word_1_153' title='bbox 635 2112 1031 2193; x_wconf 86' lang='lat' dir='ltr'><strong>Autronium,</strong></span> <span class='ocrx_word' id='word_1_154' title='bbox 1067 2113 1140 2176; x_wconf 87' lang='lat' dir='ltr'><strong>de</strong></span> <span class='ocrx_word' id='word_1_155' title='bbox 1173 2112 1391 2193; x_wconf 79' lang='lat' dir='ltr'><strong>quibus</strong></span> <span class='ocrx_word' id='word_1_156' title='bbox 1425 2112 1555 2175; x_wconf 89' lang='lat' dir='ltr'><strong>iam</strong></span> <span class='ocrx_word' id='word_1_157' title='bbox 1589 2112 1878 2195; x_wconf 77' lang='lat' dir='ltr'><strong>diximus,</strong></span> <span class='ocrx_word' id='word_1_158' title='bbox 1917 2111 2050 2174; x_wconf 86' lang='lat' dir='ltr'><strong>vult</strong></span> <span class='ocrx_word' id='word_1_159' title='bbox 2082 2111 2357 2193; x_wconf 64' lang='lat' dir='ltr'><strong>intellegi.</strong></span> 
     </span>
     <span class='ocr_line' id='line_1_23' title="bbox 447 2199 2363 2282; baseline -0.002 -17"><span class='ocrx_word' id='word_1_160' title='bbox 447 2199 786 2282; x_wconf 77' lang='lat' dir='ltr'><strong>Coynomen</strong></span> <span class='ocrx_word' id='word_1_161' title='bbox 846 2205 1048 2263; x_wconf 89' lang='lat' dir='ltr'><strong>autem</strong></span> <span class='ocrx_word' id='word_1_162' title='bbox 1103 2199 1170 2281; x_wconf 94' lang='lat' dir='ltr'><strong>Q.</strong></span> <span class='ocrx_word' id='word_1_163' title='bbox 1224 2200 1439 2264; x_wconf 84' lang='lat' dir='ltr'><strong>Mucio</strong></span> <span class='ocrx_word' id='word_1_164' title='bbox 1503 2199 1768 2280; x_wconf 78' lang='lat' dir='ltr'><strong>tribune,</strong></span> <span class='ocrx_word' id='word_1_165' title='bbox 1831 2219 2006 2281; x_wconf 79' lang='lat' dir='ltr'><strong>quem</strong></span> <span class='ocrx_word' id='word_1_166' title='bbox 2066 2201 2363 2281; x_wconf 87' lang='lat' dir='ltr'><strong>nominat,</strong></span> 
     </span>
     <span class='ocr_line' id='line_1_24' title="bbox 443 2287 949 2369; baseline -0.002 -16"><span class='ocrx_word' id='word_1_167' title='bbox 443 2289 574 2369; x_wconf 85' lang='lat' dir='ltr'><strong>fuit</strong></span> <span class='ocrx_word' id='word_1_168' title='bbox 619 2287 949 2353; x_wconf 86' lang='lat' dir='ltr'><strong>Orestinus.</strong></span> 
     </span>
    </p>

    <p class='ocr_par' dir='ltr' id='par_1_8' title="bbox 358 2373 2446 2618">
     <span class='ocr_line' id='line_1_25' title="bbox 497 2373 2361 2462; baseline -0.002 -21"><span class='ocrx_word' id='word_1_169' title='bbox 497 2378 595 2441; x_wconf 87' lang='grc'><strong>14.</strong></span> <span class='ocrx_word' id='word_1_170' title='bbox 640 2375 855 2462; x_wconf 87' lang='lat' dir='ltr'><strong>Atque</strong></span> <span class='ocrx_word' id='word_1_171' title='bbox 909 2380 982 2440; x_wconf 89' lang='lat' dir='ltr'><strong>ut</strong></span> <span class='ocrx_word' id='word_1_172' title='bbox 1034 2375 1234 2440; x_wconf 87' lang='lat' dir='ltr'><strong>istum</strong></span> <span class='ocrx_word' id='word_1_173' title='bbox 1289 2376 1589 2440; x_wconf 85' lang='lat' dir='ltr'><strong>omittam</strong></span> <span class='ocrx_word' id='word_1_174' title='bbox 1642 2375 1711 2438; x_wconf 93' lang='lat' dir='ltr'><strong>in</strong></span> <span class='ocrx_word' id='word_1_175' title='bbox 1766 2374 2047 2439; x_wconf 88' lang='lat' dir='ltr'><strong>exercitu</strong></span> <span class='ocrx_word' id='word_1_176' title='bbox 2095 2373 2361 2439; x_wconf 83' lang='lat' dir='ltr'><strong>Sullano</strong></span> 
     </span>
     <span class='ocr_line' id='line_1_26' title="bbox 358 2463 2446 2550; baseline -0.001 -21"><span class='ocrx_word' id='word_1_177' title='bbox 358 2466 772 2550; x_wconf 90' lang='lat' dir='ltr'><strong>praedonem,</strong></span> <span class='ocrx_word' id='word_1_178' title='bbox 823 2465 892 2529; x_wconf 92' lang='lat' dir='ltr'><strong>in</strong></span> <span class='ocrx_word' id='word_1_179' title='bbox 946 2465 1216 2529; x_wconf 88' lang='lat' dir='ltr'><strong>introitu</strong></span> <span class='ocrx_word' id='word_1_180' title='bbox 1274 2464 1728 2549; x_wconf 85' lang='lat' dir='ltr'><strong>gladiatorem,</strong></span> <span class='ocrx_word' id='word_1_181' title='bbox 1782 2463 1852 2527; x_wconf 87' lang='lat' dir='ltr'><strong>in</strong></span> <span class='ocrx_word' id='word_1_182' title='bbox 1893 2463 2167 2528; x_wconf 83' lang='lat' dir='ltr'><strong>victoria</strong></span> <span class='ocrx_word' id='word_1_183' title='bbox 2214 2486 2364 2546; x_wconf 88' lang='lat' dir='ltr'><strong>qua·</strong></span> <span class='ocrx_word' id='word_1_184' title='bbox 2390 2477 2446 2520; x_wconf 75' lang='lat'><strong>25</strong></span> 
     </span>
     <span class='ocr_line' id='line_1_27' title="bbox 360 2553 734 2618; baseline -0.006 0"><span class='ocrx_word' id='word_1_185' title='bbox 360 2553 459 2618; x_wconf 85' lang='lat' dir='ltr'><strong>dri</strong></span> <span class='ocrx_word' id='word_1_186' title='bbox 511 2554 734 2618; x_wconf 89' lang='lat' dir='ltr'><strong>arium.</strong></span> 
     </span>
    </p>

    <p class='ocr_par' dir='ltr' id='par_1_9' title="bbox 464 2576 2366 2719">
     <span class='ocr_line' id='line_1_28' title="bbox 464 2576 2366 2719; baseline -0.003 -12"><span class='ocrx_word' id='word_1_187' title='bbox 464 2576 507 2640; x_wconf 75' lang='lat' dir='ltr'>g</span> <span class='ocrx_word' id='word_1_188' title='bbox 578 2642 678 2707; x_wconf 88' lang='lat' dir='ltr'><strong>De</strong></span> <span class='ocrx_word' id='word_1_189' title='bbox 730 2642 1003 2706; x_wconf 88' lang='lat' dir='ltr'><strong>Antonio</strong></span> <span class='ocrx_word' id='word_1_190' title='bbox 1057 2642 1179 2705; x_wconf 83' lang='lat' dir='ltr'><strong>diei</strong></span> <span class='ocrx_word' id='word_1_191' title='bbox 1230 2640 1626 2719; x_wconf 81' lang='lat' dir='ltr'><strong>manifestum</strong></span> <span class='ocrx_word' id='word_1_192' title='bbox 1678 2644 1780 2704; x_wconf 88' lang='lat' dir='ltr'><strong>est.</strong></span> <span class='ocrx_word' id='word_1_193' title='bbox 1869 2639 1962 2703; x_wconf 90' lang='lat' dir='ltr'><strong>Et</strong></span> <span class='ocrx_word' id='word_1_194' title='bbox 2020 2641 2170 2704; x_wconf 77' lang='lat' dir='ltr'><strong>dicit</strong></span> <span class='ocrx_word' id='word_1_195' title='bbox 2229 2660 2366 2703; x_wconf 89' lang='lat' dir='ltr'><strong>eum</strong></span> 
     </span>
    </p>

    <p class='ocr_par' dir='ltr' id='par_1_10' title="bbox 451 2725 2366 2813">
     <span class='ocr_line' id='line_1_29' title="bbox 451 2725 2366 2813; baseline 0 -22"><span class='ocrx_word' id='word_1_196' title='bbox 451 2729 540 2791; x_wconf 92' lang='lat' dir='ltr'><strong>in</strong></span> <span class='ocrx_word' id='word_1_197' title='bbox 585 2729 867 2793; x_wconf 86' lang='lat' dir='ltr'><strong>exercitu</strong></span> <span class='ocrx_word' id='word_1_198' title='bbox 912 2725 1129 2792; x_wconf 85' lang='lat' dir='ltr'><strong>Sullae</strong></span> <span class='ocrx_word' id='word_1_199' title='bbox 1175 2726 1587 2813; x_wconf 90' lang='lat' dir='ltr'><strong>praedonem&#39;</strong></span> <span class='ocrx_word' id='word_1_200' title='bbox 1631 2732 1884 2810; x_wconf 81' lang='lat' dir='ltr'><strong>propter</strong></span> <span class='ocrx_word' id='word_1_201' title='bbox 1927 2729 2196 2809; x_wconf 81' lang='lat' dir='ltr'><strong>equitum</strong></span> <span class='ocrx_word' id='word_1_202' title='bbox 2241 2733 2366 2791; x_wconf 89' lang='lat' dir='ltr'><strong>tur-</strong></span> 
     </span>
    </p>

    <p class='ocr_par' dir='ltr' id='par_1_11' title="bbox 436 2816 2451 3337">
     <span class='ocr_line' id='line_1_30' title="bbox 448 2816 2366 2901; baseline 0 -21"><span class='ocrx_word' id='word_1_203' title='bbox 448 2837 609 2901; x_wconf 87' lang='lat' dir='ltr'><strong>mas,</strong></span> <span class='ocrx_word' id='word_1_204' title='bbox 448 2817 878 2898; x_wconf 78' lang='lat' dir='ltr'><strong>masquibus</strong></span> <span class='ocrx_word' id='word_1_205' title='bbox 921 2817 1229 2880; x_wconf 80' lang='lat' dir='ltr'><strong>Achaiam</strong></span> <span class='ocrx_word' id='word_1_206' title='bbox 1274 2816 1348 2880; x_wconf 92' lang='lat' dir='ltr'><strong>ab</strong></span> <span class='ocrx_word' id='word_1_207' title='bbox 1392 2836 1457 2880; x_wconf 89' lang='lat' dir='ltr'><strong>eo</strong></span> <span class='ocrx_word' id='word_1_208' title='bbox 1509 2820 1790 2880; x_wconf 76' lang='lat' dir='ltr'><strong>vexatam</strong></span> <span class='ocrx_word' id='word_1_209' title='bbox 1832 2835 1954 2881; x_wconf 85' lang='lat' dir='ltr'><strong>esse</strong></span> <span class='ocrx_word' id='word_1_210' title='bbox 1995 2816 2366 2898; x_wconf 72' lang='lat' dir='ltr'><strong>siynisieavi-</strong></span> 
     </span>
     <span class='ocr_line' id='line_1_31' title="bbox 448 2903 2451 2990; baseline -0.002 -19"><span class='ocrx_word' id='word_1_211' title='bbox 448 2926 617 2983; x_wconf 86' lang='lat' dir='ltr'><strong>mus;</strong></span> <span class='ocrx_word' id='word_1_212' title='bbox 674 2905 765 2968; x_wconf 91' lang='lat' dir='ltr'><strong>in</strong></span> <span class='ocrx_word' id='word_1_213' title='bbox 807 2905 1081 2969; x_wconf 90' lang='lat' dir='ltr'><strong>introitu</strong></span> <span class='ocrx_word' id='word_1_214' title='bbox 1139 2903 1590 2990; x_wconf 87' lang='lat' dir='ltr'><strong>gladiatorem&#39;</strong></span> <span class='ocrx_word' id='word_1_215' title='bbox 1625 2905 1895 2987; x_wconf 80' lang='lat' dir='ltr'><strong>pertinet</strong></span> <span class='ocrx_word' id='word_1_216' title='bbox 1934 2905 2022 2969; x_wconf 80' lang='lat' dir='ltr'><strong>ad</strong></span> <span class='ocrx_word' id='word_1_217' title='bbox 2060 2905 2366 2969; x_wconf 84' lang='lat' dir='ltr'><strong>invidiam</strong></span> <span class='ocrx_word' id='word_1_218' title='bbox 2394 2918 2451 2960; x_wconf 71' lang='lat'><strong>⁵⁰</strong></span> 
     </span>
     <span class='ocr_line' id='line_1_32' title="bbox 436 2955 2368 3077; baseline -0.002 -18"><span class='ocrx_word' id='word_1_219' title='bbox 436 2955 929 3076; x_wconf 77' lang='lat' dir='ltr'><strong>prosbriptioniS,</strong></span> <span class='ocrx_word' id='word_1_220' title='bbox 983 3013 1138 3074; x_wconf 79' lang='lat' dir='ltr'><strong>quae</strong></span> <span class='ocrx_word' id='word_1_221' title='bbox 1192 2998 1322 3056; x_wconf 88' lang='lat' dir='ltr'><strong>tum</strong></span> <span class='ocrx_word' id='word_1_222' title='bbox 1371 2993 1543 3073; x_wconf 83' lang='lat' dir='ltr'><strong>faeta</strong></span> <span class='ocrx_word' id='word_1_223' title='bbox 1585 2998 1702 3070; x_wconf 90' lang='lat' dir='ltr'><strong>est,·</strong></span> <span class='ocrx_word' id='word_1_224' title='bbox 1761 2992 1851 3056; x_wconf 77' lang='lat' dir='ltr'><strong>‘in</strong></span> <span class='ocrx_word' id='word_1_225' title='bbox 1895 2992 2169 3057; x_wconf 84' lang='lat' dir='ltr'><strong>victoria</strong></span> <span class='ocrx_word' id='word_1_226' title='bbox 2216 3014 2368 3077; x_wconf 90' lang='lat' dir='ltr'><strong>qua-</strong></span> 
     </span>
     <span class='ocr_line' id='line_1_33' title="bbox 450 3080 2370 3167; baseline -0.001 -21"><span class='ocrx_word' id='word_1_227' title='bbox 450 3081 827 3167; x_wconf 85' lang='lat' dir='ltr'><strong>drigarium&#39;</strong></span> <span class='ocrx_word' id='word_1_228' title='bbox 830 3133 846 3164; x_wconf 89' lang='lat'><strong>,</strong></span> <span class='ocrx_word' id='word_1_229' title='bbox 891 3084 1074 3163; x_wconf 79' lang='lat' dir='ltr'><strong>quod,</strong></span> <span class='ocrx_word' id='word_1_230' title='bbox 1120 3101 1257 3146; x_wconf 80' lang='lat' dir='ltr'><strong>cum</strong></span> <span class='ocrx_word' id='word_1_231' title='bbox 1300 3080 1482 3146; x_wconf 84' lang='lat' dir='ltr'><strong>Sulla</strong></span> <span class='ocrx_word' id='word_1_232' title='bbox 1513 3087 1658 3163; x_wconf 90' lang='lat' dir='ltr'><strong>post</strong></span> <span class='ocrx_word' id='word_1_233' title='bbox 1697 3083 2017 3145; x_wconf 84' lang='lat' dir='ltr'><strong>victoriam</strong></span> <span class='ocrx_word' id='word_1_234' title='bbox 2062 3080 2370 3146; x_wconf 82' lang='lat' dir='ltr'><strong>Circenses</strong></span> 
     </span>
     <span class='ocr_line' id='line_1_34' title="bbox 444 3169 2369 3252; baseline -0.002 -17"><span class='ocrx_word' id='word_1_235' title='bbox 444 3172 671 3251; x_wconf 80' lang='lat' dir='ltr'><strong>faceret</strong></span> <span class='ocrx_word' id='word_1_236' title='bbox 731 3173 846 3251; x_wconf 88' lang='lat' dir='ltr'><strong>ita,</strong></span> <span class='ocrx_word' id='word_1_237' title='bbox 909 3176 981 3235; x_wconf 93' lang='lat' dir='ltr'><strong>ut</strong></span> <span class='ocrx_word' id='word_1_238' title='bbox 1036 3169 1270 3234; x_wconf 75' lang='lat' dir='ltr'><strong>honesti</strong></span> <span class='ocrx_word' id='word_1_239' title='bbox 1331 3170 1601 3234; x_wconf 82' lang='lat' dir='ltr'><strong>homines</strong></span> <span class='ocrx_word' id='word_1_240' title='bbox 1657 3170 1992 3252; x_wconf 64' lang='lat' dir='ltr'><strong>quadrigas</strong></span> <span class='ocrx_word' id='word_1_241' title='bbox 2045 3171 2369 3252; x_wconf 74' lang='lat' dir='ltr'><strong>aqitarent,</strong></span> 
     </span>
     <span class='ocr_line' id='line_1_35' title="bbox 444 3257 1396 3337; baseline -0.001 -15"><span class='ocrx_word' id='word_1_242' title='bbox 444 3260 575 3337; x_wconf 82' lang='lat' dir='ltr'><strong>fuit</strong></span> <span class='ocrx_word' id='word_1_243' title='bbox 614 3261 775 3323; x_wconf 89' lang='lat' dir='ltr'><strong>inter</strong></span> <span class='ocrx_word' id='word_1_244' title='bbox 815 3280 911 3323; x_wconf 90' lang='lat' dir='ltr'><strong>eos</strong></span> <span class='ocrx_word' id='word_1_245' title='bbox 956 3257 1020 3324; x_wconf 93' lang='lat' dir='ltr'><strong>C.</strong></span> <span class='ocrx_word' id='word_1_246' title='bbox 1066 3259 1396 3322; x_wconf 80' lang='lat' dir='ltr'><strong>Antonius.</strong></span> 
     </span>
    </p>

    <p class='ocr_par' dir='ltr' id='par_1_12' title="bbox 362 3344 2456 3606">
     <span class='ocr_line' id='line_1_36' title="bbox 497 3344 2456 3430; baseline -0.001 -21"><span class='ocrx_word' id='word_1_247' title='bbox 497 3345 594 3410; x_wconf 87' lang='lat'><strong>15.</strong></span> <span class='ocrx_word' id='word_1_248' title='bbox 632 3346 722 3410; x_wconf 85' lang='lat' dir='ltr'><strong>Te</strong></span> <span class='ocrx_word' id='word_1_249' title='bbox 760 3369 930 3428; x_wconf 81' lang='lat' dir='ltr'><strong>vere,</strong></span> <span class='ocrx_word' id='word_1_250' title='bbox 970 3346 1269 3429; x_wconf 87' lang='lat' dir='ltr'><strong>Catilina,</strong></span> <span class='ocrx_word' id='word_1_251' title='bbox 1307 3346 1714 3412; x_wconf 86' lang='lat' dir='ltr'><strong>consulatum</strong></span> <span class='ocrx_word' id='word_1_252' title='bbox 1754 3367 2012 3430; x_wconf 85' lang='lat' dir='ltr'><strong>sperare</strong></span> <span class='ocrx_word' id='word_1_253' title='bbox 2052 3349 2164 3410; x_wconf 91' lang='lat' dir='ltr'><strong>aut</strong></span> <span class='ocrx_word' id='word_1_254' title='bbox 2201 3344 2369 3430; x_wconf 85' lang='lat' dir='ltr'><strong>cogi</strong></span> <span class='ocrx_word' id='word_1_255' title='bbox 2400 3359 2456 3401; x_wconf 74' lang='lat'><strong>³⁶</strong></span> 
     </span>
     <span class='ocr_line' id='line_1_37' title="bbox 362 3434 2371 3518; baseline 0.002 -26"><span class='ocrx_word' id='word_1_256' title='bbox 362 3435 501 3495; x_wconf 82' lang='lat' dir='ltr'><strong>tare</strong></span> <span class='ocrx_word' id='word_1_257' title='bbox 546 3455 677 3498; x_wconf 93' lang='lat' dir='ltr'><strong>non</strong></span> <span class='ocrx_word' id='word_1_258' title='bbox 721 3434 1088 3518; x_wconf 84' lang='lat' dir='ltr'><strong>prodigium</strong></span> <span class='ocrx_word' id='word_1_259' title='bbox 1134 3437 1329 3517; x_wconf 87' lang='lat' dir='ltr'><strong>atque</strong></span> <span class='ocrx_word' id='word_1_260' title='bbox 1373 3437 1746 3518; x_wconf 88' lang='lat' dir='ltr'><strong>portentum</strong></span> <span class='ocrx_word' id='word_1_261' title='bbox 1793 3436 1937 3500; x_wconf 83' lang='lat' dir='ltr'><strong>est?</strong></span> <span class='ocrx_word' id='word_1_262' title='bbox 2029 3434 2089 3496; x_wconf 90' lang='lat' dir='ltr'><strong>A</strong></span> <span class='ocrx_word' id='word_1_263' title='bbox 2137 3434 2371 3518; x_wconf 86' lang='lat' dir='ltr'><strong>quibus</strong></span> 
     </span>
     <span class='ocr_line' id='line_1_38' title="bbox 362 3517 2371 3606; baseline 0.004 -28"><span class='ocrx_word' id='word_1_264' title='bbox 362 3517 534 3580; x_wconf 90' lang='lat' dir='ltr'><strong>enim</strong></span> <span class='ocrx_word' id='word_1_265' title='bbox 587 3520 798 3602; x_wconf 77' lang='lat' dir='ltr'><strong>petis?</strong></span> <span class='ocrx_word' id='word_1_266' title='bbox 855 3544 894 3584; x_wconf 89' lang='lat' dir='ltr'><strong>a</strong></span> <span class='ocrx_word' id='word_1_267' title='bbox 948 3522 1345 3605; x_wconf 83' lang='lat' dir='ltr'><strong>principibus</strong></span> <span class='ocrx_word' id='word_1_268' title='bbox 1392 3521 1720 3587; x_wconf 82' lang='lat' dir='ltr'><strong>civitatis?</strong></span> <span class='ocrx_word' id='word_1_269' title='bbox 1777 3523 1886 3606; x_wconf 89' lang='lat' dir='ltr'><strong>qui</strong></span> <span class='ocrx_word' id='word_1_270' title='bbox 1940 3523 2064 3586; x_wconf 90' lang='lat' dir='ltr'><strong>tibi</strong></span> <span class='ocrx_word' id='word_1_271' title='bbox 2112 3545 2256 3586; x_wconf 90' lang='lat' dir='ltr'><strong>cum</strong></span> <span class='ocrx_word' id='word_1_272' title='bbox 2302 3521 2371 3585; x_wconf 92' lang='lat' dir='ltr'><strong>L.</strong></span> 
     </span>
    </p>
   </div>
  </div>
 </body>
</html>
