2630 3913
891 211 1043 269 CAP.
1087 219 1167 280 13,
1211 219 1290 267 14.
1367 219 1397 278 5
1434 219 1659 267 422—51.
2160 210 2285 273 179

270 378 540 461 propter
595 396 735 439 eam
793 375 1218 459 suscipiamus
1274 374 1654 439 molestias?
1746 372 1911 449 Quid
1969 374 2139 437 enim
2193 373 2285 436 in-

270 467 477 529 terest
523 467 706 529 motu
752 463 951 527 animi
997 465 1256 529 sublato
1300 484 1434 527 non
1480 463 1620 528 dico
1667 462 1837 527 inter
1872 462 2180 548 pecudem
2219 464 2284 525 et

270 552 628 630 hominem,
684 552 797 616 sed
851 552 1021 616 inter
1065 552 1395 616 hominem
1443 554 1508 615 et
1553 555 1851 616 truncum
1898 554 2012 614 aut
2058 571 2286 614 saxum

272 644 387 706 aut
434 639 687 724 quidvis
735 641 989 726 generis
1037 639 1366 705 eiusdem?
1456 638 1682 723 Neque
1739 640 1908 703 enim
1966 643 2116 702 sunt
2173 637 2284 701 isti

219 746 245 787 ⁶
273 728 601 812 audiendi,
661 728 770 812 qui
825 729 1134 793 virtutem
1192 728 1418 792 duram
1472 731 1537 791 et
1592 728 1779 812 quasi
1823 728 2098 792 ferream
2146 747 2285 790 esse

273 818 595 903 quandam
632 818 890 900 volunt3
927 839 1089 901 quae
1130 816 1387 901 quidem
1417 820 1516 880 est
1545 838 1690 881 cum
1718 816 1943 880 multis
1971 816 2038 880 in
2076 816 2286 900 rebuS,

271 911 413 971 tum
459 906 527 970 in
574 905 861 970 amicitia
905 909 1128 970 tenera
1173 909 1368 989 atque
1412 905 1810 988 tractabilis,
1867 909 1942 970 ut
1987 909 2053 968 et
2098 903 2287 969 bonis

142 1027 146 1031 Δ
274 994 465 1060 amici
529 994 715 1078 quasi
780 994 1174 1058 diffundatur
1238 997 1303 1057 et
1370 993 1792 1057 incommodis
1848 992 2286 1058 contrahatur.

274 1082 480 1159 Quam
528 1083 611 1147 ob
657 1104 794 1146 rem
833 1104 1038 1168 angor
1072 1082 1216 1164 iste,
1263 1081 1374 1165 qui
1411 1103 1529 1166 pro
1568 1082 1774 1146 amico
1812 1102 2001 1165 saepe
2038 1080 2287 1166 capien-

196 1189 245 1228 ιο
274 1172 393 1236 dus
442 1174 559 1254 est,
602 1192 735 1236 non
780 1175 1039 1235 tantum
1084 1171 1278 1252 valet,
1323 1173 1397 1233 ut
1439 1169 1635 1234 tollat
1672 1192 1706 1234 e
1744 1169 1880 1234 vita
1918 1169 2287 1251 amicitiam,

273 1282 408 1325 non
453 1260 597 1343 plus
647 1281 840 1343 quam
886 1264 961 1323 ut
1005 1259 1307 1341 virtuteS,
1357 1258 1507 1341 quia
1550 1280 1680 1323 non
1726 1258 1941 1322 nullas
1988 1279 2173 1322 curas
2222 1261 2287 1320 et

278 1348 609 1412 molestias
659 1347 986 1431 adferunt,
1031 1347 1465 1430 repudientur.

411 1434 571 1501 Cum
628 1441 844 1501 autem
900 1434 1245 1501 contrahat
1300 1434 1681 1518 amicitiam,
1743 1439 1817 1498 ut
1880 1455 2076 1519 supra
2139 1434 2287 1517 dixi,
2313 1432 2387 1496 14

276 1526 333 1589 si
381 1547 508 1608 qua
553 1523 943 1610 significatio
981 1523 1245 1588 virtutis
1283 1524 1551 1606 eluceat,
1598 1522 1679 1586 ad
1717 1543 1910 1607 quam
1949 1544 2016 1586 se
2055 1522 2284 1586 similis

197 1631 247 1671 1⁵
276 1613 528 1679 animus
577 1613 858 1698 adplicet
912 1616 979 1677 et
1034 1611 1373 1697 adiungat,
1426 1611 1492 1675 id
1547 1632 1692 1677 cum
1747 1611 2049 1696 contigit,
2105 1632 2287 1675 amor

278 1701 603 1766 exoriatur
638 1722 898 1767 necesse
935 1704 1052 1765 est.
1126 1699 1292 1776 Quid
1332 1699 1501 1765 enim
1539 1704 1677 1765 tam
1715 1699 2062 1764 absurdum
2093 1721 2286 1783 quam
2323 1713 2390 1762 49

277 1790 583 1855 delectari
628 1790 854 1854 multis
899 1789 1203 1853 inanimis
1249 1789 1468 1871 rebus,
1514 1793 1588 1853 ut
1632 1788 1895 1873 honore,
1940 1792 2014 1852 ut
2060 1787 2289 1874 gloria,

276 1883 350 1944 ut
405 1878 720 1962 aedificio,
784 1882 856 1942 ut
921 1878 1162 1942 vestitu
1220 1878 1525 1962 cultuque
1580 1877 1895 1963 corporis,
1961 1877 2288 1942 animante

277 1969 517 2032 virtute
564 1966 885 2051 praedito,
933 1988 1007 2031 eo
1056 1967 1166 2051 qui
1210 1967 1315 2030 vel
1364 1989 1580 2031 amare
1627 1967 1757 2050 vel,
1803 1970 1877 2031 ut
1922 1967 2016 2031 ita
2062 1966 2289 2050 dicam,

197 2073 248 2111 το
278 2056 611 2120 redamare
658 2056 891 2140 possit,
951 2077 1081 2120 non
1128 2054 1473 2120 admodum
1521 2055 1869 2119 delectari?
1958 2053 2141 2119 Nihil
2189 2058 2289 2121 est

282 2143 453 2207 enim
497 2145 1012 2208 remuneratione
1065 2143 1568 2226 benivolentiae,
1627 2142 1791 2206 nihil
1848 2142 2288 2208 vicissitudine

282 2230 641 2295 studiorum
669 2230 1151 2316 officiorumque
1179 2231 1532 2297 iucundius.
1596 2230 1779 2315 Quid,
1817 2231 1873 2294 si
1899 2231 2060 2296 illud
2092 2232 2287 2296 etiam
2326 2240 2395 2295 5¹0

281 2318 602 2398 addimus,
650 2320 818 2402 quod
861 2324 1034 2385 recte
1080 2320 1228 2385 addi
1271 2323 1517 2404 potest,
1569 2319 1735 2383 nihil
1781 2339 1945 2401 esse,
1993 2320 2160 2403 quod
2208 2320 2288 2384 ad

282 2429 349 2473 se
395 2429 532 2472 rem
579 2408 781 2472 ullam
827 2411 965 2473 tam
1010 2408 1256 2474 alliciat
1302 2412 1368 2472 et
1414 2407 1707 2473 attrahat
1758 2429 1951 2490 quam
2007 2406 2088 2471 ad
2135 2408 2288 2471 ami·

199 2513 249 2552 ²5
280 2496 502 2562 citiam
549 2495 950 2562 similitudo?
995 2497 1379 2563 concedetur
1414 2495 1706 2582 profecto
1743 2517 1965 2559 verum
2014 2517 2170 2577 esse,
2214 2498 2289 2559 ut

279 2587 486 2651 bonos
541 2585 698 2650 boni
752 2585 1030 2671 diligant
1076 2585 1563 2669 adsciscantque
1611 2584 1737 2649 sibi
1781 2584 1964 2669 quasi
2025 2584 2287 2669 propin-

281 2674 531 2758 quitate
575 2673 952 2739 coniunctos
1001 2678 1193 2758 atque
1239 2679 1491 2739 natura.
1580 2673 1765 2738 Nihil
1821 2677 1920 2738 est
1967 2674 2136 2738 enim
2183 2696 2288 2757 ap-

278 2762 605 2848 petentius
635 2762 944 2827 similium
974 2763 1073 2826 sui
1101 2785 1217 2827 nec
1244 2762 1541 2847 rapacius
1573 2784 1766 2845 quam
1786 2766 2035 2828 natura.
2082 2760 2288 2837 Quam

280 2852 364 2916 ob
420 2872 556 2915 rem
609 2850 734 2916 hoc
789 2850 1073 2935 quidem,
1126 2850 1333 2916 Fanni
1380 2855 1445 2916 et
1492 2848 1825 2935 Scaevola,
1879 2855 2158 2934 constet,
2215 2855 2290 2914 ut

201 2956 250 2995 ³⁰
280 2939 527 3024 opinor,
562 2938 751 3005 bonis
786 2939 958 3004 inter
994 2940 1198 3004 bonos
1237 2940 1422 3023 quasi
1457 2939 1885 3004 necessariam
1922 2939 2289 3004 benivolen-

278 3028 459 3111 tiam,
506 3028 616 3112 qui
664 3032 763 3093 est
801 3027 1123 3093 amicitiae
1159 3027 1306 3092 fons
1347 3050 1385 3092 a
1419 3032 1655 3093 natura
1691 3028 2099 3093 constitutus.
2165 3024 2287 3090 Sed

280 3116 502 3181 eadem
549 3116 807 3181 bonitas
855 3116 1051 3180 etiam
1100 3115 1181 3180 ad
1226 3116 1706 3180 multitudinem
1753 3116 2051 3200 pertinet.
2137 3113 2201 3180 N
2206 3137 2288 3180 on

280 3205 451 3269 enim
479 3209 579 3269 est
601 3205 954 3269 inhumana
981 3204 1189 3269 virtus
1215 3226 1422 3288 neque
1449 3205 1730 3269 inmunis
1759 3225 1963 3288 neque
1993 3204 2287 3287 superba,

280 3313 443 3378 quae
481 3293 679 3358 etiam
715 3294 991 3379 populos
1027 3293 1362 3358 universos
1400 3294 1568 3358 tueri
1605 3293 1822 3377 eisque
1856 3296 2117 3377 optume
2146 3314 2287 3356 con-

202 3397 251 3436 35
279 3383 489 3447 sulere
537 3382 774 3465 soleat;
819 3381 989 3466 quod
1024 3403 1155 3448 non
1197 3381 1441 3447 faceret
1485 3381 1794 3466 profect0,
1842 3382 1896 3445 si
1944 3404 1982 3446 a
2018 3381 2288 3446 caritate

278 3470 461 3556 vulgi
507 3470 905 3535 abhorreret.
976 3470 1194 3554 Atque
1243 3470 1439 3535 etiam
1485 3470 1646 3534 mihi
1684 3470 1939 3554 quidem
1977 3470 2289 3552 videntur,
2325 3484 2389 3534 51

279 3559 390 3644 qui
436 3558 796 3624 utilitatum
844 3580 1037 3624 causa
1071 3560 1329 3645 fingunt
1366 3558 1701 3641 amicitias,
1750 3558 2282 3624 amabilissimum

1865 3663 1969 3715 12*
