<?xml version="1.0" encoding="UTF-8"?>
<!DOCTYPE html PUBLIC "-//W3C//DTD XHTML 1.0 Transitional//EN"
    "http://www.w3.org/TR/xhtml1/DTD/xhtml1-transitional.dtd">
<html xmlns="http://www.w3.org/1999/xhtml" xml:lang="en" lang="en">
 <head>
  <title>
</title>
<meta http-equiv="Content-Type" content="text/html;charset=utf-8" />
  <meta name='ocr-system' content='tesseract 3.04.00' />
  <meta name='ocr-capabilities' content='ocr_page ocr_carea ocr_par ocr_line ocrx_word'/>
</head>
<body>
  <div class='ocr_page' id='page_1' title='image "./scriptaquaemans01cicegoog_0346.png"; bbox 0 0 2630 3913; ppageno 0'>
   <div class='ocr_carea' id='block_1_1' title="bbox 360 210 1587 272">
    <p class='ocr_par' dir='ltr' id='par_1_1' title="bbox 360 210 1587 272">
     <span class='ocr_line' id='line_1_1' title="bbox 360 210 1587 272; baseline -0.008 0"><span class='ocrx_word' id='word_1_1' title='bbox 360 211 491 272; x_wconf 76' lang='grc'><em>272</em></span> <span class='ocrx_word' id='word_1_2' title='bbox 1136 210 1587 265; x_wconf 72' lang='lat' dir='ltr'><strong>FRAGMENTA</strong></span> 
     </span>
    </p>
   </div>
   <div class='ocr_carea' id='block_1_2' title="bbox 349 370 2473 3632">
    <p class='ocr_par' dir='ltr' id='par_1_2' title="bbox 349 370 2473 3104">
     <span class='ocr_line' id='line_1_2' title="bbox 356 370 2381 452; baseline 0.002 -17"><span class='ocrx_word' id='word_1_3' title='bbox 356 372 467 452; x_wconf 79' lang='lat' dir='ltr'><em>qui</em></span> <span class='ocrx_word' id='word_1_4' title='bbox 518 370 799 436; x_wconf 80' lang='lat' dir='ltr'><em>Servium</em></span> <span class='ocrx_word' id='word_1_5' title='bbox 853 374 1150 437; x_wconf 88' lang='lat' dir='ltr'><em>Fulvium</em></span> <span class='ocrx_word' id='word_1_6' title='bbox 1204 373 1414 437; x_wconf 79' lang='lat' dir='ltr'><em>incesti</em></span> <span class='ocrx_word' id='word_1_7' title='bbox 1464 393 1638 437; x_wconf 90' lang='lat' dir='ltr'><em>reum</em></span> <span class='ocrx_word' id='word_1_8' title='bbox 1690 373 1982 452; x_wconf 75' lang='lat' dir='ltr'><em>defendit,</em></span> <span class='ocrx_word' id='word_1_9' title='bbox 2044 377 2103 436; x_wconf 88' lang='lat' dir='ltr'><em>et</em></span> <span class='ocrx_word' id='word_1_10' title='bbox 2152 372 2251 436; x_wconf 80' lang='lat' dir='ltr'><em>hic</em></span> <span class='ocrx_word' id='word_1_11' title='bbox 2307 373 2381 439; x_wconf 82' lang='lat' dir='ltr'><em>G.</em></span> 
     </span>
     <span class='ocr_line' id='line_1_3' title="bbox 361 459 2381 543; baseline 0.001 -19"><span class='ocrx_word' id='word_1_12' title='bbox 361 459 550 524; x_wconf 75' lang='lat' dir='ltr'><em>Ourio</em></span> <span class='ocrx_word' id='word_1_13' title='bbox 585 467 790 543; x_wconf 87' lang='lat' dir='ltr'><em>pater,</em></span> <span class='ocrx_word' id='word_1_14' title='bbox 844 463 951 541; x_wconf 79' lang='lat' dir='ltr'><em>qui</em></span> <span class='ocrx_word' id='word_1_15' title='bbox 995 460 1068 524; x_wconf 90' lang='lat' dir='ltr'><em>P.</em></span> <span class='ocrx_word' id='word_1_16' title='bbox 1116 459 1335 526; x_wconf 79' lang='lat' dir='ltr'><em>Clodio</em></span> <span class='ocrx_word' id='word_1_17' title='bbox 1379 461 1609 542; x_wconf 83' lang='lat' dir='ltr'><em>adfuit,</em></span> <span class='ocrx_word' id='word_1_18' title='bbox 1663 466 1721 524; x_wconf 91' lang='lat' dir='ltr'><em>et</em></span> <span class='ocrx_word' id='word_1_19' title='bbox 1773 462 1983 524; x_wconf 87' lang='lat' dir='ltr'><em>tertius</em></span> <span class='ocrx_word' id='word_1_20' title='bbox 2036 462 2141 525; x_wconf 88' lang='lat' dir='ltr'><em>ille</em></span> <span class='ocrx_word' id='word_1_21' title='bbox 2182 461 2381 526; x_wconf 83' lang='lat' dir='ltr'><em>Ourio</em></span> 
     </span>
     <span class='ocr_line' id='line_1_4' title="bbox 362 547 2379 631; baseline 0 -19"><span class='ocrx_word' id='word_1_22' title='bbox 362 549 748 630; x_wconf 89' lang='lat' dir='ltr'><em>tribunicius,</em></span> <span class='ocrx_word' id='word_1_23' title='bbox 802 551 911 630; x_wconf 79' lang='lat' dir='ltr'><em>qui</em></span> <span class='ocrx_word' id='word_1_24' title='bbox 954 549 1101 613; x_wconf 89' lang='lat' dir='ltr'><em>bello</em></span> <span class='ocrx_word' id='word_1_25' title='bbox 1146 550 1312 613; x_wconf 86' lang='lat' dir='ltr'><em>civili</em></span> <span class='ocrx_word' id='word_1_26' title='bbox 1357 547 1730 631; x_wconf 89' lang='lat' dir='ltr'><em>Pompeiano</em></span> <span class='ocrx_word' id='word_1_27' title='bbox 1773 550 1844 613; x_wconf 91' lang='lat' dir='ltr'><em>in</em></span> <span class='ocrx_word' id='word_1_28' title='bbox 1886 549 2115 629; x_wconf 83' lang='lat' dir='ltr'><em>Africa</em></span> <span class='ocrx_word' id='word_1_29' title='bbox 2147 551 2379 631; x_wconf 87' lang='lat' dir='ltr'><em>periit,·</em></span> 
     </span>
     <span class='ocr_line' id='line_1_5' title="bbox 356 636 2381 719; baseline 0 -19"><span class='ocrx_word' id='word_1_30' title='bbox 356 639 468 717; x_wconf 79' lang='lat' dir='ltr'><em>qui</em></span> <span class='ocrx_word' id='word_1_31' title='bbox 511 658 648 701; x_wconf 88' lang='lat' dir='ltr'><em>cum</em></span> <span class='ocrx_word' id='word_1_32' title='bbox 693 643 839 701; x_wconf 89' lang='lat' dir='ltr'><em>esset</em></span> <span class='ocrx_word' id='word_1_33' title='bbox 871 639 1155 718; x_wconf 90' lang='lat' dir='ltr'><em>partium</em></span> <span class='ocrx_word' id='word_1_34' title='bbox 1204 636 1505 718; x_wconf 82' lang='lat' dir='ltr'><em>Caesaris,</em></span> <span class='ocrx_word' id='word_1_35' title='bbox 1550 657 1868 718; x_wconf 87' lang='lat' dir='ltr'><em>oppressus</em></span> <span class='ocrx_word' id='word_1_36' title='bbox 1911 643 2001 702; x_wconf 90' lang='lat' dir='ltr'><em>est</em></span> <span class='ocrx_word' id='word_1_37' title='bbox 2042 639 2120 701; x_wconf 91' lang='lat' dir='ltr'><em>ab</em></span> <span class='ocrx_word' id='word_1_38' title='bbox 2162 640 2381 719; x_wconf 80' lang='lat' dir='ltr'><em>equiti—</em></span> 
     </span>
     <span class='ocr_line' id='line_1_6' title="bbox 359 724 2473 807; baseline 0 -20"><span class='ocrx_word' id='word_1_39' title='bbox 359 727 471 788; x_wconf 85' lang='lat' dir='ltr'><em>bus</em></span> <span class='ocrx_word' id='word_1_40' title='bbox 513 725 708 788; x_wconf 87' lang='lat' dir='ltr'><em>Iubae</em></span> <span class='ocrx_word' id='word_1_41' title='bbox 751 727 925 807; x_wconf 72' lang='lat' dir='ltr'><em>reyis.</em></span> <span class='ocrx_word' id='word_1_42' title='bbox 989 726 1112 790; x_wconf 86' lang='lat' dir='ltr'><em>Sed</em></span> <span class='ocrx_word' id='word_1_43' title='bbox 1152 725 1440 790; x_wconf 82' lang='lat' dir='ltr'><em>hactenus</em></span> <span class='ocrx_word' id='word_1_44' title='bbox 1482 727 1554 790; x_wconf 89' lang='lat' dir='ltr'><em>de</em></span> <span class='ocrx_word' id='word_1_45' title='bbox 1591 724 1961 789; x_wconf 79' lang='lat' dir='ltr'><em>Curionibus</em></span> <span class='ocrx_word' id='word_1_46' title='bbox 2002 727 2231 789; x_wconf 90' lang='lat' dir='ltr'><em>dictum</em></span> <span class='ocrx_word' id='word_1_47' title='bbox 2274 725 2378 791; x_wconf 89' lang='lat' dir='ltr'><em>sit.</em></span> <span class='ocrx_word' id='word_1_48' title='bbox 2438 748 2473 788; x_wconf 88' lang='lat'><strong>5</strong></span> 
     </span>
     <span class='ocr_line' id='line_1_7' title="bbox 361 813 2381 895; baseline 0.002 -20"><span class='ocrx_word' id='word_1_49' title='bbox 361 813 638 876; x_wconf 90' lang='lat' dir='ltr'><em>Multum</em></span> <span class='ocrx_word' id='word_1_50' title='bbox 705 814 927 895; x_wconf 82' lang='lat' dir='ltr'><em>diuque</em></span> <span class='ocrx_word' id='word_1_51' title='bbox 986 814 1210 878; x_wconf 79' lang='lat' dir='ltr'><em>habitis</em></span> <span class='ocrx_word' id='word_1_52' title='bbox 1271 814 1810 878; x_wconf 76' lang='lat' dir='ltr'><em>concertationibus</em></span> <span class='ocrx_word' id='word_1_53' title='bbox 1870 819 2014 878; x_wconf 88' lang='lat' dir='ltr'><em>ante</em></span> <span class='ocrx_word' id='word_1_54' title='bbox 2074 815 2381 879; x_wconf 87' lang='lat' dir='ltr'><em>iudicium</em></span> 
     </span>
     <span class='ocr_line' id='line_1_8' title="bbox 361 899 2380 985; baseline 0.002 -22"><span class='ocrx_word' id='word_1_55' title='bbox 361 901 435 964; x_wconf 89' lang='lat' dir='ltr'><em>P.</em></span> <span class='ocrx_word' id='word_1_56' title='bbox 482 899 741 966; x_wconf 81' lang='lat' dir='ltr'><em>Clodius</em></span> <span class='ocrx_word' id='word_1_57' title='bbox 783 923 826 965; x_wconf 91' lang='lat' dir='ltr'><em>a</em></span> <span class='ocrx_word' id='word_1_58' title='bbox 872 903 1216 966; x_wconf 88' lang='lat' dir='ltr'><em>turbulenta</em></span> <span class='ocrx_word' id='word_1_59' title='bbox 1259 903 1674 985; x_wconf 85' lang='lat' dir='ltr'><em>multitudine,</em></span> <span class='ocrx_word' id='word_1_60' title='bbox 1725 922 1801 965; x_wconf 88' lang='lat' dir='ltr'><em>ne</em></span> <span class='ocrx_word' id='word_1_61' title='bbox 1844 922 2097 966; x_wconf 89' lang='lat' dir='ltr'><em>causam</em></span> <span class='ocrx_word' id='word_1_62' title='bbox 2139 903 2380 981; x_wconf 86' lang='lat' dir='ltr'><em>diceret,</em></span> 
     </span>
     <span class='ocr_line' id='line_1_9' title="bbox 358 990 2380 1071; baseline 0.001 -19"><span class='ocrx_word' id='word_1_63' title='bbox 358 1010 486 1052; x_wconf 91' lang='lat' dir='ltr'><em>non</em></span> <span class='ocrx_word' id='word_1_64' title='bbox 529 992 662 1053; x_wconf 90' lang='lat' dir='ltr'><em>sine</em></span> <span class='ocrx_word' id='word_1_65' title='bbox 704 992 935 1071; x_wconf 89' lang='lat' dir='ltr'><em>impetu</em></span> <span class='ocrx_word' id='word_1_66' title='bbox 977 992 1290 1054; x_wconf 82' lang='lat' dir='ltr'><em>seditionis</em></span> <span class='ocrx_word' id='word_1_67' title='bbox 1325 991 1576 1055; x_wconf 87' lang='lat' dir='ltr'><em>adiutus</em></span> <span class='ocrx_word' id='word_1_68' title='bbox 1618 995 1708 1054; x_wconf 89' lang='lat' dir='ltr'><em>est</em></span> <span class='ocrx_word' id='word_1_69' title='bbox 1739 995 1983 1054; x_wconf 84' lang='lat' dir='ltr'><em>auctore</em></span> <span class='ocrx_word' id='word_1_70' title='bbox 2013 990 2199 1055; x_wconf 79' lang='lat' dir='ltr'><em>huius</em></span> <span class='ocrx_word' id='word_1_71' title='bbox 2232 1011 2380 1055; x_wconf 80' lang='lat' dir='ltr'><em>con·</em></span> 
     </span>
     <span class='ocr_line' id='line_1_10' title="bbox 357 1077 2379 1160; baseline 0.001 -20"><span class='ocrx_word' id='word_1_72' title='bbox 357 1079 719 1158; x_wconf 77' lang='lat' dir='ltr'><em>spirationis</em></span> <span class='ocrx_word' id='word_1_73' title='bbox 767 1079 834 1158; x_wconf 76' lang='lat' dir='ltr'><em>Q.</em></span> <span class='ocrx_word' id='word_1_74' title='bbox 870 1079 1058 1159; x_wconf 72' lang='lat' dir='ltr'><em>Fufio</em></span> <span class='ocrx_word' id='word_1_75' title='bbox 1096 1077 1319 1144; x_wconf 82' lang='lat' dir='ltr'><em>Caleno</em></span> <span class='ocrx_word' id='word_1_76' title='bbox 1365 1079 1607 1143; x_wconf 90' lang='lat' dir='ltr'><em>tribuno</em></span> <span class='ocrx_word' id='word_1_77' title='bbox 1640 1079 1749 1160; x_wconf 69' lang='lat' dir='ltr'><em>pl„</em></span> <span class='ocrx_word' id='word_1_78' title='bbox 1794 1079 1967 1143; x_wconf 89' lang='lat' dir='ltr'><em>cuius</em></span> <span class='ocrx_word' id='word_1_79' title='bbox 2010 1080 2379 1143; x_wconf 87' lang='lat' dir='ltr'><em>mentionem</em></span> 
     </span>
     <span class='ocr_line' id='line_1_11' title="bbox 357 1166 2470 1248; baseline -0.001 -19"><span class='ocrx_word' id='word_1_80' title='bbox 357 1166 786 1230; x_wconf 80' lang='lat' dir='ltr'><em>creberrimam</em></span> <span class='ocrx_word' id='word_1_81' title='bbox 833 1167 1077 1231; x_wconf 81' lang='lat' dir='ltr'><em>Tullius</em></span> <span class='ocrx_word' id='word_1_82' title='bbox 1119 1168 1189 1231; x_wconf 92' lang='lat' dir='ltr'><em>in</em></span> <span class='ocrx_word' id='word_1_83' title='bbox 1233 1166 1600 1248; x_wconf 80' lang='lat' dir='ltr'><em>Philippicis</em></span> <span class='ocrx_word' id='word_1_84' title='bbox 1643 1166 2020 1231; x_wconf 88' lang='lat' dir='ltr'><em>orationibus</em></span> <span class='ocrx_word' id='word_1_85' title='bbox 2060 1167 2232 1246; x_wconf 83' lang='lat' dir='ltr'><em>facit,</em></span> <span class='ocrx_word' id='word_1_86' title='bbox 2276 1169 2378 1231; x_wconf 88' lang='lat' dir='ltr'><em>ob·</em></span> <span class='ocrx_word' id='word_1_87' title='bbox 2409 1188 2470 1227; x_wconf 81' lang='grc' dir='ltr'><em>ιο</em></span> 
     </span>
     <span class='ocr_line' id='line_1_12' title="bbox 360 1256 2374 1337; baseline 0.001 -19"><span class='ocrx_word' id='word_1_88' title='bbox 360 1259 559 1319; x_wconf 88' lang='lat' dir='ltr'><em>stante</em></span> <span class='ocrx_word' id='word_1_89' title='bbox 600 1276 736 1320; x_wconf 88' lang='lat' dir='ltr'><em>vero</em></span> <span class='ocrx_word' id='word_1_90' title='bbox 779 1276 977 1337; x_wconf 91' lang='lat' dir='ltr'><em>paene</em></span> <span class='ocrx_word' id='word_1_91' title='bbox 1027 1256 1307 1319; x_wconf 90' lang='lat' dir='ltr'><em>universo</em></span> <span class='ocrx_word' id='word_1_92' title='bbox 1360 1261 1575 1319; x_wconf 88' lang='lat' dir='ltr'><em>senatu</em></span> <span class='ocrx_word' id='word_1_93' title='bbox 1608 1275 1728 1335; x_wconf 87' lang='lat' dir='ltr'><em>pro</em></span> <span class='ocrx_word' id='word_1_94' title='bbox 1780 1256 2188 1319; x_wconf 86' lang='lat' dir='ltr'><em>sanctimonia</em></span> <span class='ocrx_word' id='word_1_95' title='bbox 2230 1257 2374 1320; x_wconf 90' lang='lat' dir='ltr'><em>reli-</em></span> 
     </span>
     <span class='ocr_line' id='line_1_13' title="bbox 351 1343 2375 1424; baseline 0.001 -18"><span class='ocrx_word' id='word_1_96' title='bbox 351 1345 610 1424; x_wconf 78' lang='lat' dir='ltr'><em>9ionum</em></span> <span class='ocrx_word' id='word_1_97' title='bbox 663 1346 950 1408; x_wconf 88' lang='lat' dir='ltr'><em>adversus</em></span> <span class='ocrx_word' id='word_1_98' title='bbox 1001 1346 1229 1407; x_wconf 85' lang='lat' dir='ltr'><em>crimen</em></span> <span class='ocrx_word' id='word_1_99' title='bbox 1282 1344 1513 1408; x_wconf 87' lang='lat' dir='ltr'><em>incesti.</em></span> <span class='ocrx_word' id='word_1_100' title='bbox 1601 1343 1843 1407; x_wconf 89' lang='lat' dir='ltr'><em>Iudices</em></span> <span class='ocrx_word' id='word_1_101' title='bbox 1892 1348 2100 1407; x_wconf 90' lang='lat' dir='ltr'><em>tamen</em></span> <span class='ocrx_word' id='word_1_102' title='bbox 2143 1345 2229 1407; x_wconf 89' lang='lat' dir='ltr'><em>ad</em></span> <span class='ocrx_word' id='word_1_103' title='bbox 2269 1365 2375 1408; x_wconf 79' lang='lat' dir='ltr'><em>ex-</em></span> 
     </span>
     <span class='ocr_line' id='line_1_14' title="bbox 363 1432 2380 1515; baseline 0.001 -21"><span class='ocrx_word' id='word_1_104' title='bbox 363 1436 621 1495; x_wconf 88' lang='lat' dir='ltr'><em>tremum</em></span> <span class='ocrx_word' id='word_1_105' title='bbox 647 1433 780 1495; x_wconf 90' lang='lat' dir='ltr'><em>dati</em></span> <span class='ocrx_word' id='word_1_106' title='bbox 802 1438 964 1496; x_wconf 88' lang='lat' dir='ltr'><em>sunt.</em></span> <span class='ocrx_word' id='word_1_107' title='bbox 1020 1433 1113 1496; x_wconf 92' lang='lat' dir='ltr'><em>Et</em></span> <span class='ocrx_word' id='word_1_108' title='bbox 1125 1433 1336 1513; x_wconf 88' lang='lat' dir='ltr'><em>primo</em></span> <span class='ocrx_word' id='word_1_109' title='bbox 1360 1433 1603 1512; x_wconf 81' lang='lat' dir='ltr'><em>quidem</em></span> <span class='ocrx_word' id='word_1_110' title='bbox 1638 1432 1716 1495; x_wconf 91' lang='lat' dir='ltr'><em>ab</em></span> <span class='ocrx_word' id='word_1_111' title='bbox 1749 1437 1965 1496; x_wconf 88' lang='lat' dir='ltr'><em>senatu</em></span> <span class='ocrx_word' id='word_1_112' title='bbox 1989 1433 2380 1515; x_wconf 76' lang='lat' dir='ltr'><em>praesidium</em></span> 
     </span>
     <span class='ocr_line' id='line_1_15' title="bbox 351 1519 2377 1602; baseline 0.001 -20"><span class='ocrx_word' id='word_1_113' title='bbox 351 1520 726 1602; x_wconf 87' lang='lat' dir='ltr'><em>petiverunt,</em></span> <span class='ocrx_word' id='word_1_114' title='bbox 779 1526 849 1583; x_wconf 89' lang='lat' dir='ltr'><em>ut</em></span> <span class='ocrx_word' id='word_1_115' title='bbox 900 1522 972 1584; x_wconf 90' lang='lat' dir='ltr'><em>de</em></span> <span class='ocrx_word' id='word_1_116' title='bbox 1025 1519 1273 1602; x_wconf 82' lang='lat' dir='ltr'><em>Clodio,</em></span> <span class='ocrx_word' id='word_1_117' title='bbox 1318 1521 1736 1601; x_wconf 87' lang='lat' dir='ltr'><em>potentissimo</em></span> <span class='ocrx_word' id='word_1_118' title='bbox 1788 1519 2058 1602; x_wconf 79' lang='lat' dir='ltr'><em>homine,</em></span> <span class='ocrx_word' id='word_1_119' title='bbox 2125 1521 2377 1586; x_wconf 81' lang='lat' dir='ltr'><em>liberius</em></span> 
     </span>
     <span class='ocr_line' id='line_1_16' title="bbox 361 1608 2460 1690; baseline 0.001 -19"><span class='ocrx_word' id='word_1_120' title='bbox 361 1609 766 1683; x_wconf 89' lang='lat' dir='ltr'><em>iudicaretur,·</em></span> <span class='ocrx_word' id='word_1_121' title='bbox 812 1628 1021 1671; x_wconf 82' lang='lat' dir='ltr'><em>verum</em></span> <span class='ocrx_word' id='word_1_122' title='bbox 1064 1609 1157 1671; x_wconf 87' lang='lat' dir='ltr'><em>ita</em></span> <span class='ocrx_word' id='word_1_123' title='bbox 1189 1627 1288 1671; x_wconf 91' lang='lat' dir='ltr'><em>res</em></span> <span class='ocrx_word' id='word_1_124' title='bbox 1324 1610 1546 1690; x_wconf 89' lang='lat' dir='ltr'><em>cecidit,</em></span> <span class='ocrx_word' id='word_1_125' title='bbox 1590 1612 1662 1670; x_wconf 89' lang='lat' dir='ltr'><em>ut</em></span> <span class='ocrx_word' id='word_1_126' title='bbox 1693 1609 1764 1671; x_wconf 91' lang='lat' dir='ltr'><em>in</em></span> <span class='ocrx_word' id='word_1_127' title='bbox 1803 1629 1940 1671; x_wconf 88' lang='lat' dir='ltr'><em>eum</em></span> <span class='ocrx_word' id='word_1_128' title='bbox 1975 1608 2157 1672; x_wconf 88' lang='lat' dir='ltr'><em>multi</em></span> <span class='ocrx_word' id='word_1_129' title='bbox 2185 1630 2378 1690; x_wconf 75' lang='lat' dir='ltr'><em>yrave</em></span> <span class='ocrx_word' id='word_1_130' title='bbox 2408 1629 2460 1668; x_wconf 86' lang='lat'><em>1⁵</em></span> 
     </span>
     <span class='ocr_line' id='line_1_17' title="bbox 362 1697 2378 1778; baseline 0.001 -20"><span class='ocrx_word' id='word_1_131' title='bbox 362 1697 771 1759; x_wconf 87' lang='lat' dir='ltr'><em>testimonium</em></span> <span class='ocrx_word' id='word_1_132' title='bbox 814 1697 1093 1778; x_wconf 85' lang='lat' dir='ltr'><em>dicerent,</em></span> <span class='ocrx_word' id='word_1_133' title='bbox 1135 1715 1396 1777; x_wconf 76' lang='lat' dir='ltr'><em>quorum</em></span> <span class='ocrx_word' id='word_1_134' title='bbox 1440 1698 1509 1760; x_wconf 90' lang='lat' dir='ltr'><em>in</em></span> <span class='ocrx_word' id='word_1_135' title='bbox 1542 1716 1794 1760; x_wconf 87' lang='lat' dir='ltr'><em>numero</em></span> <span class='ocrx_word' id='word_1_136' title='bbox 1830 1697 1925 1761; x_wconf 87' lang='lat' dir='ltr'><em>M.</em></span> <span class='ocrx_word' id='word_1_137' title='bbox 1963 1698 2090 1778; x_wconf 90' lang='lat' dir='ltr'><em>ipse</em></span> <span class='ocrx_word' id='word_1_138' title='bbox 2129 1697 2378 1762; x_wconf 81' lang='lat' dir='ltr'><em>Tullius</em></span> 
     </span>
     <span class='ocr_line' id='line_1_18' title="bbox 361 1784 2375 1866; baseline 0.001 -20"><span class='ocrx_word' id='word_1_139' title='bbox 361 1786 768 1865; x_wconf 74' lang='lat' dir='ltr'><em>interroyatus</em></span> <span class='ocrx_word' id='word_1_140' title='bbox 820 1786 915 1846; x_wconf 89' lang='lat' dir='ltr'><em>ait</em></span> <span class='ocrx_word' id='word_1_141' title='bbox 964 1785 1050 1847; x_wconf 89' lang='lat' dir='ltr'><em>ad</em></span> <span class='ocrx_word' id='word_1_142' title='bbox 1097 1803 1161 1847; x_wconf 89' lang='lat' dir='ltr'><em>se</em></span> <span class='ocrx_word' id='word_1_143' title='bbox 1210 1785 1547 1848; x_wconf 88' lang='lat' dir='ltr'><em>salutatum</em></span> <span class='ocrx_word' id='word_1_144' title='bbox 1600 1786 1832 1849; x_wconf 87' lang='lat' dir='ltr'><em>venisse</em></span> <span class='ocrx_word' id='word_1_145' title='bbox 1884 1787 2024 1866; x_wconf 87' lang='lat' dir='ltr'><em>ipsa</em></span> <span class='ocrx_word' id='word_1_146' title='bbox 2076 1786 2173 1849; x_wconf 89' lang='lat' dir='ltr'><em>die</em></span> <span class='ocrx_word' id='word_1_147' title='bbox 2228 1784 2375 1850; x_wconf 82' lang='lat' dir='ltr'><em>Clo-</em></span> 
     </span>
     <span class='ocr_line' id='line_1_19' title="bbox 359 1872 2377 1952; baseline 0.001 -18"><span class='ocrx_word' id='word_1_148' title='bbox 359 1873 557 1947; x_wconf 88' lang='lat' dir='ltr'><em>dium,</em></span> <span class='ocrx_word' id='word_1_149' title='bbox 611 1892 734 1952; x_wconf 82' lang='lat' dir='ltr'><em>qua</em></span> <span class='ocrx_word' id='word_1_150' title='bbox 776 1891 839 1935; x_wconf 89' lang='lat' dir='ltr'><em>se</em></span> <span class='ocrx_word' id='word_1_151' title='bbox 881 1872 985 1935; x_wconf 91' lang='lat' dir='ltr'><em>ille</em></span> <span class='ocrx_word' id='word_1_152' title='bbox 1028 1873 1412 1936; x_wconf 87' lang='lat' dir='ltr'><em>contenderat</em></span> <span class='ocrx_word' id='word_1_153' title='bbox 1453 1873 1850 1936; x_wconf 85' lang='lat' dir='ltr'><em>Interamnae</em></span> <span class='ocrx_word' id='word_1_154' title='bbox 1888 1873 2082 1952; x_wconf 83' lang='lat' dir='ltr'><em>fuisse</em></span> <span class='ocrx_word' id='word_1_155' title='bbox 2124 1874 2377 1938; x_wconf 85' lang='lat' dir='ltr'><em>milibus</em></span> 
     </span>
     <span class='ocr_line' id='line_1_20' title="bbox 349 1960 2377 2044; baseline 0.001 -21"><span class='ocrx_word' id='word_1_156' title='bbox 349 1979 654 2042; x_wconf 77' lang='lat' dir='ltr'><em>passuum</em></span> <span class='ocrx_word' id='word_1_157' title='bbox 686 1960 878 2039; x_wconf 83' lang='lat' dir='ltr'><em>ferme</em></span> <span class='ocrx_word' id='word_1_158' title='bbox 912 1961 1242 2025; x_wconf 91' lang='lat' dir='ltr'><strong><em>LXXXX</em></strong></span> <span class='ocrx_word' id='word_1_159' title='bbox 1272 1963 1351 2025; x_wconf 93' lang='lat' dir='ltr'><em>ab</em></span> <span class='ocrx_word' id='word_1_160' title='bbox 1385 1963 1531 2025; x_wconf 88' lang='lat' dir='ltr'><em>urbe</em></span> <span class='ocrx_word' id='word_1_161' title='bbox 1563 1963 1952 2039; x_wconf 85' lang='lat' dir='ltr'><em>disiunctum,</em></span> <span class='ocrx_word' id='word_1_162' title='bbox 1996 1983 2114 2044; x_wconf 81' lang='lat' dir='ltr'><em>quo</em></span> <span class='ocrx_word' id='word_1_163' title='bbox 2147 1963 2377 2027; x_wconf 88' lang='lat' dir='ltr'><em>scilicet</em></span> 
     </span>
     <span class='ocr_line' id='line_1_21' title="bbox 360 2049 2454 2130; baseline 0.002 -19"><span class='ocrx_word' id='word_1_164' title='bbox 360 2049 555 2112; x_wconf 87' lang='lat' dir='ltr'><em>videri</em></span> <span class='ocrx_word' id='word_1_165' title='bbox 598 2049 828 2112; x_wconf 88' lang='lat' dir='ltr'><em>volebat</em></span> <span class='ocrx_word' id='word_1_166' title='bbox 869 2050 1082 2114; x_wconf 86' lang='lat' dir='ltr'><em>incesti</em></span> <span class='ocrx_word' id='word_1_167' title='bbox 1116 2049 1352 2114; x_wconf 88' lang='lat' dir='ltr'><em>Romae</em></span> <span class='ocrx_word' id='word_1_168' title='bbox 1395 2052 1803 2115; x_wconf 90' lang='lat' dir='ltr'><em>committendi</em></span> <span class='ocrx_word' id='word_1_169' title='bbox 1843 2050 2200 2130; x_wconf 83' lang='lat' dir='ltr'><em>facultatem</em></span> <span class='ocrx_word' id='word_1_170' title='bbox 2241 2071 2373 2115; x_wconf 84' lang='lat' dir='ltr'><em>non</em></span> <span class='ocrx_word' id='word_1_171' title='bbox 2401 2071 2454 2108; x_wconf 85' lang='lat'><em>20</em></span> 
     </span>
     <span class='ocr_line' id='line_1_22' title="bbox 359 2136 2373 2218; baseline 0.001 -18"><span class='ocrx_word' id='word_1_172' title='bbox 359 2137 655 2201; x_wconf 78' lang='lat' dir='ltr'><em>habuisse.</em></span> <span class='ocrx_word' id='word_1_173' title='bbox 753 2136 844 2201; x_wconf 89' lang='lat' dir='ltr'><em>Et</em></span> <span class='ocrx_word' id='word_1_174' title='bbox 883 2143 1027 2218; x_wconf 90' lang='lat' dir='ltr'><em>post</em></span> <span class='ocrx_word' id='word_1_175' title='bbox 1076 2138 1222 2202; x_wconf 80' lang='lat' dir='ltr'><em>haec</em></span> <span class='ocrx_word' id='word_1_176' title='bbox 1283 2139 1362 2202; x_wconf 91' lang='lat' dir='ltr'><em>ab</em></span> <span class='ocrx_word' id='word_1_177' title='bbox 1424 2140 1724 2203; x_wconf 87' lang='lat' dir='ltr'><em>iudicibus</em></span> <span class='ocrx_word' id='word_1_178' title='bbox 1776 2139 1917 2202; x_wconf 91' lang='lat' dir='ltr'><em>XX</em></span> <span class='ocrx_word' id='word_1_179' title='bbox 1926 2138 1988 2202; x_wconf 90' lang='lat' dir='ltr'><strong><em>V</em></strong></span> <span class='ocrx_word' id='word_1_180' title='bbox 2038 2140 2373 2203; x_wconf 89' lang='lat' dir='ltr'><em>damnatus</em></span> 
     </span>
     <span class='ocr_line' id='line_1_23' title="bbox 359 2227 2373 2306; baseline 0 -17"><span class='ocrx_word' id='word_1_181' title='bbox 359 2230 477 2300; x_wconf 90' lang='lat' dir='ltr'><em>est,·</em></span> <span class='ocrx_word' id='word_1_182' title='bbox 529 2227 887 2306; x_wconf 86' lang='lat' dir='ltr'><em>praevaluit</em></span> <span class='ocrx_word' id='word_1_183' title='bbox 947 2232 1149 2290; x_wconf 90' lang='lat' dir='ltr'><em>tamen</em></span> <span class='ocrx_word' id='word_1_184' title='bbox 1210 2228 1296 2291; x_wconf 89' lang='lat' dir='ltr'><em>ad</em></span> <span class='ocrx_word' id='word_1_185' title='bbox 1355 2228 1484 2291; x_wconf 89' lang='lat' dir='ltr'><em>eius</em></span> <span class='ocrx_word' id='word_1_186' title='bbox 1537 2228 1854 2291; x_wconf 84' lang='lat' dir='ltr'><em>victoriam</em></span> <span class='ocrx_word' id='word_1_187' title='bbox 1907 2228 2110 2290; x_wconf 87' lang='lat' dir='ltr'><em>maior</em></span> <span class='ocrx_word' id='word_1_188' title='bbox 2162 2248 2373 2291; x_wconf 89' lang='lat' dir='ltr'><em>eorum</em></span> 
     </span>
     <span class='ocr_line' id='line_1_24' title="bbox 360 2315 2369 2397; baseline 0.001 -20"><span class='ocrx_word' id='word_1_189' title='bbox 360 2334 677 2397; x_wconf 83' lang='lat' dir='ltr'><em>numerus,</em></span> <span class='ocrx_word' id='word_1_190' title='bbox 739 2315 848 2395; x_wconf 81' lang='lat' dir='ltr'><em>qui</em></span> <span class='ocrx_word' id='word_1_191' title='bbox 909 2315 1321 2392; x_wconf 86' lang='lat' dir='ltr'><em>absolverunt,·</em></span> <span class='ocrx_word' id='word_1_192' title='bbox 1384 2336 1534 2379; x_wconf 91' lang='lat' dir='ltr'><em>nam</em></span> <span class='ocrx_word' id='word_1_193' title='bbox 1587 2315 1796 2378; x_wconf 91' lang='lat' dir='ltr'><em>XXX</em></span> <span class='ocrx_word' id='word_1_194' title='bbox 1844 2320 1901 2378; x_wconf 94' lang='lat' dir='ltr'><em>et</em></span> <span class='ocrx_word' id='word_1_195' title='bbox 1954 2336 2086 2378; x_wconf 89' lang='lat' dir='ltr'><em>una</em></span> <span class='ocrx_word' id='word_1_196' title='bbox 2126 2336 2248 2396; x_wconf 88' lang='lat' dir='ltr'><em>pro</em></span> <span class='ocrx_word' id='word_1_197' title='bbox 2303 2336 2369 2379; x_wconf 91' lang='lat' dir='ltr'><em>eo</em></span> 
     </span>
     <span class='ocr_line' id='line_1_25' title="bbox 359 2404 2371 2485; baseline 0 -18"><span class='ocrx_word' id='word_1_198' title='bbox 359 2404 688 2467; x_wconf 85' lang='lat' dir='ltr'><em>sententiae</em></span> <span class='ocrx_word' id='word_1_199' title='bbox 742 2404 903 2467; x_wconf 90' lang='lat' dir='ltr'><em>latae</em></span> <span class='ocrx_word' id='word_1_200' title='bbox 954 2409 1114 2468; x_wconf 86' lang='lat' dir='ltr'><em>sunt.</em></span> <span class='ocrx_word' id='word_1_201' title='bbox 1202 2404 1360 2467; x_wconf 84' lang='lat' dir='ltr'><em>Inde</em></span> <span class='ocrx_word' id='word_1_202' title='bbox 1403 2405 1596 2485; x_wconf 79' lang='lat' dir='ltr'><em>iyitur</em></span> <span class='ocrx_word' id='word_1_203' title='bbox 1639 2404 1924 2485; x_wconf 88' lang='lat' dir='ltr'><em>capitalis</em></span> <span class='ocrx_word' id='word_1_204' title='bbox 1966 2404 2256 2468; x_wconf 88' lang='lat' dir='ltr'><em>inimicus</em></span> <span class='ocrx_word' id='word_1_205' title='bbox 2298 2405 2371 2467; x_wconf 87' lang='lat' dir='ltr'><em>in</em></span> 
     </span>
     <span class='ocr_line' id='line_1_26' title="bbox 360 2491 2456 2572; baseline 0 -16"><span class='ocrx_word' id='word_1_206' title='bbox 360 2492 456 2556; x_wconf 87' lang='lat' dir='ltr'><em>M.</em></span> <span class='ocrx_word' id='word_1_207' title='bbox 517 2492 792 2555; x_wconf 85' lang='lat' dir='ltr'><em>Tullium</em></span> <span class='ocrx_word' id='word_1_208' title='bbox 843 2493 1030 2572; x_wconf 90' lang='lat' dir='ltr'><em>coepit</em></span> <span class='ocrx_word' id='word_1_209' title='bbox 1090 2491 1298 2570; x_wconf 83' lang='lat' dir='ltr'><em>efferri</em></span> <span class='ocrx_word' id='word_1_210' title='bbox 1359 2497 1437 2569; x_wconf 91' lang='lat' dir='ltr'><em>et,</em></span> <span class='ocrx_word' id='word_1_211' title='bbox 1500 2512 1637 2555; x_wconf 86' lang='lat' dir='ltr'><em>cum</em></span> <span class='ocrx_word' id='word_1_212' title='bbox 1699 2491 1806 2555; x_wconf 91' lang='lat' dir='ltr'><em>illo</em></span> <span class='ocrx_word' id='word_1_213' title='bbox 1866 2511 2032 2554; x_wconf 91' lang='lat' dir='ltr'><em>anno</em></span> <span class='ocrx_word' id='word_1_214' title='bbox 2078 2496 2372 2572; x_wconf 80' lang='lat' dir='ltr'><em>potestate</em></span> <span class='ocrx_word' id='word_1_215' title='bbox 2402 2510 2456 2549; x_wconf 81' lang='lat'><em>25</em></span> 
     </span>
     <span class='ocr_line' id='line_1_27' title="bbox 358 2579 2371 2661; baseline 0.001 -19"><span class='ocrx_word' id='word_1_216' title='bbox 358 2581 708 2660; x_wconf 80' lang='lat' dir='ltr'><em>quaestoria</em></span> <span class='ocrx_word' id='word_1_217' title='bbox 764 2579 1143 2661; x_wconf 75' lang='lat' dir='ltr'><em>funyeretur,</em></span> <span class='ocrx_word' id='word_1_218' title='bbox 1214 2582 1385 2661; x_wconf 89' lang='lat' dir='ltr'><em>apud</em></span> <span class='ocrx_word' id='word_1_219' title='bbox 1433 2580 1733 2661; x_wconf 88' lang='lat' dir='ltr'><em>populum</em></span> <span class='ocrx_word' id='word_1_220' title='bbox 1793 2580 2169 2644; x_wconf 83' lang='lat' dir='ltr'><em>creberrimis</em></span> <span class='ocrx_word' id='word_1_221' title='bbox 2229 2600 2371 2644; x_wconf 84' lang='lat' dir='ltr'><em>eum</em></span> 
     </span>
     <span class='ocr_line' id='line_1_28' title="bbox 360 2667 2375 2749; baseline 0.001 -19"><span class='ocrx_word' id='word_1_222' title='bbox 360 2667 737 2731; x_wconf 81' lang='lat' dir='ltr'><em>contionibus</em></span> <span class='ocrx_word' id='word_1_223' title='bbox 782 2668 1126 2744; x_wconf 87' lang='lat' dir='ltr'><em>lacessebat,·</em></span> <span class='ocrx_word' id='word_1_224' title='bbox 1173 2669 1379 2732; x_wconf 91' lang='lat' dir='ltr'><em>minas</em></span> <span class='ocrx_word' id='word_1_225' title='bbox 1420 2670 1574 2748; x_wconf 81' lang='lat' dir='ltr'><em>quin</em></span> <span class='ocrx_word' id='word_1_226' title='bbox 1617 2668 1804 2732; x_wconf 84' lang='lat' dir='ltr'><em>immo</em></span> <span class='ocrx_word' id='word_1_227' title='bbox 1836 2670 2241 2749; x_wconf 87' lang='lat' dir='ltr'><em>praetendens</em></span> <span class='ocrx_word' id='word_1_228' title='bbox 2285 2670 2375 2733; x_wconf 79' lang='lat' dir='ltr'><em>ad</em></span> 
     </span>
     <span class='ocr_line' id='line_1_29' title="bbox 356 2755 2369 2837; baseline 0.001 -19"><span class='ocrx_word' id='word_1_229' title='bbox 356 2755 673 2834; x_wconf 83' lang='lat' dir='ltr'><em>familiam</em></span> <span class='ocrx_word' id='word_1_230' title='bbox 715 2775 778 2820; x_wconf 91' lang='lat' dir='ltr'><em>se</em></span> <span class='ocrx_word' id='word_1_231' title='bbox 810 2755 1111 2837; x_wconf 84' lang='lat' dir='ltr'><em>plebeiam</em></span> <span class='ocrx_word' id='word_1_232' title='bbox 1156 2758 1584 2837; x_wconf 89' lang='lat' dir='ltr'><em>transiturum,</em></span> <span class='ocrx_word' id='word_1_233' title='bbox 1626 2761 1699 2819; x_wconf 88' lang='lat' dir='ltr'><em>ut</em></span> <span class='ocrx_word' id='word_1_234' title='bbox 1741 2757 2023 2820; x_wconf 86' lang='lat' dir='ltr'><em>tribunus</em></span> <span class='ocrx_word' id='word_1_235' title='bbox 2045 2757 2136 2837; x_wconf 90' lang='lat' dir='ltr'><em>pl.</em></span> <span class='ocrx_word' id='word_1_236' title='bbox 2179 2758 2369 2837; x_wconf 70' lang='lat' dir='ltr'><em>fieret,</em></span> 
     </span>
     <span class='ocr_line' id='line_1_30' title="bbox 358 2843 2369 2923; baseline 0 -15"><span class='ocrx_word' id='word_1_237' title='bbox 358 2844 772 2908; x_wconf 87' lang='lat' dir='ltr'><em>denuntiabat.</em></span> <span class='ocrx_word' id='word_1_238' title='bbox 876 2843 1106 2923; x_wconf 71' lang='lat' dir='ltr'><em>Quibus</em></span> <span class='ocrx_word' id='word_1_239' title='bbox 1166 2845 1602 2909; x_wconf 88' lang='lat' dir='ltr'><em>minacissimis</em></span> <span class='ocrx_word' id='word_1_240' title='bbox 1662 2845 1836 2909; x_wconf 89' lang='lat' dir='ltr'><em>illius</em></span> <span class='ocrx_word' id='word_1_241' title='bbox 1900 2845 2140 2908; x_wconf 87' lang='lat' dir='ltr'><em>vocibus</em></span> <span class='ocrx_word' id='word_1_242' title='bbox 2199 2844 2369 2909; x_wconf 75' lang='lat' dir='ltr'><em>velte-</em></span> 
     </span>
     <span class='ocr_line' id='line_1_31' title="bbox 359 2930 2460 3015; baseline 0 -19"><span class='ocrx_word' id='word_1_243' title='bbox 359 2938 590 2998; x_wconf 87' lang='lat' dir='ltr'><em>menter</em></span> <span class='ocrx_word' id='word_1_244' title='bbox 633 2939 690 2996; x_wconf 90' lang='lat' dir='ltr'><em>et</em></span> <span class='ocrx_word' id='word_1_245' title='bbox 731 2934 1026 2997; x_wconf 89' lang='lat' dir='ltr'><em>acerrimo</em></span> <span class='ocrx_word' id='word_1_246' title='bbox 1069 2934 1295 3015; x_wconf 88' lang='lat' dir='ltr'><em>spiritu</em></span> <span class='ocrx_word' id='word_1_247' title='bbox 1338 2933 1452 2997; x_wconf 81' lang='lat' dir='ltr'><em>hac</em></span> <span class='ocrx_word' id='word_1_248' title='bbox 1496 2934 1766 2997; x_wconf 89' lang='lat' dir='ltr'><em>oratione</em></span> <span class='ocrx_word' id='word_1_249' title='bbox 1811 2930 2015 2998; x_wconf 83' lang='lat' dir='ltr'><em>Oice&#39;ro</em></span> <span class='ocrx_word' id='word_1_250' title='bbox 2059 2934 2377 3014; x_wconf 85' lang='lat' dir='ltr'><em>respondit</em></span> <span class='ocrx_word' id='word_1_251' title='bbox 2404 2952 2460 2990; x_wconf 78' lang='lat'><em>30</em></span> 
     </span>
     <span class='ocr_line' id='line_1_32' title="bbox 359 3019 1734 3104; baseline 0 -19"><span class='ocrx_word' id='word_1_252' title='bbox 359 3021 408 3102; x_wconf 84' lang='lat'><strong>†</strong></span> <span class='ocrx_word' id='word_1_253' title='bbox 452 3024 741 3104; x_wconf 88' lang='lat' dir='ltr'><em>duorum,</em></span> <span class='ocrx_word' id='word_1_254' title='bbox 789 3027 915 3084; x_wconf 90' lang='lat' dir='ltr'><em>tam</em></span> <span class='ocrx_word' id='word_1_255' title='bbox 959 3023 1157 3104; x_wconf 90' lang='lat' dir='ltr'><em>ipsius</em></span> <span class='ocrx_word' id='word_1_256' title='bbox 1198 3042 1388 3102; x_wconf 81' lang='lat' dir='ltr'><em>quam</em></span> <span class='ocrx_word' id='word_1_257' title='bbox 1434 3019 1734 3086; x_wconf 80' lang='lat' dir='ltr'><em>Curionis.</em></span> 
     </span>
    </p>

    <p class='ocr_par' dir='ltr' id='par_1_3' title="bbox 357 3106 2462 3632">
     <span class='ocr_line' id='line_1_33' title="bbox 501 3106 2373 3192; baseline 0 -19"><span class='ocrx_word' id='word_1_258' title='bbox 501 3112 703 3173; x_wconf 88' lang='lat'><em>1—4.</em></span> <span class='ocrx_word' id='word_1_259' title='bbox 749 3106 1250 3192; x_wconf 87' lang='lat' dir='ltr'><em>Statueram,·P.</em></span> <span class='ocrx_word' id='word_1_260' title='bbox 1300 3108 1387 3191; x_wconf 75' lang='lat' dir='ltr'><em>C,</em></span> <span class='ocrx_word' id='word_1_261' title='bbox 1435 3109 1645 3192; x_wconf 91' lang='lat' dir='ltr'><em>quoad</em></span> <span class='ocrx_word' id='word_1_262' title='bbox 1691 3130 1837 3173; x_wconf 85' lang='lat' dir='ltr'><em>reus</em></span> <span class='ocrx_word' id='word_1_263' title='bbox 1886 3112 2056 3173; x_wconf 85' lang='lat' dir='ltr'><em>esset</em></span> <span class='ocrx_word' id='word_1_264' title='bbox 2100 3107 2171 3171; x_wconf 90' lang='lat' dir='ltr'><em>P.</em></span> <span class='ocrx_word' id='word_1_265' title='bbox 2223 3106 2373 3173; x_wconf 81' lang='lat' dir='ltr'><em>Glo-</em></span> 
     </span>
     <span class='ocr_line' id='line_1_34' title="bbox 361 3197 2372 3281; baseline 0 -21"><span class='ocrx_word' id='word_1_266' title='bbox 361 3198 520 3280; x_wconf 85' lang='lat' dir='ltr'><em>dius,</em></span> <span class='ocrx_word' id='word_1_267' title='bbox 564 3198 729 3261; x_wconf 88' lang='lat' dir='ltr'><em>nihil</em></span> <span class='ocrx_word' id='word_1_268' title='bbox 778 3199 854 3263; x_wconf 92' lang='lat' dir='ltr'><em>de</em></span> <span class='ocrx_word' id='word_1_269' title='bbox 899 3199 1016 3262; x_wconf 93' lang='lat' dir='ltr'><em>illo</em></span> <span class='ocrx_word' id='word_1_270' title='bbox 1061 3219 1268 3281; x_wconf 87' lang='lat' dir='ltr'><em>neque</em></span> <span class='ocrx_word' id='word_1_271' title='bbox 1317 3198 1486 3281; x_wconf 87' lang='lat' dir='ltr'><em>apud</em></span> <span class='ocrx_word' id='word_1_272' title='bbox 1530 3218 1646 3262; x_wconf 85' lang='lat' dir='ltr'><em>vos</em></span> <span class='ocrx_word' id='word_1_273' title='bbox 1691 3219 1896 3281; x_wconf 91' lang='lat' dir='ltr'><em>neque</em></span> <span class='ocrx_word' id='word_1_274' title='bbox 1943 3198 2071 3261; x_wconf 92' lang='lat' dir='ltr'><em>alio</em></span> <span class='ocrx_word' id='word_1_275' title='bbox 2119 3197 2254 3261; x_wconf 91' lang='lat' dir='ltr'><em>ullo</em></span> <span class='ocrx_word' id='word_1_276' title='bbox 2302 3198 2372 3261; x_wconf 89' lang='lat' dir='ltr'><em>in</em></span> 
     </span>
     <span class='ocr_line' id='line_1_35' title="bbox 359 3285 2372 3368; baseline 0 -19"><span class='ocrx_word' id='word_1_277' title='bbox 359 3285 502 3349; x_wconf 86' lang='lat' dir='ltr'><em>loeo</em></span> <span class='ocrx_word' id='word_1_278' title='bbox 568 3286 792 3350; x_wconf 83' lang='lat' dir='ltr'><em>dicere.</em></span> <span class='ocrx_word' id='word_1_279' title='bbox 905 3288 1174 3351; x_wconf 79' lang='lat' dir='ltr'><em>Tametsi</em></span> <span class='ocrx_word' id='word_1_280' title='bbox 1235 3287 1496 3368; x_wconf 88' lang='lat' dir='ltr'><em>capitale</em></span> <span class='ocrx_word' id='word_1_281' title='bbox 1555 3285 1711 3349; x_wconf 79' lang='lat' dir='ltr'><em>mihi</em></span> <span class='ocrx_word' id='word_1_282' title='bbox 1770 3287 1979 3350; x_wconf 90' lang='lat' dir='ltr'><em>odium</em></span> <span class='ocrx_word' id='word_1_283' title='bbox 2039 3287 2231 3349; x_wconf 90' lang='lat' dir='ltr'><em>minis</em></span> <span class='ocrx_word' id='word_1_284' title='bbox 2294 3307 2372 3350; x_wconf 85' lang='lat' dir='ltr'><em>ac</em></span> 
     </span>
     <span class='ocr_line' id='line_1_36' title="bbox 358 3371 2462 3458; baseline 0.001 -24"><span class='ocrx_word' id='word_1_285' title='bbox 358 3371 622 3436; x_wconf 85' lang='lat' dir='ltr'><em>furiosis</em></span> <span class='ocrx_word' id='word_1_286' title='bbox 670 3374 1077 3439; x_wconf 86' lang='lat' dir='ltr'><em>contionibus</em></span> <span class='ocrx_word' id='word_1_287' title='bbox 1123 3375 1460 3457; x_wconf 74' lang='lat' dir='ltr'><em>indixerat,</em></span> <span class='ocrx_word' id='word_1_288' title='bbox 1508 3374 1677 3458; x_wconf 91' lang='lat' dir='ltr'><em>quod</em></span> <span class='ocrx_word' id='word_1_289' title='bbox 1724 3373 1917 3437; x_wconf 86' lang='lat' dir='ltr'><em>simul</em></span> <span class='ocrx_word' id='word_1_290' title='bbox 1963 3374 2046 3437; x_wconf 83' lang='lat' dir='ltr'><em>ab</em></span> <span class='ocrx_word' id='word_1_291' title='bbox 2093 3394 2168 3438; x_wconf 91' lang='lat' dir='ltr'><em>eo</em></span> <span class='ocrx_word' id='word_1_292' title='bbox 2206 3373 2372 3437; x_wconf 90' lang='lat' dir='ltr'><em>mihi</em></span> <span class='ocrx_word' id='word_1_293' title='bbox 2406 3393 2462 3431; x_wconf 77' lang='lat'><em>35</em></span> 
     </span>
     <span class='ocr_line' id='line_1_37' title="bbox 359 3459 2371 3545; baseline 0.004 -27"><span class='ocrx_word' id='word_1_294' title='bbox 359 3461 425 3518; x_wconf 92' lang='lat' dir='ltr'><em>et</em></span> <span class='ocrx_word' id='word_1_295' title='bbox 468 3459 563 3521; x_wconf 92' lang='lat' dir='ltr'><em>rei</em></span> <span class='ocrx_word' id='word_1_296' title='bbox 606 3460 905 3542; x_wconf 86' lang='lat' dir='ltr'><em>publicae</em></span> <span class='ocrx_word' id='word_1_297' title='bbox 953 3462 1481 3545; x_wconf 74' lang='lat' dir='ltr'><em>denuntiabatur,</em></span> <span class='ocrx_word' id='word_1_298' title='bbox 1541 3468 1744 3526; x_wconf 89' lang='lat' dir='ltr'><em>tamen</em></span> <span class='ocrx_word' id='word_1_299' title='bbox 1794 3482 1983 3543; x_wconf 82' lang='lat' dir='ltr'><em>neque</em></span> <span class='ocrx_word' id='word_1_300' title='bbox 2025 3463 2159 3525; x_wconf 81' lang='lat' dir='ltr'><em>dixi</em></span> <span class='ocrx_word' id='word_1_301' title='bbox 2203 3464 2371 3542; x_wconf 77' lang='lat' dir='ltr'><em>quic-</em></span> 
     </span>
     <span class='ocr_line' id='line_1_38' title="bbox 357 3551 2374 3632; baseline 0.003 -27"><span class='ocrx_word' id='word_1_302' title='bbox 357 3562 544 3619; x_wconf 80' lang='lat' dir='ltr'><em>quam</em></span> <span class='ocrx_word' id='word_1_303' title='bbox 584 3567 708 3625; x_wconf 87' lang='lat' dir='ltr'><em>pro</em></span> <span class='ocrx_word' id='word_1_304' title='bbox 764 3551 1127 3632; x_wconf 87' lang='lat' dir='ltr'><em>testimonio,</em></span> <span class='ocrx_word' id='word_1_305' title='bbox 1187 3552 1317 3614; x_wconf 87' lang='lat' dir='ltr'><em>nisi</em></span> <span class='ocrx_word' id='word_1_306' title='bbox 1368 3551 1531 3631; x_wconf 79' lang='lat' dir='ltr'><em>quod</em></span> <span class='ocrx_word' id='word_1_307' title='bbox 1580 3555 1713 3614; x_wconf 89' lang='lat' dir='ltr'><em>erat</em></span> <span class='ocrx_word' id='word_1_308' title='bbox 1772 3552 1865 3614; x_wconf 88' lang='lat' dir='ltr'><em>ita</em></span> <span class='ocrx_word' id='word_1_309' title='bbox 1926 3554 2137 3614; x_wconf 88' lang='lat' dir='ltr'><em>notum</em></span> <span class='ocrx_word' id='word_1_310' title='bbox 2190 3555 2374 3630; x_wconf 79' lang='lat' dir='ltr'><em>atque</em></span> 
     </span>
    </p>
   </div>
  </div>
 </body>
</html>
