2630 3913
791 216 1241 272 ORATIONUM.
1279 216 1342 271 B.
1388 215 1583 271 18—C.
1620 215 1713 270 IV.
2137 213 2265 278 289

324 445 332 456 ‚
394 379 496 444 27.
554 377 803 460 Ulpian.
842 381 910 443 in
945 378 1093 462 Diq.
1131 377 1343 443 XLII
1380 382 1440 442 4.
1477 383 1519 442 4
1556 376 1844 442 Latitare
1885 382 1973 443 est
2015 397 2156 456 non,
2200 381 2271 441 ut

261 465 468 533 Cicero
511 469 750 550 definit,
796 467 1005 552 turpis
1053 467 1400 532 occultatio
1449 466 1565 530 sui.

394 556 496 621 28.
550 556 674 620 Iul.
732 556 935 620 Victor
979 561 1037 621 6.
1081 560 1123 619 4
1174 576 1235 637 Ρ.
1280 560 1427 620 402.
1472 558 1560 619 20
1612 555 1701 619 H.
1789 554 1891 618 Ab
1941 558 2149 619 eventu
2200 555 2268 616 in

260 644 383 727 fine
416 644 807 726 (aryumenta
842 645 1195 723 ducuntur),
1231 649 1301 707 ut
1327 644 1421 707 M.
1454 643 1699 707 Tullius
1727 641 1930 708 Cicero
1947 663 1967 705 .·
2006 639 2075 707 Si
2110 641 2267 705 iudi·

182 751 208 791 5
263 731 560 797 caveritis
617 732 754 797 sine
811 732 959 796 dolo
1015 732 1187 795 malo
1243 752 1435 815 posse
1489 730 1807 795 familiam
1869 730 2270 816 congregari,

263 820 589 885 hominem
628 820 847 904 occidi,
885 821 1181 885 omnibus
1217 819 1602 884 facinorosis
1642 820 1910 884 eandem
1941 819 2269 884 licentiam

263 908 705 994 permiseritis,

396 997 499 1061 29.
547 998 752 1078 Quint.
797 997 911 1061 IX
950 1002 1012 1063 2.
1057 1001 1140 1061 41
1185 996 1361 1060 Haec
1402 997 1644 1077 quidem
1690 997 2012 1062 translatio
2057 1003 2270 1079 tempo-

264 1106 431 1169 rum,
493 1106 647 1166 quae
686 1087 941 1167 proprie
992 1081 1382 1168 μετάστασις
1434 1086 1685 1166 dicitur,
1748 1086 1818 1148 in
1873 1085 2270 1149 διατυπώσει

189 1194 238 1233 ιο
266 1174 653 1237 verecundior
696 1175 865 1254 apud
899 1177 1137 1254 priores
1176 1173 1334 1252 fuit;
1376 1172 1835 1254 praeponebant
1876 1174 2037 1237 enim
2083 1174 2271 1237 talia:

270 1259 529 1326 ‘Credite
569 1281 675 1325 vos
709 1261 977 1341 intueri’‚
1020 1267 1091 1325 ut
1123 1260 1361 1326 Cicero:
1407 1259 1602 1339 Haec,
1649 1282 1812 1344 quae
1847 1282 1980 1325 non
2017 1262 2270 1324 vidistis

273 1349 506 1431 oculiS‚
553 1349 784 1413 animis
832 1370 1089 1413 cernere
1134 1349 1430 1433 potestis

402 1436 505 1501 30.
550 1437 675 1502 Iul.
718 1437 1024 1502 Severian.
1069 1443 1151 1501 13
1196 1459 1259 1518 p.
1303 1442 1444 1502 361.
1488 1440 1577 1501 24
1621 1437 1709 1502 H.
1781 1437 1846 1501 A
1899 1458 2086 1502 causa
2140 1438 2270 1520 (ar-

262 1531 553 1607 yumenta
594 1527 986 1608 sumuntur).·
1034 1522 1288 1589 Satisne
1327 1526 1530 1611 igitur
1564 1526 1844 1608 cernitiS,
1892 1527 2122 1608 quibus
2161 1526 2273 1589 ille

192 1633 241 1672 1⁵
273 1613 686 1698 mercedibus,
733 1614 965 1699 quibus
1002 1614 1474 1696 emolumentis,
1513 1614 1743 1697 quibus
1782 1615 2085 1698 praemiis
2124 1615 2272 1679 inci·

270 1707 446 1767 tatus
493 1709 550 1767 et
589 1710 798 1769 cetera.

402 1791 504 1856 31.
542 1790 726 1857 Grill.
770 1796 1079 1857 comment.
1112 1811 1179 1873 Ρ.
1217 1793 1359 1855 599.
1398 1795 1440 1854 7
1475 1790 1564 1854 H.
1628 1789 1990 1872 ‘Dispositio
2025 1796 2112 1856 est
2153 1828 2250 1856 —.

281 1879 451 1947 Unde
493 1882 651 1963 ipse:
703 1901 930 1966 meque
977 1901 1190 1944 meum
1237 1878 1485 1943 dicendi
1532 1877 1819 1942 ordinem
1867 1900 2122 1944 servare
2167 1902 2275 1966 pa-

269 1969 541 2033 tiamini.

191 2077 244 2115 20
404 2058 516 2141 32,
571 2057 673 2121 33.
731 2056 856 2122 Iul.
912 2056 1235 2138 Rufinian.
1279 2060 1327 2121 2
1367 2077 1436 2139 Ρ.
1479 2060 1580 2121 39.
1627 2062 1670 2121 8
1713 2056 1801 2120 H.
1891 2054 2276 2142 Χλευασμός

270 2147 396 2210 sive
432 2107 941 2227 ἐπικερτόμησις.
977 2181 1062 2189 -
1097 2144 1291 2226 Apud
1314 2142 1690 2209 Ciceronem.
1729 2143 1927 2219 Quasi
1962 2168 2114 2210 vero
2153 2168 2273 2231 ego

276 2232 352 2296 de
396 2231 560 2296 facie
604 2235 738 2313 tua,
782 2231 1129 2315 Catamite,
1177 2232 1474 2296 dixerim!
1526 2234 1619 2298 vel
1662 2233 1858 2298 alias:
1911 2232 2275 2298 Potuistine

275 2319 801 2385 contumeliosius
849 2319 1084 2404 facere,
1140 2319 1191 2384 si
1240 2320 1364 2383 tibi
1407 2321 1531 2386 hoc
1575 2319 1622 2403 †
1665 2319 1982 2386 Parmeno
2029 2322 2276 2406 alloqui

275 2431 351 2474 ac
395 2430 525 2473 non
569 2408 709 2492 ipse
752 2407 1071 2472 Parmeno
1115 2408 1523 2473 nuntiasset?

193 2515 247 2555 25
408 2497 511 2562 34.
547 2497 801 2580 Pompei
834 2501 1140 2562 comment.
1177 2496 1245 2560 T.
1285 2497 1348 2561 V
1369 2519 1437 2578 Ρ.
1464 2502 1606 2563 304.
1638 2503 1681 2563 7
1705 2494 1869 2562 Keil.
1925 2498 2272 2565 Homoeote·

273 2587 475 2651 leuton
518 2591 619 2664 est,
663 2587 935 2667 quotiens
977 2586 1047 2649 in
1088 2585 1268 2650 verba
1310 2586 1508 2650 exitus
1551 2589 1639 2650 est
1674 2587 1863 2651 unius
1895 2588 2047 2650 soni.
2110 2587 2275 2653 Puta

271 2675 558 2740 habemns
600 2676 771 2756 apud
802 2672 1146 2739 Oiceronem
1180 2675 1559 2758 apertissime
1593 2676 1897 2755 positum:
1944 2673 2227 2759 Itaque
2208 2700 2281 2741 ln

272 2763 461 2828 illum
505 2784 635 2828 non
681 2762 1223 2844 animadvertisti,
1268 2762 1381 2827 sed
1425 2762 1751 2847 hospitem
1795 2762 2137 2848 reliquisti.

400 3148 827 3217 O.T1TUL1
874 3148 1394 3215 ORATIONUM
1439 3148 2156 3217 DEPERDITARUM.

189 3309 245 3349 ³0
272 3292 322 3376 Ι,
366 3292 450 3358 II.
494 3291 639 3357 Pno
687 3292 1229 3374 Ac1L1o‚capitis
1271 3311 1372 3356 reo
1415 3290 1531 3374 (ad
1569 3293 1722 3372 fam
1778 3291 1919 3357 VII
1957 3298 2056 3358 30.
2101 3294 2190 3375 3).

271 3345 388 3446 1'11.
452 3381 595 3446 PRO
641 3380 1391 3461 C.ANT0N10,colle9a
1443 3381 1512 3444 in
1565 3381 1885 3445 consulatu
1937 3380 2077 3462 (pro
2121 3383 2279 3447 dom.

404 3476 502 3535 16.
549 3475 649 3552 41,
693 3469 822 3533 Dio
867 3468 1033 3534 Cass.
1080 3468 1479 3532 XXXVIII
1516 3475 1613 3533 10.
1659 3469 1747 3551 4).

270 3556 382 3623 IV.
455 3557 599 3623 PRo
645 3574 948 3621 MULIERE
995 3555 1365 3620 ARRETINA
1409 3556 1550 3637 (pro
1595 3554 1760 3623 Caec.
1806 3561 1906 3622 33.
1951 3557 2082 3635 97).

381 3671 487 3711 010.
515 3672 594 3712 lv.
626 3671 663 3711 3.
1894 3666 1956 3712 19
