2630 3913
660 193 1080 248 POEMATUM.
1117 193 1185 249 H.
1224 193 1301 246 IV
1338 210 1386 246 a⁴
1409 211 1459 248 v.
1500 200 1795 247 613—686.
2111 192 2238 254 379

224 357 546 440 Persaepe
593 359 668 419 ut
714 377 985 440 parvum
1033 355 1769 439 tranansgeminaverit
1807 356 2046 419 orbem.
2139 372 2241 420 650

225 445 351 510 Hic
398 465 602 530 genus
651 447 717 507 et
764 465 983 507 suram
1029 465 1173 507 cum
1221 442 1442 506 Chelis
1491 443 1685 528 erigit
1731 444 1888 526 alte,

224 533 374 617 Ipse
423 537 639 597 autem
685 553 993 615 praeceps
1042 532 1315 595 obscura
1359 535 1550 596 nocte
1596 535 1879 614 tenetur,

42 630 199 690 405
226 622 403 686 Dum
447 620 635 704 Nepa
682 624 748 683 et
793 619 1177 683 Arcitenens
1224 620 1510 683 invisant
1556 619 1805 683 lumina
1851 620 2039 702 caeli3

224 709 397 774 Nam
446 730 662 773 secum
710 707 990 771 medium
1037 708 1277 791 pandet
1323 707 1534 791 Nepa,
1581 708 1813 771 tollere
1860 729 2012 772 vero

224 797 304 861 In
351 797 601 862 caelum
646 799 863 859 totum
909 797 1201 859 exoriens
1249 796 1590 860 conabitur
1635 795 1864 859 Arcus
2141 812 2242 860 655

223 885 351 949 Hic
399 885 610 948 tribus
658 884 868 948 elatus
917 906 1061 948 cum
1110 884 1313 968 signis
1362 905 1628 967 corpore
1674 887 1818 948 toto

224 974 454 1056 Lucet,
503 977 572 1036 at
618 973 903 1038 exoritur
950 972 1161 1036 media
1208 972 1284 1036 de
1330 975 1515 1056 parte
1564 969 1846 1054 Corona,

42 1073 203 1129 410
228 1061 576 1145 Caudaque
625 1058 931 1124 Centauri
979 1064 1266 1124 extremo
1314 1060 1589 1124 candore
1632 1058 1934 1145 refulget.

226 1150 354 1214 Hic
401 1171 468 1214 se
513 1150 646 1213 iam
692 1153 905 1213 totum
954 1171 1174 1213 caecas
1219 1148 1445 1232 Equus
1493 1149 1675 1212 abdit
1719 1149 1789 1212 in
1835 1148 2098 1211 umbras
2109 1198 2125 1230 ,

226 1238 431 1313 Quem
478 1237 678 1301 rutila
722 1237 981 1322 fulgens
1028 1239 1253 1321 pluma
1297 1238 1740 1320 praetervolat
1784 1236 1961 1300 Ales
2141 1251 2244 1300 660

226 1326 479 1391 Occidit
522 1326 974 1390 Andromedae
1022 1326 1268 1389 clarum
1315 1329 1536 1409 caput,
1585 1329 1649 1388 et
1694 1325 1833 1388 fera
1876 1322 2119 1387 Pistrix

225 1415 501 1479 Labitur
547 1414 881 1479 horribilis
929 1415 1153 1498 epulas
1197 1413 1459 1477 funesta
1504 1415 1856 1497 requirens.
1941 1445 1948 1452 -

52 1512 202 1571 415
228 1504 416 1567 Hanc
462 1507 689 1567 contra
734 1501 1027 1586 Cepheus
1074 1523 1202 1567 non
1251 1506 1463 1567 cessat
1507 1502 1768 1565 tendere
1813 1502 2094 1585 palmas3

227 1592 359 1656 Illa
402 1613 603 1674 usque
650 1591 731 1654 ad
779 1591 1030 1674 spinam
1079 1611 1378 1676 mergens
1425 1612 1492 1654 se
1539 1590 1797 1654 caerula
1842 1589 2078 1654 condit.

228 1680 324 1744 At
345 1678 637 1764 Cepheus
667 1683 862 1763 caput
891 1682 1084 1762 atque
1112 1701 1369 1742 umeros
1397 1680 1777 1763 palmasque
1808 1679 2095 1742 reclinat.
2144 1694 2245 1742 665

320 1767 485 1832 Cum
531 1789 684 1832 vero
732 1768 829 1830 vis
878 1771 978 1830 est
1023 1767 1366 1831 vehemens
1414 1771 1640 1832 exorta
1685 1766 1955 1851 Nepai,

229 1857 392 1921 Late
436 1856 584 1920 fusa
630 1856 836 1938 volat3
881 1859 953 1919 in
998 1861 1192 1920 terras
1238 1857 1467 1920 labitur
1511 1858 1707 1933 unda,

232 1945 543 2027 Orionque
585 1950 748 2009 metu
781 1945 1103 2027 perculsus
1148 1946 1429 2009 conditur
1470 1966 1617 2009 una.

228 2034 394 2099 Pace
436 2034 621 2097 huius
668 2034 844 2097 liceat
886 2052 1138 2097 causam
1182 2035 1536 2114 explicuisse
1580 2035 1844 2110 timoriS,

242 2122 454 2205 Virgo,
501 2127 640 2197 tuem
686 2122 869 2204 mihi,
912 2142 1158 2202 quaem,
1203 2123 1341 2185 veni
1373 2123 1651 2202 placata,
1700 2122 1937 2185 Diana.
2142 2136 2247 2183 670

229 2211 407 2274 Haec
439 2211 617 2290 fama
653 2215 740 2275 est
771 2210 1108 2290 hominum,
1152 2209 1307 2289 haec,
1332 2231 1448 2292 per
1484 2212 1693 2271 terras
1731 2207 1908 2271 fama
1944 2210 2246 2293 vagatur:

61 2306 211 2365 420
230 2297 326 2363 Ut
374 2298 695 2382 quondam
743 2297 943 2361 Orion
990 2298 1287 2361 manibus
1336 2297 1614 2360 violasse
1661 2296 1939 2358 Dianam

229 2386 489 2452 Dicitur
535 2386 803 2450 excelsis
852 2407 1073 2449 errans
1120 2385 1188 2448 in
1234 2385 1511 2449 collibus
1559 2405 1779 2448 amens
1790 2433 1806 2465 ,

230 2475 407 2549 Quos
453 2478 633 2538 tenet
677 2474 941 2559 Aegaeo
990 2474 1197 2537 defixa
1241 2473 1311 2536 in
1358 2472 1619 2558 gurgite
1666 2470 1890 2550 Chius,

228 2562 551 2627 Bacchica
597 2584 792 2645 quam
838 2561 1027 2625 viridi
1074 2561 1393 2625 convestit
1438 2560 1725 2645 tegmine
1772 2559 1943 2622 vitis
2145 2574 2245 2622 675

229 2651 352 2715 Ille
398 2651 570 2714 feras
617 2673 878 2715 vaecors
924 2649 1169 2713 amenti
1213 2649 1401 2713 corde
1445 2650 1720 2713 necabat

63 2747 207 2807 425
233 2739 627 2823 Oenopionis
675 2760 869 2802 avens
917 2738 1140 2821 epulas
1188 2760 1417 2801 ornare
1463 2738 1749 2801 nitentis.

232 2827 326 2891 At
373 2849 525 2891 vero
573 2826 842 2910 pedibus
892 2826 1110 2890 subito
1156 2847 1462 2910 percussa
1507 2825 1754 2889 Dianae

229 2915 457 2979 Insula
505 2914 803 2978 discessit
850 2914 1241 2997 disiectaque
1289 2937 1446 2978 saxa
1492 2913 1811 2977 revellens

231 3003 519 3068 Perculit
565 3007 630 3066 et
677 3024 897 3067 caecas
943 3002 1252 3066 lustravit
1297 3003 1437 3067 luce
1484 3003 1777 3083 lacunas;
2148 3016 2248 3064 680

230 3091 287 3155 E
338 3092 571 3175 quibus
617 3091 868 3176 ingenti
915 3090 1136 3154 existit
1182 3113 1327 3155 cum
1375 3112 1641 3174 corpore
1687 3110 1842 3173 prae
1888 3109 1961 3152 se

67 3188 211 3248 430
232 3179 536 3263 Scorpios
566 3178 859 3243 infestus
905 3183 1334 3263 praeportans
1378 3179 1595 3251 flebile
1644 3198 1927 3242 acumen.

232 3268 360 3332 Hic
405 3266 620 3332 valido
668 3267 896 3351 cupide
943 3271 1286 3331 venantem
1334 3267 1612 3351 perculit
1656 3266 1791 3331 ictu

229 3355 638 3420 Mortiferum
684 3355 753 3418 in
799 3377 993 3420 venas
1038 3355 1312 3420 fundens
1360 3377 1476 3439 per
1521 3355 1789 3418 vulnera
1835 3353 2028 3415 virus.

228 3443 353 3507 Ille
402 3443 588 3529 gravi
634 3442 914 3507 moriens
962 3445 1321 3509 constravit
1366 3465 1634 3527 corpore
1680 3447 1942 3506 terram.
2147 3457 2247 3505 685

232 3531 463 3615 Quare,
512 3553 658 3596 cum
705 3532 960 3618 magnis
1010 3554 1148 3595 sese
1193 3532 1381 3619 Nepa
1427 3532 1680 3595 lucibus
1728 3532 1931 3606 effert,
