2630 3913
340 163 473 230 360
1115 167 1565 224 FRAGMENTA

1086 387 1191 445 IV.
1255 387 1597 445 ARATEA.

902 534 952 573 a.
1007 517 1232 573 ARATI
1265 486 1775 573 PRAENOMENA

835 605 986 660 cum
1023 605 1244 661 GROTI
1281 605 1849 662 sUPPLEMEN‘rIs,

343 714 405 780 A
449 715 602 781 Iove
646 714 980 780 Musarum
1025 715 1404 800 primordia.
1448 736 1681 817 semper
1724 718 1793 780 in
1836 736 1939 781 ore

342 804 666 869 Plurimus
707 805 813 868 ille
855 804 1171 868 hominum
1215 810 1318 882 est,
1363 806 1469 886 qui
1512 805 1775 887 compita
1814 805 2069 869 numine
2109 824 2369 890 magno,

342 891 796 974 Consiliumque
838 893 1044 957 virum
1087 893 1360 975 complet,
1399 893 1766 975 pelayusque
1796 893 2207 974 profundum,

339 980 433 1046 Et
462 981 672 1063 pelaqi
705 985 937 1062 portus.
996 980 1277 1060 fruimur
1320 980 1488 1057 Iove,
1532 985 1590 1045 et
1629 983 1867 1044 utimur
1909 1001 2127 1046 omnes.

342 1068 478 1133 Nos
515 1089 707 1151 yenus
749 1069 947 1151 illius,
990 1068 1164 1133 nobis
1205 1069 1311 1133 ille
1354 1070 1553 1133 omine
1599 1069 1751 1133 laeto
2328 1085 2367 1136 5

341 1156 616 1221 Deoetera
647 1158 1033 1240 praesiynat,
1065 1158 1482 1238 populumque
1527 1157 1833 1222 wboribus
1875 1162 2070 1241 urget,

345 1245 641 1311 Oonsulat
679 1250 752 1309 ut
791 1247 980 1310 vitae:
1025 1246 1269 1327 quando
1311 1246 1397 1310 sit
1439 1250 1605 1309 terra
1648 1245 1840 1327 liyoni

341 1333 596 1417 Aptior,
637 1339 752 1398 aut
791 1333 981 1398 bubus
1023 1338 1247 1410 monet,
1293 1338 1354 1397 et
1392 1353 1510 1414 quo
1555 1338 1815 1415 tempore
1846 1353 1975 1416 par
2017 1334 2122 1411 sit,

343 1422 480 1485 Aut
517 1442 734 1505 serere,
778 1426 892 1486 aut
930 1426 1131 1503 septas
1176 1420 1438 1502 lymphis
1479 1422 1831 1504 adsperyere
1862 1421 2134 1503 plantas.

341 1510 487 1591 Ipse
529 1512 715 1575 etiam
758 1511 829 1575 in
871 1529 1094 1592 magno
1137 1510 1353 1591 defixit
1391 1511 1600 1574 sidera
1641 1511 1869 1574 mundo
2289 1526 2365 1575 10

346 1597 575 1663 Ordine
615 1618 882 1680 quaeque
922 1618 1060 1681 suo,
1103 1602 1283 1678 atque
1326 1598 1397 1661 in
1440 1602 1632 1662 totum
1662 1599 1960 1679 providus
2002 1617 2244 1662 annum

341 1687 539 1751 Astra
580 1688 767 1769 dedit,
810 1706 966 1767 quae
1006 1705 1120 1750 nos
1162 1691 1473 1764 moneant,
1518 1707 1642 1766 qua
1684 1686 1978 1768 quaelibet
2017 1684 2173 1750 hora

341 1775 513 1856 Apta
551 1776 706 1856 yeri,
751 1778 914 1838 certa
954 1777 1291 1838 nascantur
1333 1779 1405 1838 ut
1446 1776 1658 1838 omnia
1701 1775 1836 1857 leye.

341 1862 516 1925 Idem
560 1881 697 1944 eryo
730 1863 981 1942 primus
1015 1862 1330 1942 placatur,
1374 1867 1434 1925 et
1472 1863 1730 1927 ultimus
1771 1862 1949 1926 idem,

340 1950 574 2033 Mayne
604 1954 811 2033 pater,
854 1970 1148 2032 maynum
1190 1950 1551 2016 mortalibus
1592 1952 2361 2029 inermenhM,15

340 2038 669 2121 Proqenies
701 2040 911 2121 prior,
954 2043 1012 2103 et
1051 2038 1253 2103 dulces
1294 2044 1438 2104 ante
1480 2042 1691 2103 omnia
1732 2039 1984 2121 Musae,

342 2125 561 2192 Ouncti
602 2148 734 2191 una
775 2128 995 2192 salvete
1036 2127 1217 2205 mihi,
1261 2132 1321 2193 et
1359 2128 1508 2191 dum
1550 2129 1754 2193 sidera
1796 2132 1997 2208 canto,

341 2214 415 2280 Si
457 2217 558 2280 ius
597 2216 815 2296 fasque
856 2216 1095 2293 sinunt,
1142 2216 1389 2298 lonyum
1432 2216 1699 2280 deducite
1740 2234 2001 2280 carmen.

428 2301 660 2368 Cetera
704 2303 1014 2368 labuntur
1057 2303 1249 2368 celeri
1294 2304 1600 2368 caelestia
1643 2307 1827 2368 motu

342 2390 504 2458 Cum
550 2391 855 2476 caeloque
900 2392 1094 2456 simul
1139 2394 1487 2475 nocssesque
1534 2391 1794 2476 diesque
1839 2391 2160 2475 feruntur,
2284 2406 2359 2458 20

340 2482 504 2545 Axis
546 2486 616 2544 at
655 2483 942 2545 immotus
984 2500 1304 2561 nunquam
1347 2480 1601 2562 vestigia
1643 2484 1866 2558 mutat,

339 2569 463 2633 Sed
505 2573 660 2633 tenet
699 2568 944 2649 aequali
988 2568 1244 2632 libratas
1275 2569 1545 2649 pondere
1588 2573 1816 2645 terras‚·

342 2657 531 2737 Quem
575 2657 804 2720 circum
846 2676 1069 2737 mayno
1111 2675 1174 2720 se
1214 2656 1401 2720 volvit
1443 2656 1681 2720 turbine
1723 2657 1967 2721 eoelum.

337 2743 811 2827 Extremusque
858 2743 1013 2807 adeo
1062 2743 1301 2827 duplici
1348 2743 1425 2806 de
1470 2744 1726 2808 cardine
1748 2785 1749 2788 =
1773 2748 1993 2809 verssex

338 2832 592 2896 Dicitur
638 2853 777 2896 esse
821 2831 1047 2914 Polus,
1090 2852 1352 2914 quorum
1393 2831 1492 2896 hic
1532 2854 1659 2897 non
1701 2834 1995 2915 cernitur,
2039 2831 2145 2896 ille
2282 2847 2351 2897 25

337 2921 447 2985 Ad
486 2921 786 2998 Boream,
836 2919 1063 2985 Oceani
1103 2941 1327 3001 supera
1369 2922 1640 3001 confinia
1683 2922 1902 2986 tendit:

341 3010 530 3089 Quem
572 3010 825 3090 einyunt
878 3008 1106 3075 Ursae
1148 3009 1397 3072 celebres
1440 3010 1789 3091 cognomine
1830 3008 2213 3094 Plaustri,

339 3096 511 3171 Quas
555 3097 766 3162 nosssri
811 3094 1072 3182 Septem
1117 3096 1297 3161 soliti
1343 3096 1627 3161 vocitare
1673 3097 1961 3163 Triones,

336 3187 614 3251 Altemus
657 3190 863 3267 eaput,
907 3186 1162 3250 alterius
1202 3185 1599 3265 flammantia
1643 3190 1811 3267 terya

335 3274 603 3355 Aspicit,
647 3275 830 3354 inque
871 3275 1058 3338 vicem
1092 3293 1331 3355 pronas
1372 3274 1543 3357 rapit
1582 3273 1744 3338 orbis
1768 3274 1857 3338 ¹in
1897 3274 2063 3355 ipsos
2276 3288 2348 3338 80

475 3444 542 3497 V.
575 3450 604 3497 1
646 3443 753 3499 Gic.
792 3447 859 3500 de
894 3447 1023 3515 leyy.
1061 3446 1141 3498 ΙΙ
1161 3450 1212 3499 3.
1243 3451 1294 3500 7.
1334 3476 1400 3486 -
1443 3453 1506 3501 19
1529 3464 1609 3514 sq.
1651 3445 1758 3502 Cic.
1789 3447 1863 3501 N.
1893 3446 1968 3500 D.
1996 3447 2181 3500 1141.
2221 3451 2361 3502 104.-

336 3539 404 3547 —
444 3517 512 3563 24
532 3528 612 3578 sq.
652 3514 710 3564 et
747 3520 813 3567 28
854 3516 964 3569 Cic.
1003 3516 1078 3570 N.
1117 3516 1190 3570 D.
1228 3516 1309 3568 ΙΙ
1337 3521 1422 3571 41.
1460 3522 1570 3572 105
1587 3533 1663 3588 sq.
