2630 3913
317 185 446 249 300
1097 184 1548 239 FRAGMENTA

314 349 385 411 in
429 348 647 429 quibus
683 348 973 429 ipsorum,
1017 348 1125 428 qui
1158 346 1500 429 consulunt,
1543 351 1846 428 spectatur
1878 347 2136 412 utilitas.
2200 347 2331 411 Nec

314 457 410 500 me
457 437 652 519 fallit,
715 456 871 517 quae
921 437 1131 500 statim
1183 436 1464 516 coqitatio
1517 434 1721 500 subire
1761 437 1963 518 possit
2013 437 2327 517 leqentem:

317 524 455 589 Hoc
498 544 634 608 erqo
667 525 977 606 praecipis
1029 528 1088 587 et
1137 522 1246 587 hoc
1293 524 1399 603 fas
1432 523 1667 604 putas?
1757 523 2009 589 Poterat
2048 544 2145 588 me
2189 525 2330 588 libe-

317 633 458 677 rare
492 612 712 693 Cicero,
756 613 865 694 qui
907 613 1000 676 ita
1042 611 1253 676 scribit
1294 612 1381 675 ad
1413 610 1690 676 Brutum
1722 613 2094 694 praepositis
2130 613 2328 693 pluri·

316 703 452 782 mis,
495 721 650 781 quae
690 700 927 765 honeste
964 700 1212 764 suaderi
1248 697 1503 764 Caesari
1540 701 1808 781 possint:
1854 698 2071 765 Simne
2118 701 2327 765 bonus
2385 719 2414 760 ⁵

318 789 442 871 vir,
500 790 555 851 si
609 788 767 853 haec
823 787 1168 852 suadeam?
1258 786 1552 870 Minime3
1613 789 1896 852 suasoris
1954 788 2125 853 enim
2178 789 2327 852 finis

320 880 419 940 est
464 877 715 940 utilitas
763 876 897 940 eius
909 927 926 959 ,
980 876 1081 941 cui
1137 875 1407 960 quisque
1465 875 1710 941 suadet.
1799 876 1893 940 At
1939 881 2114 941 recta
2160 881 2328 940 sunt.

319 963 475 1039 Quis
529 964 771 1050 negat?
826 965 940 1029 sed
992 985 1124 1029 non
1178 968 1279 1028 esi:
1335 985 1588 1049 semper
1645 965 1841 1029 rectis
1888 964 1955 1028 in
2003 965 2328 1029 suadendo

320 1054 518 1118 locus,

454 1142 511 1205 7.
549 1141 804 1222 Quintil.
843 1141 1019 1207 Vzo.
1050 1147 1091 1207 9
1123 1139 1618 1224 ‘Arqumentum’
1655 1161 1885 1223 quoque
1909 1141 2103 1223 plura
2138 1143 2327 1224 siqni-
2360 1163 2414 1201 ιο

319 1230 478 1310 sicat.
570 1229 743 1294 Nam
786 1234 844 1295 et
890 1231 1141 1310 fabulae
1192 1232 1278 1294 ad
1318 1234 1524 1294 actum
1566 1249 1927 1295 scaenarum
1971 1232 2331 1311 compositae

321 1316 724 1402 ‘arqumenta’
762 1319 1068 1402 dicuntur,
1111 1323 1168 1383 et
1202 1319 1550 1382 orationum
1578 1316 1884 1383 Ciceronis
1924 1318 2086 1382 velut
2128 1318 2331 1382 thema

320 1427 619 1489 exponens
663 1406 1010 1472 Pedianus:
1065 1405 1576 1489 ‘Arqumentum'‚
1633 1408 1857 1489 inquit,
1915 1405 2056 1470 ‘tale
2098 1404 2225 1489 est’,
2270 1413 2332 1470 et

320 1497 448 1576 ipse
490 1493 695 1560 Cicero
740 1497 825 1559 ad
858 1495 1132 1559 Brutum
1176 1497 1266 1559 ita
1309 1495 1549 1560 scribit:
1594 1492 1857 1558 Veritus
1902 1492 2202 1578 fortasse,
2244 1516 2328 1559 ne

321 1605 440 1648 nos
485 1583 553 1646 in
599 1580 912 1648 Catonem
957 1586 1255 1648 nostrum
1304 1581 1804 1647 transferremus
1850 1582 2014 1646 illim
2064 1582 2328 1666 aliquid,
2361 1602 2412 1642 15

323 1672 447 1736 etsi
494 1675 948 1757 argumentum
996 1670 1208 1734 simile
1253 1692 1383 1735 non
1430 1674 1586 1735 erat.

455 1761 508 1824 8.
553 1760 806 1840 Quintil.
845 1759 1031 1823 VIII
1057 1765 1115 1823 3.
1153 1765 1193 1824 6
1227 1758 1406 1823 Recte
1448 1758 1653 1824 Cicero
1697 1759 1796 1824 his
1839 1760 1991 1841 ipsis
2034 1761 2120 1824 ad
2153 1760 2327 1824 Bru—

322 1853 451 1911 tum
504 1847 695 1911 verbis
746 1848 1015 1928 quadam
1067 1849 1138 1911 in
1190 1848 1449 1929 epistula
1504 1847 1742 1912 scribit:
1800 1846 1970 1911 Nam
2029 1848 2328 1931 eloquen-

322 1933 510 2017 tiam,
568 1956 730 2019 quae
786 1934 1276 2000 admirationem
1333 1958 1463 2001 non
1516 1935 1739 2018 habet,
1796 1936 2043 2001 nullam
2098 1936 2326 2002 iudico.

454 2025 512 2088 9.
570 2025 821 2103 Quintil.
878 2024 1062 2089 VIII
1105 2029 1162 2090 3.
1216 2029 1300 2089 34
1355 2025 1446 2090 Et
1494 2045 1648 2106 quae
1698 2031 1896 2089 vetera
1945 2046 2115 2090 nunc
2165 2032 2325 2107 sunt,
2354 2045 2401 2083 20

318 2114 573 2193 fuerunt
606 2112 752 2177 olim
787 2133 963 2193 nova,
1008 2119 1065 2177 et
1096 2114 1395 2194 quaedam
1437 2120 1583 2179 sunt
1625 2114 1692 2177 in
1735 2133 1855 2178 usu
1886 2134 2191 2196 perquam
2233 2135 2323 2178 re-

322 2202 533 2266 centia.
567 2238 646 2246 —
678 2200 1025 2266 ‘Favorem’
1057 2207 1115 2266 et
1142 2201 1489 2266 ‘urbanum'
1520 2201 1722 2268 Cicero
1749 2222 1906 2266 nova
1932 2203 2148 2279 credit;
2175 2223 2329 2266 nam

320 2296 379 2354 et
412 2292 480 2354 in
513 2290 775 2371 epistula
807 2291 894 2354 ad
917 2290 1228 2354 Brutum:
1264 2289 1452 2372 Eum,
1491 2292 1704 2371 inquit,
1743 2311 2025 2354 amorem
2060 2294 2125 2353 et
2163 2312 2328 2374 eum,

322 2382 396 2442 ut
436 2378 559 2443 hoc
605 2378 803 2443 verbo
848 2381 1013 2459 utar,
1058 2377 1348 2442 favorem
1391 2378 1461 2442 in
1506 2378 1843 2442 eonsilium
1892 2378 2235 2443 advocabo.

459 2468 557 2531 10.
605 2465 859 2547 Quintil.
918 2466 1101 2531 VIII
1138 2471 1192 2531 6.
1238 2471 1326 2531 20
1369 2468 1653 2531 Maxime
1705 2467 1778 2531 in
1830 2468 2061 2532 orando
2108 2466 2330 2531 valebit
2356 2484 2409 2523 2⁵

319 2574 713 2620 numerorum
757 2555 870 2619 illa
914 2554 1188 2628 libertas:
1246 2575 1396 2618 nam
1441 2560 1499 2618 et
1538 2554 1756 2618 Livius
1798 2574 1973 2636 saepe
2015 2556 2101 2620 sic
2144 2556 2327 2620 dicit:

323 2643 667 2708 ‘Romanus
701 2643 934 2723 proelio
968 2641 1196 2723 victor',
1240 2662 1378 2706 cum
1414 2642 1726 2708 Romanos
1760 2644 1970 2708 vicisse
2002 2643 2328 2726 siqnificat‚

320 2737 375 2796 et
411 2736 622 2795 contra
659 2729 864 2795 Cicero
899 2732 986 2794 ad
1018 2730 1328 2794 Brutum:
1368 2730 1636 2815 Populo,
1672 2732 1888 2813 inquit,
1923 2731 2328 2816 inposuimus

322 2823 387 2884 et
434 2822 724 2884 oratores
773 2817 896 2882 visi
950 2840 1196 2901 summ,
1253 2839 1390 2884 cum
1442 2821 1515 2884 de
1565 2839 1626 2884 se
1680 2824 1919 2884 tantum
1974 2820 2326 2900 loqueretur.

324 2945 399 2954 —
443 2907 542 2972 Ib.
570 2907 618 2991 §
645 2909 725 2971 55
761 2906 1065 2971 Oratores
1104 2906 1226 2971 visi
1264 2928 1485 2972 sumus
1524 2910 1590 2971 ei:
1625 2908 1866 2992 populo
1903 2907 2325 2992 inposuimus,
2357 2924 2414 2964 80

458 2997 555 3060 11.
596 2995 802 3075 Quint.
839 2995 955 3060 IX
985 3001 1047 3061 3.
1080 3000 1164 3059 41
1199 2996 1388 3061 Hanc
1420 2997 1885 3078 frequentiorem
1918 2998 2329 3077 repetitionem

319 3080 570 3165 πλοκήν
623 3089 861 3167 vocant,
914 3105 1068 3166 quae
1109 3085 1184 3166 fit
1226 3105 1297 3149 ex
1340 3086 1666 3166 permixtis
1717 3085 1960 3167 figuris,
2012 3090 2082 3148 ut
2134 3105 2329 3166 supra

318 3174 478 3261 dixi,
529 3177 711 3254 utque
753 3192 817 3237 se
859 3172 1036 3238 habet
1074 3174 1336 3254 epistula
1388 3174 1473 3238 ad
1521 3172 1831 3237 Brutum:
1874 3172 2019 3257 Ego
2068 3195 2210 3238 cum
2257 3173 2329 3236 in

321 3262 601 3344 gratiam
655 3260 952 3325 redierim
1007 3283 1151 3326 eum
1207 3260 1330 3346 Ap.
1387 3259 1684 3346 Claudio,
1741 3264 1806 3326 et
1858 3261 2156 3325 redierim
2211 3283 2329 3346 per

320 3348 431 3412 Cn.
475 3347 881 3433 Pompeium,
930 3351 1046 3430 [et]
1096 3371 1218 3435 ego
1265 3371 1421 3435 ergo
1469 3372 1611 3415 cum
1658 3349 1975 3415 redierim.
2358 3367 2416 3406 ⁸5

455 3437 554 3501 12.
621 3437 825 3516 Quint.
880 3438 993 3503 IX
1040 3441 1098 3501 3.
1152 3441 1236 3503 58
1292 3437 1459 3518 Quae
1506 3459 1624 3519 per
1684 3440 2106 3503 detractionem
2165 3438 2341 3520 fiunt

318 3521 577 3600 fiyurae,
635 3524 943 3590 brevitatis
993 3526 1393 3606 novitatisque
1445 3529 1713 3592 maxime
1758 3528 2032 3610 qratiam
2080 3530 2325 3608 petunt:
