<?xml version="1.0" encoding="UTF-8"?>
<!DOCTYPE html PUBLIC "-//W3C//DTD XHTML 1.0 Transitional//EN"
    "http://www.w3.org/TR/xhtml1/DTD/xhtml1-transitional.dtd">
<html xmlns="http://www.w3.org/1999/xhtml" xml:lang="en" lang="en">
 <head>
  <title>
</title>
<meta http-equiv="Content-Type" content="text/html;charset=utf-8" />
  <meta name='ocr-system' content='tesseract 3.04.00' />
  <meta name='ocr-capabilities' content='ocr_page ocr_carea ocr_par ocr_line ocrx_word'/>
</head>
<body>
  <div class='ocr_page' id='page_1' title='image "./scriptaquaemans01cicegoog_0140.png"; bbox 0 0 2630 3913; ppageno 0'>
   <div class='ocr_carea' id='block_1_1' title="bbox 195 992 265 1040">
    <p class='ocr_par' dir='ltr' id='par_1_1' title="bbox 195 992 265 1040">
     <span class='ocr_line' id='line_1_1' title="bbox 195 992 265 1040; baseline 0.014 -1"><span class='ocrx_word' id='word_1_1' title='bbox 195 992 265 1040; x_wconf 79' lang='lat'>29</span> 
     </span>
    </p>
   </div>
   <div class='ocr_carea' id='block_1_2' title="bbox 203 2579 271 2627">
    <p class='ocr_par' dir='ltr' id='par_1_2' title="bbox 203 2579 271 2627">
     <span class='ocr_line' id='line_1_2' title="bbox 203 2579 271 2627; baseline 0 0"><span class='ocrx_word' id='word_1_2' title='bbox 203 2579 271 2627; x_wconf 74' lang='lat'>30</span> 
     </span>
    </p>
   </div>
   <div class='ocr_carea' id='block_1_3' title="bbox 200 3283 265 3332">
    <p class='ocr_par' dir='ltr' id='par_1_3' title="bbox 200 3283 265 3332">
     <span class='ocr_line' id='line_1_3' title="bbox 200 3283 265 3332; baseline 0.015 -1"><span class='ocrx_word' id='word_1_3' title='bbox 200 3283 265 3332; x_wconf 71' lang='lat'>31</span> 
     </span>
    </p>
   </div>
   <div class='ocr_carea' id='block_1_4' title="bbox 297 191 1519 260">
    <p class='ocr_par' dir='ltr' id='par_1_4' title="bbox 297 191 1519 260">
     <span class='ocr_line' id='line_1_4' title="bbox 297 191 1519 260; baseline -0.001 -13"><span class='ocrx_word' id='word_1_4' title='bbox 297 196 385 260; x_wconf 86' lang='lat'>66</span> <span class='ocrx_word' id='word_1_5' title='bbox 1082 192 1179 247; x_wconf 81' lang='lat' dir='ltr'>DE</span> <span class='ocrx_word' id='word_1_6' title='bbox 1216 191 1519 247; x_wconf 74' lang='lat' dir='ltr'>omens</span> 
     </span>
    </p>
   </div>
   <div class='ocr_carea' id='block_1_5' title="bbox 299 354 2399 3440">
    <p class='ocr_par' dir='ltr' id='par_1_5' title="bbox 299 354 2399 3440">
     <span class='ocr_line' id='line_1_5' title="bbox 301 354 2311 439; baseline -0 -18"><span class='ocrx_word' id='word_1_7' title='bbox 301 361 489 422; x_wconf 84' lang='lat' dir='ltr'>etex</span> <span class='ocrx_word' id='word_1_8' title='bbox 535 378 611 420; x_wconf 85' lang='lat' dir='ltr'>ea</span> <span class='ocrx_word' id='word_1_9' title='bbox 654 357 813 420; x_wconf 90' lang='lat' dir='ltr'>urbe</span> <span class='ocrx_word' id='word_1_10' title='bbox 857 354 1291 439; x_wconf 54' lang='lat' dir='ltr'>tnumpharil</span> <span class='ocrx_word' id='word_1_11' title='bbox 1330 355 1467 418; x_wconf 88' lang='lat' dir='ltr'>sine</span> <span class='ocrx_word' id='word_1_12' title='bbox 1524 377 1651 439; x_wconf 90' lang='lat' dir='ltr'>qua</span> <span class='ocrx_word' id='word_1_13' title='bbox 1703 376 2055 439; x_wconf 83' lang='lat' dir='ltr'><strong>numquam</strong></span> <span class='ocrx_word' id='word_1_14' title='bbox 2101 356 2311 420; x_wconf 87' lang='lat' dir='ltr'>nostri</span> 
     </span>
     <span class='ocr_line' id='line_1_6' title="bbox 300 442 2311 530; baseline -0.001 -20"><span class='ocrx_word' id='word_1_15' title='bbox 300 449 726 530; x_wconf 86' lang='lat' dir='ltr'>imperatores</span> <span class='ocrx_word' id='word_1_16' title='bbox 755 466 833 507; x_wconf 86' lang='lat' dir='ltr'>ex</span> <span class='ocrx_word' id='word_1_17' title='bbox 860 442 1305 527; x_wconf 81' lang='lat' dir='ltr'>Transalpinis</span> <span class='ocrx_word' id='word_1_18' title='bbox 1333 442 1526 507; x_wconf 89' lang='lat' dir='ltr'>bellis</span> <span class='ocrx_word' id='word_1_19' title='bbox 1553 443 2056 528; x_wconf 83' lang='lat' dir='ltr'>triumpharunt.</span> <span class='ocrx_word' id='word_1_20' title='bbox 2100 443 2311 508; x_wconf 80' lang='lat' dir='ltr'>Multa</span> 
     </span>
     <span class='ocr_line' id='line_1_7' title="bbox 299 530 2308 619; baseline -0 -22"><span class='ocrx_word' id='word_1_21' title='bbox 299 537 635 619; x_wconf 89' lang='lat' dir='ltr'>praeterea</span> <span class='ocrx_word' id='word_1_22' title='bbox 672 552 1241 597; x_wconf 80' lang='lat' dir='ltr'><strong>commemorarem</strong></span> <span class='ocrx_word' id='word_1_23' title='bbox 1275 531 1526 594; x_wconf 86' lang='lat' dir='ltr'>nefaria</span> <span class='ocrx_word' id='word_1_24' title='bbox 1560 530 1630 594; x_wconf 91' lang='lat' dir='ltr'>in</span> <span class='ocrx_word' id='word_1_25' title='bbox 1667 531 1892 615; x_wconf 89' lang='lat' dir='ltr'>socios,</span> <span class='ocrx_word' id='word_1_26' title='bbox 1930 531 1987 596; x_wconf 92' lang='lat' dir='ltr'>si</span> <span class='ocrx_word' id='word_1_27' title='bbox 2022 531 2146 597; x_wconf 91' lang='lat' dir='ltr'>hoc</span> <span class='ocrx_word' id='word_1_28' title='bbox 2180 554 2308 596; x_wconf 91' lang='lat' dir='ltr'>uno</span> 
     </span>
     <span class='ocr_line' id='line_1_8' title="bbox 303 617 2311 706; baseline -0 -20"><span class='ocrx_word' id='word_1_29' title='bbox 303 622 648 706; x_wconf 91' lang='lat' dir='ltr'>quicquam</span> <span class='ocrx_word' id='word_1_30' title='bbox 677 620 775 684; x_wconf 92' lang='lat' dir='ltr'>sol</span> <span class='ocrx_word' id='word_1_31' title='bbox 813 619 1082 684; x_wconf 86' lang='lat' dir='ltr'>vidisset</span> <span class='ocrx_word' id='word_1_32' title='bbox 1117 618 1464 704; x_wconf 80' lang='lat' dir='ltr'>indignius,</span> <span class='ocrx_word' id='word_1_33' title='bbox 1527 617 1675 683; x_wconf 90' lang='lat' dir='ltr'>Iure</span> <span class='ocrx_word' id='word_1_34' title='bbox 1711 619 1916 704; x_wconf 90' lang='lat' dir='ltr'>igitur</span> <span class='ocrx_word' id='word_1_35' title='bbox 1950 619 2311 704; x_wconf 74' lang='lat' dir='ltr'>plectimur.</span> 
     </span>
     <span class='ocr_line' id='line_1_9' title="bbox 300 707 2393 791; baseline -0.001 -17"><span class='ocrx_word' id='word_1_36' title='bbox 300 709 446 774; x_wconf 88' lang='lat' dir='ltr'>Nisi</span> <span class='ocrx_word' id='word_1_37' title='bbox 484 709 655 773; x_wconf 92' lang='lat' dir='ltr'>enim</span> <span class='ocrx_word' id='word_1_38' title='bbox 691 708 1046 773; x_wconf 88' lang='lat' dir='ltr'>multorum</span> <span class='ocrx_word' id='word_1_39' title='bbox 1082 707 1380 791; x_wconf 89' lang='lat' dir='ltr'>inpunita</span> <span class='ocrx_word' id='word_1_40' title='bbox 1416 707 1660 772; x_wconf 88' lang='lat' dir='ltr'>scelera</span> <span class='ocrx_word' id='word_1_41' title='bbox 1694 707 2088 791; x_wconf 90' lang='lat' dir='ltr'>tulissemus,</span> <span class='ocrx_word' id='word_1_42' title='bbox 2131 730 2311 772; x_wconf 91' lang='lat' dir='ltr'>num-</span> <span class='ocrx_word' id='word_1_43' title='bbox 2365 725 2393 765; x_wconf 83' lang='lat'>⁵</span> 
     </span>
     <span class='ocr_line' id='line_1_10' title="bbox 304 795 2313 882; baseline -0.001 -20"><span class='ocrx_word' id='word_1_44' title='bbox 304 820 497 882; x_wconf 89' lang='lat' dir='ltr'>quam</span> <span class='ocrx_word' id='word_1_45' title='bbox 544 797 626 860; x_wconf 90' lang='lat' dir='ltr'>ad</span> <span class='ocrx_word' id='word_1_46' title='bbox 670 818 870 861; x_wconf 84' lang='lat' dir='ltr'>unum</span> <span class='ocrx_word' id='word_1_47' title='bbox 914 799 1102 860; x_wconf 88' lang='lat' dir='ltr'>tanta</span> <span class='ocrx_word' id='word_1_48' title='bbox 1145 795 1549 880; x_wconf 84' lang='lat' dir='ltr'>pervenisset</span> <span class='ocrx_word' id='word_1_49' title='bbox 1594 795 1881 878; x_wconf 84' lang='lat' dir='ltr'>licentia3</span> <span class='ocrx_word' id='word_1_50' title='bbox 1928 819 1966 860; x_wconf 92' lang='lat' dir='ltr'>a</span> <span class='ocrx_word' id='word_1_51' title='bbox 2013 818 2140 880; x_wconf 93' lang='lat' dir='ltr'>quo</span> <span class='ocrx_word' id='word_1_52' title='bbox 2180 796 2313 880; x_wconf 91' lang='lat' dir='ltr'>qui·</span> 
     </span>
     <span class='ocr_line' id='line_1_11' title="bbox 303 883 2311 968; baseline -0 -18"><span class='ocrx_word' id='word_1_53' title='bbox 303 887 447 963; x_wconf 89' lang='lat' dir='ltr'>dem</span> <span class='ocrx_word' id='word_1_54' title='bbox 493 885 587 949; x_wconf 88' lang='lat' dir='ltr'>rei</span> <span class='ocrx_word' id='word_1_55' title='bbox 630 883 973 949; x_wconf 87' lang='lat' dir='ltr'>familiaris</span> <span class='ocrx_word' id='word_1_56' title='bbox 1020 883 1101 948; x_wconf 88' lang='lat' dir='ltr'>ad</span> <span class='ocrx_word' id='word_1_57' title='bbox 1147 904 1414 968; x_wconf 89' lang='lat' dir='ltr'>paucos,</span> <span class='ocrx_word' id='word_1_58' title='bbox 1470 883 1896 967; x_wconf 73' lang='lat' dir='ltr'>cupiditatum</span> <span class='ocrx_word' id='word_1_59' title='bbox 1943 885 2024 948; x_wconf 93' lang='lat' dir='ltr'>ad</span> <span class='ocrx_word' id='word_1_60' title='bbox 2069 885 2311 949; x_wconf 91' lang='lat' dir='ltr'>multos</span> 
     </span>
     <span class='ocr_line' id='line_1_12' title="bbox 302 970 2314 1059; baseline -0.001 -21"><span class='ocrx_word' id='word_1_61' title='bbox 302 973 611 1059; x_wconf 87' lang='lat' dir='ltr'>inprobos</span> <span class='ocrx_word' id='word_1_62' title='bbox 647 972 826 1037; x_wconf 85' lang='lat' dir='ltr'>venit</span> <span class='ocrx_word' id='word_1_63' title='bbox 861 971 1202 1036; x_wconf 76' lang='lat' dir='ltr'>hereditas.</span> <span class='ocrx_word' id='word_1_64' title='bbox 1273 970 1338 1035; x_wconf 85' lang='lat' dir='ltr'>N</span> <span class='ocrx_word' id='word_1_65' title='bbox 1341 993 1412 1036; x_wconf 90' lang='lat' dir='ltr'>ec</span> <span class='ocrx_word' id='word_1_66' title='bbox 1446 994 1599 1036; x_wconf 80' lang='lat' dir='ltr'>vero</span> <span class='ocrx_word' id='word_1_67' title='bbox 1640 993 1949 1056; x_wconf 91' lang='lat' dir='ltr'>umquam</span> <span class='ocrx_word' id='word_1_68' title='bbox 1993 973 2314 1037; x_wconf 92' lang='lat' dir='ltr'>bellorum</span> 
     </span>
     <span class='ocr_line' id='line_1_13' title="bbox 303 1060 2313 1145; baseline -0.001 -18"><span class='ocrx_word' id='word_1_69' title='bbox 303 1062 587 1127; x_wconf 85' lang='lat' dir='ltr'>civilium</span> <span class='ocrx_word' id='word_1_70' title='bbox 637 1082 856 1125; x_wconf 90' lang='lat' dir='ltr'>semen</span> <span class='ocrx_word' id='word_1_71' title='bbox 900 1065 967 1125; x_wconf 88' lang='lat' dir='ltr'>et</span> <span class='ocrx_word' id='word_1_72' title='bbox 1012 1082 1206 1125; x_wconf 88' lang='lat' dir='ltr'>causa</span> <span class='ocrx_word' id='word_1_73' title='bbox 1251 1060 1481 1143; x_wconf 87' lang='lat' dir='ltr'>deerit,</span> <span class='ocrx_word' id='word_1_74' title='bbox 1539 1060 1690 1124; x_wconf 93' lang='lat' dir='ltr'>dum</span> <span class='ocrx_word' id='word_1_75' title='bbox 1735 1060 2029 1125; x_wconf 91' lang='lat' dir='ltr'>homines</span> <span class='ocrx_word' id='word_1_76' title='bbox 2074 1061 2313 1145; x_wconf 87' lang='lat' dir='ltr'>perditi</span> 
     </span>
     <span class='ocr_line' id='line_1_14' title="bbox 302 1148 2398 1234; baseline -0 -20"><span class='ocrx_word' id='word_1_77' title='bbox 302 1151 561 1215; x_wconf 88' lang='lat' dir='ltr'>hastam</span> <span class='ocrx_word' id='word_1_78' title='bbox 614 1149 799 1213; x_wconf 91' lang='lat' dir='ltr'>illam</span> <span class='ocrx_word' id='word_1_79' title='bbox 854 1152 1184 1213; x_wconf 76' lang='lat' dir='ltr'>cruentam</span> <span class='ocrx_word' id='word_1_80' title='bbox 1242 1153 1307 1212; x_wconf 90' lang='lat' dir='ltr'>et</span> <span class='ocrx_word' id='word_1_81' title='bbox 1361 1148 1772 1213; x_wconf 78' lang='lat' dir='ltr'>meminerint</span> <span class='ocrx_word' id='word_1_82' title='bbox 1818 1153 1884 1213; x_wconf 88' lang='lat' dir='ltr'>et</span> <span class='ocrx_word' id='word_1_83' title='bbox 1933 1149 2398 1234; x_wconf 81' lang='lat' dir='ltr'>sperabunt310</span> 
     </span>
     <span class='ocr_line' id='line_1_15' title="bbox 304 1234 2312 1323; baseline 0 -21"><span class='ocrx_word' id='word_1_84' title='bbox 304 1261 498 1323; x_wconf 91' lang='lat' dir='ltr'>quam</span> <span class='ocrx_word' id='word_1_85' title='bbox 542 1236 613 1301; x_wconf 91' lang='lat' dir='ltr'>P.</span> <span class='ocrx_word' id='word_1_86' title='bbox 660 1234 844 1301; x_wconf 85' lang='lat' dir='ltr'>Sulla</span> <span class='ocrx_word' id='word_1_87' title='bbox 880 1259 1026 1302; x_wconf 88' lang='lat' dir='ltr'>cum</span> <span class='ocrx_word' id='word_1_88' title='bbox 1061 1237 1383 1300; x_wconf 82' lang='lat' dir='ltr'>vibrasset</span> <span class='ocrx_word' id='word_1_89' title='bbox 1420 1236 1732 1301; x_wconf 87' lang='lat' dir='ltr'>dictatore</span> <span class='ocrx_word' id='word_1_90' title='bbox 1774 1238 2137 1322; x_wconf 87' lang='lat' dir='ltr'>propinquo</span> <span class='ocrx_word' id='word_1_91' title='bbox 2179 1259 2312 1321; x_wconf 90' lang='lat' dir='ltr'>su0‚</span> 
     </span>
     <span class='ocr_line' id='line_1_16' title="bbox 302 1325 2314 1409; baseline -0.001 -18"><span class='ocrx_word' id='word_1_92' title='bbox 302 1328 472 1391; x_wconf 93' lang='lat' dir='ltr'>idem</span> <span class='ocrx_word' id='word_1_93' title='bbox 520 1329 700 1390; x_wconf 86' lang='lat' dir='ltr'>sexto</span> <span class='ocrx_word' id='word_1_94' title='bbox 746 1325 1121 1390; x_wconf 81' lang='lat' dir='ltr'>tricensimo</span> <span class='ocrx_word' id='word_1_95' title='bbox 1169 1346 1337 1389; x_wconf 89' lang='lat' dir='ltr'>anno</span> <span class='ocrx_word' id='word_1_96' title='bbox 1382 1329 1535 1409; x_wconf 89' lang='lat' dir='ltr'>post</span> <span class='ocrx_word' id='word_1_97' title='bbox 1581 1348 1620 1388; x_wconf 92' lang='lat' dir='ltr'>a</span> <span class='ocrx_word' id='word_1_98' title='bbox 1665 1325 2076 1390; x_wconf 87' lang='lat' dir='ltr'>sceleratiore</span> <span class='ocrx_word' id='word_1_99' title='bbox 2120 1325 2314 1391; x_wconf 89' lang='lat' dir='ltr'>hasta</span> 
     </span>
     <span class='ocr_line' id='line_1_17' title="bbox 302 1413 2314 1497; baseline -0.001 -17"><span class='ocrx_word' id='word_1_100' title='bbox 302 1437 434 1480; x_wconf 94' lang='lat' dir='ltr'>non</span> <span class='ocrx_word' id='word_1_101' title='bbox 478 1415 772 1497; x_wconf 82' lang='lat' dir='ltr'>recessit3</span> <span class='ocrx_word' id='word_1_102' title='bbox 818 1414 984 1477; x_wconf 90' lang='lat' dir='ltr'>alter</span> <span class='ocrx_word' id='word_1_103' title='bbox 1032 1416 1266 1496; x_wconf 88' lang='lat' dir='ltr'>autem,</span> <span class='ocrx_word' id='word_1_104' title='bbox 1313 1413 1425 1497; x_wconf 92' lang='lat' dir='ltr'>qui</span> <span class='ocrx_word' id='word_1_105' title='bbox 1459 1413 1527 1476; x_wconf 91' lang='lat' dir='ltr'>in</span> <span class='ocrx_word' id='word_1_106' title='bbox 1571 1413 1689 1476; x_wconf 92' lang='lat' dir='ltr'>illa</span> <span class='ocrx_word' id='word_1_107' title='bbox 1735 1413 2057 1479; x_wconf 85' lang='lat' dir='ltr'>dictatura</span> <span class='ocrx_word' id='word_1_108' title='bbox 2102 1415 2314 1479; x_wconf 87' lang='lat' dir='ltr'>scriba</span> 
     </span>
     <span class='ocr_line' id='line_1_18' title="bbox 301 1501 2314 1586; baseline -0 -19"><span class='ocrx_word' id='word_1_109' title='bbox 301 1504 542 1586; x_wconf 83' lang='lat' dir='ltr'>fuerat,</span> <span class='ocrx_word' id='word_1_110' title='bbox 596 1503 665 1565; x_wconf 92' lang='lat' dir='ltr'>in</span> <span class='ocrx_word' id='word_1_111' title='bbox 718 1501 841 1566; x_wconf 89' lang='lat' dir='ltr'>hac</span> <span class='ocrx_word' id='word_1_112' title='bbox 884 1501 1011 1566; x_wconf 87' lang='lat' dir='ltr'>fuit</span> <span class='ocrx_word' id='word_1_113' title='bbox 1058 1504 1364 1585; x_wconf 88' lang='lat' dir='ltr'>quaestor</span> <span class='ocrx_word' id='word_1_114' title='bbox 1407 1502 1710 1565; x_wconf 90' lang='lat' dir='ltr'>urbanus.</span> <span class='ocrx_word' id='word_1_115' title='bbox 1799 1501 1903 1567; x_wconf 86' lang='lat' dir='ltr'>Ex</span> <span class='ocrx_word' id='word_1_116' title='bbox 1949 1523 2075 1585; x_wconf 93' lang='lat' dir='ltr'>quo</span> <span class='ocrx_word' id='word_1_117' title='bbox 2123 1503 2314 1567; x_wconf 85' lang='lat' dir='ltr'>debet</span> 
     </span>
     <span class='ocr_line' id='line_1_19' title="bbox 303 1588 2398 1676; baseline -0.001 -20"><span class='ocrx_word' id='word_1_118' title='bbox 303 1591 600 1676; x_wconf 85' lang='lat' dir='ltr'>intellegi</span> <span class='ocrx_word' id='word_1_119' title='bbox 636 1590 880 1655; x_wconf 89' lang='lat' dir='ltr'>talibus</span> <span class='ocrx_word' id='word_1_120' title='bbox 916 1588 1221 1674; x_wconf 90' lang='lat' dir='ltr'>praemiis</span> <span class='ocrx_word' id='word_1_121' title='bbox 1256 1589 1608 1673; x_wconf 90' lang='lat' dir='ltr'>propositis</span> <span class='ocrx_word' id='word_1_122' title='bbox 1635 1612 1989 1674; x_wconf 87' lang='lat' dir='ltr'>numquam</span> <span class='ocrx_word' id='word_1_123' title='bbox 2018 1589 2316 1655; x_wconf 87' lang='lat' dir='ltr'>defutura</span> <span class='ocrx_word' id='word_1_124' title='bbox 2344 1606 2398 1646; x_wconf 75' lang='lat'>1⁵</span> 
     </span>
     <span class='ocr_line' id='line_1_20' title="bbox 303 1676 2316 1761; baseline -0.001 -16"><span class='ocrx_word' id='word_1_125' title='bbox 303 1681 481 1745; x_wconf 86' lang='lat' dir='ltr'>bella</span> <span class='ocrx_word' id='word_1_126' title='bbox 543 1679 772 1744; x_wconf 86' lang='lat' dir='ltr'>civilia.</span> <span class='ocrx_word' id='word_1_127' title='bbox 869 1676 1098 1761; x_wconf 84' lang='lat' dir='ltr'>Itaque</span> <span class='ocrx_word' id='word_1_128' title='bbox 1160 1676 1443 1761; x_wconf 89' lang='lat' dir='ltr'>parietes</span> <span class='ocrx_word' id='word_1_129' title='bbox 1509 1678 1697 1743; x_wconf 92' lang='lat' dir='ltr'>modo</span> <span class='ocrx_word' id='word_1_130' title='bbox 1762 1679 1941 1743; x_wconf 90' lang='lat' dir='ltr'>urbis</span> <span class='ocrx_word' id='word_1_131' title='bbox 2007 1682 2186 1742; x_wconf 90' lang='lat' dir='ltr'>stant</span> <span class='ocrx_word' id='word_1_132' title='bbox 2250 1684 2316 1743; x_wconf 91' lang='lat' dir='ltr'>et</span> 
     </span>
     <span class='ocr_line' id='line_1_21' title="bbox 305 1765 2314 1851; baseline -0 -19"><span class='ocrx_word' id='word_1_133' title='bbox 305 1770 588 1849; x_wconf 89' lang='lat' dir='ltr'>manent,</span> <span class='ocrx_word' id='word_1_134' title='bbox 623 1766 797 1849; x_wconf 90' lang='lat' dir='ltr'>iique</span> <span class='ocrx_word' id='word_1_135' title='bbox 831 1766 962 1850; x_wconf 89' lang='lat' dir='ltr'>ipsi</span> <span class='ocrx_word' id='word_1_136' title='bbox 996 1765 1127 1830; x_wconf 91' lang='lat' dir='ltr'>iam</span> <span class='ocrx_word' id='word_1_137' title='bbox 1165 1769 1453 1829; x_wconf 87' lang='lat' dir='ltr'>extrema</span> <span class='ocrx_word' id='word_1_138' title='bbox 1490 1767 1732 1831; x_wconf 88' lang='lat' dir='ltr'>scelera</span> <span class='ocrx_word' id='word_1_139' title='bbox 1765 1771 2141 1851; x_wconf 82' lang='lat' dir='ltr'>metuentes,</span> <span class='ocrx_word' id='word_1_140' title='bbox 2178 1790 2314 1832; x_wconf 88' lang='lat' dir='ltr'>rem</span> 
     </span>
     <span class='ocr_line' id='line_1_22' title="bbox 304 1853 2314 1939; baseline -0 -18"><span class='ocrx_word' id='word_1_141' title='bbox 304 1877 457 1921; x_wconf 81' lang='lat' dir='ltr'>vero</span> <span class='ocrx_word' id='word_1_142' title='bbox 495 1853 822 1939; x_wconf 90' lang='lat' dir='ltr'>publicam</span> <span class='ocrx_word' id='word_1_143' title='bbox 860 1853 1117 1938; x_wconf 90' lang='lat' dir='ltr'>penitus</span> <span class='ocrx_word' id='word_1_144' title='bbox 1156 1853 1510 1918; x_wconf 90' lang='lat' dir='ltr'>amisimus.</span> <span class='ocrx_word' id='word_1_145' title='bbox 1581 1854 1797 1938; x_wconf 89' lang='lat' dir='ltr'>Atque</span> <span class='ocrx_word' id='word_1_146' title='bbox 1833 1855 1902 1919; x_wconf 94' lang='lat' dir='ltr'>in</span> <span class='ocrx_word' id='word_1_147' title='bbox 1936 1855 2057 1920; x_wconf 86' lang='lat' dir='ltr'>has</span> <span class='ocrx_word' id='word_1_148' title='bbox 2098 1855 2314 1920; x_wconf 90' lang='lat' dir='ltr'>clades</span> 
     </span>
     <span class='ocr_line' id='line_1_23' title="bbox 304 1939 2315 2029; baseline 0 -21"><span class='ocrx_word' id='word_1_149' title='bbox 304 1942 644 2009; x_wconf 90' lang='lat' dir='ltr'>incidimus</span> <span class='ocrx_word' id='word_1_150' title='bbox 690 1939 1109 2027; x_wconf 85' lang='lat' dir='ltr'>(redeundum</span> <span class='ocrx_word' id='word_1_151' title='bbox 1156 1945 1255 2007; x_wconf 90' lang='lat' dir='ltr'>est</span> <span class='ocrx_word' id='word_1_152' title='bbox 1301 1942 1471 2007; x_wconf 87' lang='lat' dir='ltr'>enim</span> <span class='ocrx_word' id='word_1_153' title='bbox 1518 1943 1600 2008; x_wconf 90' lang='lat' dir='ltr'>ad</span> <span class='ocrx_word' id='word_1_154' title='bbox 1651 1942 2105 2029; x_wconf 88' lang='lat' dir='ltr'>propositum),</span> <span class='ocrx_word' id='word_1_155' title='bbox 2161 1944 2315 2010; x_wconf 93' lang='lat' dir='ltr'>dum</span> 
     </span>
     <span class='ocr_line' id='line_1_24' title="bbox 305 2031 2399 2116; baseline -0 -19"><span class='ocrx_word' id='word_1_156' title='bbox 305 2031 509 2097; x_wconf 88' lang='lat' dir='ltr'>metui</span> <span class='ocrx_word' id='word_1_157' title='bbox 563 2053 756 2116; x_wconf 90' lang='lat' dir='ltr'>quam</span> <span class='ocrx_word' id='word_1_158' title='bbox 811 2031 943 2095; x_wconf 89' lang='lat' dir='ltr'>cari</span> <span class='ocrx_word' id='word_1_159' title='bbox 997 2052 1136 2095; x_wconf 89' lang='lat' dir='ltr'>esse</span> <span class='ocrx_word' id='word_1_160' title='bbox 1200 2034 1266 2095; x_wconf 91' lang='lat' dir='ltr'>et</span> <span class='ocrx_word' id='word_1_161' title='bbox 1330 2031 1517 2116; x_wconf 85' lang='lat' dir='ltr'>diligi</span> <span class='ocrx_word' id='word_1_162' title='bbox 1579 2033 1918 2097; x_wconf 90' lang='lat' dir='ltr'>malumus.</span> <span class='ocrx_word' id='word_1_163' title='bbox 2016 2031 2192 2107; x_wconf 83' lang='lat' dir='ltr'>Quae</span> <span class='ocrx_word' id='word_1_164' title='bbox 2259 2034 2315 2097; x_wconf 89' lang='lat' dir='ltr'>si</span> <span class='ocrx_word' id='word_1_165' title='bbox 2343 2049 2399 2087; x_wconf 76' lang='lat'>²0</span> 
     </span>
     <span class='ocr_line' id='line_1_25' title="bbox 304 2119 2315 2207; baseline 0 -22"><span class='ocrx_word' id='word_1_166' title='bbox 304 2121 547 2207; x_wconf 88' lang='lat' dir='ltr'>populo</span> <span class='ocrx_word' id='word_1_167' title='bbox 593 2120 886 2184; x_wconf 85' lang='lat' dir='ltr'>Romano</span> <span class='ocrx_word' id='word_1_168' title='bbox 932 2120 1169 2183; x_wconf 89' lang='lat' dir='ltr'>iniuste</span> <span class='ocrx_word' id='word_1_169' title='bbox 1213 2119 1562 2203; x_wconf 89' lang='lat' dir='ltr'>imperanti</span> <span class='ocrx_word' id='word_1_170' title='bbox 1608 2120 1891 2185; x_wconf 89' lang='lat' dir='ltr'>accidere</span> <span class='ocrx_word' id='word_1_171' title='bbox 1943 2124 2315 2206; x_wconf 90' lang='lat' dir='ltr'>potuerunt,</span> 
     </span>
     <span class='ocr_line' id='line_1_26' title="bbox 307 2206 2316 2294; baseline 0.001 -22"><span class='ocrx_word' id='word_1_172' title='bbox 307 2208 460 2294; x_wconf 93' lang='lat' dir='ltr'>quid</span> <span class='ocrx_word' id='word_1_173' title='bbox 516 2208 751 2273; x_wconf 90' lang='lat' dir='ltr'>debent</span> <span class='ocrx_word' id='word_1_174' title='bbox 803 2211 1034 2292; x_wconf 88' lang='lat' dir='ltr'>putare</span> <span class='ocrx_word' id='word_1_175' title='bbox 1090 2207 1377 2292; x_wconf 78' lang='lat' dir='ltr'>singuli?</span> <span class='ocrx_word' id='word_1_176' title='bbox 1469 2206 1653 2282; x_wconf 82' lang='lat' dir='ltr'>Quod</span> <span class='ocrx_word' id='word_1_177' title='bbox 1707 2231 1852 2273; x_wconf 93' lang='lat' dir='ltr'>cum</span> <span class='ocrx_word' id='word_1_178' title='bbox 1904 2209 2316 2294; x_wconf 90' lang='lat' dir='ltr'>perspicuum</span> 
     </span>
     <span class='ocr_line' id='line_1_27' title="bbox 307 2295 2331 2384; baseline 0 -22"><span class='ocrx_word' id='word_1_179' title='bbox 307 2298 416 2382; x_wconf 84' lang='lat' dir='ltr'>sit,</span> <span class='ocrx_word' id='word_1_180' title='bbox 458 2296 931 2362; x_wconf 84' lang='lat' dir='ltr'>benivolentiae</span> <span class='ocrx_word' id='word_1_181' title='bbox 967 2295 1100 2360; x_wconf 83' lang='lat' dir='ltr'>vim</span> <span class='ocrx_word' id='word_1_182' title='bbox 1137 2317 1276 2360; x_wconf 91' lang='lat' dir='ltr'>esse</span> <span class='ocrx_word' id='word_1_183' title='bbox 1312 2319 1637 2381; x_wconf 89' lang='lat' dir='ltr'>magnam,</span> <span class='ocrx_word' id='word_1_184' title='bbox 1681 2301 1890 2362; x_wconf 91' lang='lat' dir='ltr'>metus</span> <span class='ocrx_word' id='word_1_185' title='bbox 1926 2297 2331 2384; x_wconf 52' lang='lat' dir='ltr'>inbecillam]</span> 
     </span>
     <span class='ocr_line' id='line_1_28' title="bbox 308 2384 2315 2477; baseline 0 -27"><span class='ocrx_word' id='word_1_186' title='bbox 308 2386 629 2477; x_wconf 66' lang='lat' dir='ltr'>sequitui-s</span> <span class='ocrx_word' id='word_1_187' title='bbox 660 2389 734 2449; x_wconf 92' lang='lat' dir='ltr'>ut</span> <span class='ocrx_word' id='word_1_188' title='bbox 781 2385 1189 2468; x_wconf 86' lang='lat' dir='ltr'>disseramus,</span> <span class='ocrx_word' id='word_1_189' title='bbox 1240 2384 1472 2468; x_wconf 92' lang='lat' dir='ltr'>quibus</span> <span class='ocrx_word' id='word_1_190' title='bbox 1518 2386 1709 2449; x_wconf 90' lang='lat' dir='ltr'>rebus</span> <span class='ocrx_word' id='word_1_191' title='bbox 1755 2385 2064 2450; x_wconf 87' lang='lat' dir='ltr'>facillime</span> <span class='ocrx_word' id='word_1_192' title='bbox 2108 2387 2315 2471; x_wconf 89' lang='lat' dir='ltr'>possi-</span> 
     </span>
     <span class='ocr_line' id='line_1_29' title="bbox 307 2473 2399 2565; baseline 0 -26"><span class='ocrx_word' id='word_1_193' title='bbox 307 2497 450 2540; x_wconf 90' lang='lat' dir='ltr'>mus</span> <span class='ocrx_word' id='word_1_194' title='bbox 497 2496 661 2565; x_wconf 57' lang='lat' dir='ltr'>eam,</span> <span class='ocrx_word' id='word_1_195' title='bbox 703 2496 899 2558; x_wconf 88' lang='lat' dir='ltr'>quam</span> <span class='ocrx_word' id='word_1_196' title='bbox 943 2473 1270 2554; x_wconf 64' lang='lat' dir='ltr'>volumuss</span> <span class='ocrx_word' id='word_1_197' title='bbox 1304 2473 1573 2557; x_wconf 89' lang='lat' dir='ltr'>adipisci</span> <span class='ocrx_word' id='word_1_198' title='bbox 1618 2495 1764 2537; x_wconf 91' lang='lat' dir='ltr'>cum</span> <span class='ocrx_word' id='word_1_199' title='bbox 1807 2474 2052 2539; x_wconf 88' lang='lat' dir='ltr'>honore</span> <span class='ocrx_word' id='word_1_200' title='bbox 2089 2479 2154 2538; x_wconf 90' lang='lat' dir='ltr'>et</span> <span class='ocrx_word' id='word_1_201' title='bbox 2189 2475 2315 2539; x_wconf 88' lang='lat' dir='ltr'>fide</span> <span class='ocrx_word' id='word_1_202' title='bbox 2342 2490 2399 2530; x_wconf 75' lang='lat'>2⁵</span> 
     </span>
     <span class='ocr_line' id='line_1_30' title="bbox 309 2560 2315 2647; baseline 0 -19"><span class='ocrx_word' id='word_1_203' title='bbox 309 2563 664 2628; x_wconf 89' lang='lat' dir='ltr'>caritatem.</span> <span class='ocrx_word' id='word_1_204' title='bbox 757 2560 880 2626; x_wconf 87' lang='lat' dir='ltr'>Sed</span> <span class='ocrx_word' id='word_1_205' title='bbox 927 2583 1002 2625; x_wconf 87' lang='lat' dir='ltr'>ea</span> <span class='ocrx_word' id='word_1_206' title='bbox 1054 2581 1186 2625; x_wconf 93' lang='lat' dir='ltr'>non</span> <span class='ocrx_word' id='word_1_207' title='bbox 1237 2561 1484 2645; x_wconf 87' lang='lat' dir='ltr'>pariter</span> <span class='ocrx_word' id='word_1_208' title='bbox 1538 2583 1760 2626; x_wconf 91' lang='lat' dir='ltr'>omnes</span> <span class='ocrx_word' id='word_1_209' title='bbox 1816 2583 2107 2647; x_wconf 84' lang='lat' dir='ltr'>egemus3</span> <span class='ocrx_word' id='word_1_210' title='bbox 2159 2585 2315 2628; x_wconf 90' lang='lat' dir='ltr'>nam</span> 
     </span>
     <span class='ocr_line' id='line_1_31' title="bbox 309 2648 2316 2734; baseline 0 -18"><span class='ocrx_word' id='word_1_211' title='bbox 309 2652 389 2716; x_wconf 92' lang='lat' dir='ltr'>ad</span> <span class='ocrx_word' id='word_1_212' title='bbox 434 2650 740 2733; x_wconf 88' lang='lat' dir='ltr'>cuiusque</span> <span class='ocrx_word' id='word_1_213' title='bbox 784 2649 989 2713; x_wconf 84' lang='lat' dir='ltr'>vitam</span> <span class='ocrx_word' id='word_1_214' title='bbox 1032 2648 1402 2713; x_wconf 87' lang='lat' dir='ltr'>institutam</span> <span class='ocrx_word' id='word_1_215' title='bbox 1450 2649 2059 2715; x_wconf 88' lang='lat' dir='ltr'>accommodandum</span> <span class='ocrx_word' id='word_1_216' title='bbox 2105 2656 2229 2734; x_wconf 90' lang='lat' dir='ltr'>est,</span> <span class='ocrx_word' id='word_1_217' title='bbox 2277 2675 2316 2716; x_wconf 87' lang='lat' dir='ltr'>a</span> 
     </span>
     <span class='ocr_line' id='line_1_32' title="bbox 308 2736 2314 2824; baseline 0 -21"><span class='ocrx_word' id='word_1_218' title='bbox 308 2737 613 2803; x_wconf 86' lang='lat' dir='ltr'>multisne</span> <span class='ocrx_word' id='word_1_219' title='bbox 661 2758 821 2821; x_wconf 90' lang='lat' dir='ltr'>opus</span> <span class='ocrx_word' id='word_1_220' title='bbox 870 2737 958 2801; x_wconf 90' lang='lat' dir='ltr'>sit</span> <span class='ocrx_word' id='word_1_221' title='bbox 994 2757 1077 2800; x_wconf 91' lang='lat' dir='ltr'>an</span> <span class='ocrx_word' id='word_1_222' title='bbox 1113 2737 1274 2801; x_wconf 88' lang='lat' dir='ltr'>satis</span> <span class='ocrx_word' id='word_1_223' title='bbox 1314 2736 1401 2800; x_wconf 89' lang='lat' dir='ltr'>sit</span> <span class='ocrx_word' id='word_1_224' title='bbox 1438 2760 1477 2801; x_wconf 87' lang='lat' dir='ltr'>a</span> <span class='ocrx_word' id='word_1_225' title='bbox 1511 2738 1734 2823; x_wconf 90' lang='lat' dir='ltr'>paucis</span> <span class='ocrx_word' id='word_1_226' title='bbox 1774 2738 1975 2824; x_wconf 82' lang='lat' dir='ltr'>diligi.</span> <span class='ocrx_word' id='word_1_227' title='bbox 2048 2736 2314 2804; x_wconf 81' lang='lat' dir='ltr'>Certum</span> 
     </span>
     <span class='ocr_line' id='line_1_33' title="bbox 306 2824 2314 2913; baseline 0.001 -23"><span class='ocrx_word' id='word_1_228' title='bbox 306 2826 509 2913; x_wconf 89' lang='lat' dir='ltr'>igitur</span> <span class='ocrx_word' id='word_1_229' title='bbox 552 2825 676 2890; x_wconf 89' lang='lat' dir='ltr'>hoc</span> <span class='ocrx_word' id='word_1_230' title='bbox 722 2824 835 2907; x_wconf 91' lang='lat' dir='ltr'>sit,</span> <span class='ocrx_word' id='word_1_231' title='bbox 887 2824 1079 2908; x_wconf 91' lang='lat' dir='ltr'>idque</span> <span class='ocrx_word' id='word_1_232' title='bbox 1134 2828 1201 2889; x_wconf 87' lang='lat' dir='ltr'>et</span> <span class='ocrx_word' id='word_1_233' title='bbox 1248 2824 1531 2909; x_wconf 87' lang='lat' dir='ltr'>primum</span> <span class='ocrx_word' id='word_1_234' title='bbox 1577 2830 1643 2890; x_wconf 89' lang='lat' dir='ltr'>et</span> <span class='ocrx_word' id='word_1_235' title='bbox 1687 2849 1983 2891; x_wconf 87' lang='lat' dir='ltr'>maxume</span> <span class='ocrx_word' id='word_1_236' title='bbox 2027 2849 2314 2893; x_wconf 89' lang='lat' dir='ltr'>necessa-</span> 
     </span>
     <span class='ocr_line' id='line_1_34' title="bbox 307 2912 2399 3067; baseline 0 -88"><span class='ocrx_word' id='word_1_237' title='bbox 307 2916 514 3004; x_wconf 49' lang='lat' dir='ltr'>riuml:</span> <span class='ocrx_word' id='word_1_238' title='bbox 533 2912 1019 3067; x_wconf 40' lang='lat' dir='ltr'>{amilitaritat-es</span> <span class='ocrx_word' id='word_1_239' title='bbox 1059 2912 1297 3064; x_wconf 45' lang='lat' dir='ltr'>lssabere</span> <span class='ocrx_word' id='word_1_240' title='bbox 1323 2912 1496 3065; x_wconf 55' lang='lat' dir='ltr'>{idas</span> <span class='ocrx_word' id='word_1_241' title='bbox 1535 2915 1891 3015; x_wconf 84' lang='lat' dir='ltr'>amantium</span> <span class='ocrx_word' id='word_1_242' title='bbox 1925 2937 2045 2980; x_wconf 93' lang='lat' dir='ltr'>nos</span> <span class='ocrx_word' id='word_1_243' title='bbox 2085 2916 2315 2981; x_wconf 88' lang='lat' dir='ltr'>amico·</span> <span class='ocrx_word' id='word_1_244' title='bbox 2343 2932 2399 2972; x_wconf 75' lang='lat'>30</span> 
     </span>
     <span class='ocr_line' id='line_1_35' title="bbox 307 3023 2298 3085; baseline 0.001 -18"><span class='ocrx_word' id='word_1_245' title='bbox 307 3026 451 3067; x_wconf 91' lang='lat' dir='ltr'>rum</span> <span class='ocrx_word' id='word_1_246' title='bbox 499 3024 532 3067; x_wconf 94' lang='lat' dir='ltr'>e</span> <span class='ocrx_word' id='word_1_247' title='bbox 608 3023 727 3067; x_wconf 91' lang='lat' dir='ltr'>nos</span> <span class='ocrx_word' id='word_1_248' title='bbox 762 3023 835 3065; x_wconf 88' lang='lat' dir='ltr'>ra</span> <span class='ocrx_word' id='word_1_249' title='bbox 875 3023 1087 3065; x_wconf 89' lang='lat' dir='ltr'>m1ran</span> <span class='ocrx_word' id='word_1_250' title='bbox 1117 3023 1279 3085; x_wconf 80' lang='lat' dir='ltr'>1um3</span> <span class='ocrx_word' id='word_1_251' title='bbox 1373 3024 1482 3067; x_wconf 85' lang='lat' dir='ltr'>aec</span> <span class='ocrx_word' id='word_1_252' title='bbox 1519 3023 1690 3067; x_wconf 90' lang='lat' dir='ltr'>emm</span> <span class='ocrx_word' id='word_1_253' title='bbox 1726 3025 1855 3068; x_wconf 88' lang='lat' dir='ltr'>una</span> <span class='ocrx_word' id='word_1_254' title='bbox 1891 3025 1994 3068; x_wconf 91' lang='lat' dir='ltr'>res</span> <span class='ocrx_word' id='word_1_255' title='bbox 2077 3025 2298 3068; x_wconf 88' lang='lat' dir='ltr'>rorsus</span> 
     </span>
     <span class='ocr_line' id='line_1_36' title="bbox 306 3026 2317 3158; baseline 0 -2"><span class='ocrx_word' id='word_1_256' title='bbox 306 3099 382 3156; x_wconf 92' lang='lat' dir='ltr'>ut</span> <span class='ocrx_word' id='word_1_257' title='bbox 434 3112 566 3155; x_wconf 93' lang='lat' dir='ltr'>non</span> <span class='ocrx_word' id='word_1_258' title='bbox 620 3091 898 3155; x_wconf 89' lang='lat' dir='ltr'>multum</span> <span class='ocrx_word' id='word_1_259' title='bbox 953 3089 1208 3153; x_wconf 85' lang='lat' dir='ltr'>differat</span> <span class='ocrx_word' id='word_1_260' title='bbox 1268 3089 1439 3153; x_wconf 90' lang='lat' dir='ltr'>inter</span> <span class='ocrx_word' id='word_1_261' title='bbox 1504 3111 1789 3155; x_wconf 90' lang='lat' dir='ltr'>summos</span> <span class='ocrx_word' id='word_1_262' title='bbox 1854 3095 1919 3155; x_wconf 87' lang='lat' dir='ltr'>et</span> <span class='ocrx_word' id='word_1_263' title='bbox 1976 3026 2317 3158; x_wconf 54' lang='lat' dir='ltr'>mlediocris&#39;</span> 
     </span>
     <span class='ocr_line' id='line_1_37' title="bbox 307 3177 2316 3264; baseline 0 -21"><span class='ocrx_word' id='word_1_264' title='bbox 307 3180 483 3244; x_wconf 84' lang='lat' dir='ltr'>viros</span> <span class='ocrx_word' id='word_1_265' title='bbox 492 3229 509 3262; x_wconf 89' lang='lat'><em>‚</em></span> <span class='ocrx_word' id='word_1_266' title='bbox 574 3200 773 3263; x_wconf 88' lang='lat' dir='ltr'>aeque</span> <span class='ocrx_word' id='word_1_267' title='bbox 834 3177 1126 3261; x_wconf 87' lang='lat' dir='ltr'>utrisque</span> <span class='ocrx_word' id='word_1_268' title='bbox 1190 3181 1290 3243; x_wconf 91' lang='lat' dir='ltr'>est</span> <span class='ocrx_word' id='word_1_269' title='bbox 1348 3178 1812 3262; x_wconf 87' lang='lat' dir='ltr'>propemodum</span> <span class='ocrx_word' id='word_1_270' title='bbox 1868 3180 2316 3264; x_wconf 88' lang='lat' dir='ltr'>comparanda.</span> 
     </span>
     <span class='ocr_line' id='line_1_38' title="bbox 308 3266 2316 3352; baseline 0 -21"><span class='ocrx_word' id='word_1_271' title='bbox 308 3267 574 3331; x_wconf 86' lang='lat' dir='ltr'>Honore</span> <span class='ocrx_word' id='word_1_272' title='bbox 621 3271 686 3330; x_wconf 85' lang='lat' dir='ltr'>et</span> <span class='ocrx_word' id='word_1_273' title='bbox 733 3266 943 3352; x_wconf 87' lang='lat' dir='ltr'>gloria</span> <span class='ocrx_word' id='word_1_274' title='bbox 989 3270 1055 3329; x_wconf 91' lang='lat' dir='ltr'>et</span> <span class='ocrx_word' id='word_1_275' title='bbox 1100 3266 1536 3331; x_wconf 88' lang='lat' dir='ltr'>benivolentia</span> <span class='ocrx_word' id='word_1_276' title='bbox 1580 3266 1815 3332; x_wconf 82' lang='lat' dir='ltr'>civium</span> <span class='ocrx_word' id='word_1_277' title='bbox 1862 3267 2142 3332; x_wconf 88' lang='lat' dir='ltr'>fortasse</span> <span class='ocrx_word' id='word_1_278' title='bbox 2186 3290 2316 3333; x_wconf 91' lang='lat' dir='ltr'>non</span> 
     </span>
     <span class='ocr_line' id='line_1_39' title="bbox 312 3353 2398 3440; baseline 0.001 -22"><span class='ocrx_word' id='word_1_279' title='bbox 312 3376 511 3438; x_wconf 88' lang='lat' dir='ltr'>aeque</span> <span class='ocrx_word' id='word_1_280' title='bbox 559 3376 781 3419; x_wconf 91' lang='lat' dir='ltr'>omnes</span> <span class='ocrx_word' id='word_1_281' title='bbox 828 3358 1038 3439; x_wconf 86' lang='lat' dir='ltr'>egent,</span> <span class='ocrx_word' id='word_1_282' title='bbox 1085 3353 1196 3418; x_wconf 89' lang='lat' dir='ltr'>sed</span> <span class='ocrx_word' id='word_1_283' title='bbox 1240 3357 1475 3437; x_wconf 86' lang='lat' dir='ltr'>tamen,</span> <span class='ocrx_word' id='word_1_284' title='bbox 1523 3354 1579 3419; x_wconf 94' lang='lat' dir='ltr'>si</span> <span class='ocrx_word' id='word_1_285' title='bbox 1615 3354 1717 3421; x_wconf 91' lang='lat' dir='ltr'>cui</span> <span class='ocrx_word' id='word_1_286' title='bbox 1750 3355 1910 3420; x_wconf 88' lang='lat' dir='ltr'>haec</span> <span class='ocrx_word' id='word_1_287' title='bbox 1948 3360 2317 3440; x_wconf 87' lang='lat' dir='ltr'>suppetunt,</span> <span class='ocrx_word' id='word_1_288' title='bbox 2344 3371 2398 3412; x_wconf 75' lang='lat'>³⁶</span> 
     </span>
    </p>
   </div>
   <div class='ocr_carea' id='block_1_6' title="bbox 312 3440 2316 3611">
    <p class='ocr_par' dir='ltr' id='par_1_6' title="bbox 312 3440 2316 3611">
     <span class='ocr_line' id='line_1_40' title="bbox 313 3440 2316 3542; baseline 0.002 -38"><span class='ocrx_word' id='word_1_289' title='bbox 313 3440 620 3505; x_wconf 82' lang='lat' dir='ltr'>adiuvant</span> <span class='ocrx_word' id='word_1_290' title='bbox 666 3441 1073 3525; x_wconf 90' lang='lat' dir='ltr'>aliquantum</span> <span class='ocrx_word' id='word_1_291' title='bbox 1118 3463 1261 3507; x_wconf 90' lang='lat' dir='ltr'>cum</span> <span class='ocrx_word' id='word_1_292' title='bbox 1310 3440 1392 3506; x_wconf 87' lang='lat' dir='ltr'>ad</span> <span class='ocrx_word' id='word_1_293' title='bbox 1429 3446 1664 3542; x_wconf 52' lang='lat' dir='ltr'>ceteras</span> <span class='ocrx_word' id='word_1_294' title='bbox 1702 3447 1843 3509; x_wconf 88' lang='lat' dir='ltr'>tum</span> <span class='ocrx_word' id='word_1_295' title='bbox 1882 3442 1963 3509; x_wconf 88' lang='lat' dir='ltr'>ad</span> <span class='ocrx_word' id='word_1_296' title='bbox 2000 3444 2316 3510; x_wconf 86' lang='lat' dir='ltr'>amicitias</span> 
     </span>
     <span class='ocr_line' id='line_1_41' title="bbox 312 3529 795 3611; baseline -0.002 -18"><span class='ocrx_word' id='word_1_297' title='bbox 312 3529 795 3611; x_wconf 88' lang='lat' dir='ltr'>comparandas.</span> 
     </span>
    </p>
   </div>
  </div>
 </body>
</html>
