2630 3913
824 186 1270 241 ORATIONUM.
1309 186 1374 242 A.
1414 187 1515 240 Vll
1556 194 1779 241 31-40.
2170 189 2294 251 251

429 350 533 415 35.
578 351 885 414 Asconius
916 371 983 430 Ρ.
1029 352 1128 414 65.
1172 355 1212 412 9
1257 347 1484 412 Statim
1496 369 1518 411 .·

431 438 644 502 Antea
689 459 840 502 vero
887 459 1080 520 quam
1126 435 1479 499 multarum
1520 457 1734 499 rerum
1770 438 2004 501 iudicia
2040 439 2300 503 sublata

299 528 447 608 sint,
494 531 560 589 et
606 526 758 609 quia
804 525 1001 608 scitis,
1045 527 1401 609 praeter-ec,
1446 527 1513 587 et
1547 545 1627 588 ne
1666 545 1854 607 quem
1893 526 1961 588 in
1997 527 2298 592 iudicium

299 616 509 681 oratio
555 636 700 679 mea
742 634 1043 678 revocare
1088 612 1400 676 videatur.

245 724 272 764 5
520 703 700 767 Bello
752 702 973 766 Italico
980 750 999 784 ,
1061 702 1225 782 quod
1271 702 1400 780 fuit
1450 700 1926 766 adulescentibus
1984 703 2112 767 illis
2118 752 2137 786 ,
2195 706 2303 786 qui

388 799 518 857 tum
562 793 633 856 in
674 811 741 854 re
772 789 1025 872 publica
1066 789 1360 872 viqebant,
1405 808 1543 852 cum
1577 789 1760 853 multi
1797 789 1993 854 Varia
2028 791 2147 873 leye
2181 794 2299 857 ini-

386 902 500 963 que
541 881 1001 961 damnarentur,
1044 879 1225 959 quasi
1268 878 1339 941 id
1372 876 1590 941 bellum
1630 878 1757 942 illis
1791 879 2135 944 auctoribus
2169 900 2303 945 con·

386 971 607 1051 flatum
650 972 811 1049 esset,
855 966 1208 1047 crebraeque
1251 965 1605 1043 defectiones
1646 965 2010 1031 Italicorum
2053 970 2302 1033 nuntia·

387 1062 616 1138 rentur,
660 1059 921 1119 nanctus
962 1055 1187 1119 iustitii
1232 1055 1600 1118 occasionem
1636 1060 1883 1119 senatus
1917 1056 2185 1134 decrevit,
2229 1078 2306 1122 ne

221 1167 272 1206 10
387 1146 636 1221 iudicia,
671 1145 819 1208 dum
853 1143 1151 1207 tumultus
1181 1142 1444 1206 Italicus
1477 1147 1641 1225 esset,
1675 1149 2103 1228 wercerentur,
2147 1148 2309 1226 quod

388 1236 687 1298 decretum
729 1250 795 1296 eo
841 1236 1098 1312 tempore
1140 1231 1211 1294 in
1246 1230 1623 1296 contionibus
1654 1232 1875 1313 populi
1907 1251 2081 1313 saepe
2113 1235 2304 1315 ayita-

392 1327 522 1385 twm
574 1324 721 1383 erat.
819 1317 1148 1420 Supererat
1199 1324 1403 1382 autem
1455 1339 1528 1383 ex
1584 1319 1696 1402 eis,
1750 1321 1858 1400 qui
1909 1320 2024 1384 illa
2075 1322 2307 1386 iudicia

390 1413 752 1485 metuerant,
812 1407 1017 1489 viqens
1068 1411 1200 1470 tum
1250 1407 1521 1471 maxime
1573 1404 1637 1472 0.
1693 1405 1907 1489 aurio,
1950 1413 2131 1489 pater
2186 1408 2306 1474 Ou-

390 1498 586 1562 rionis
629 1495 1027 1560 adulescentis
1070 1496 1226 1577 eius,
1277 1496 1387 1576 qui
1439 1495 1585 1559 bello
1638 1496 1806 1559 civili
1851 1494 2133 1562 Caesaris
2182 1498 2310 1578 fuit

225 1603 276 1645 ιε
381 1586 679 1667 partium.

1030 1666 1304 1722 PAULO
1344 1666 1570 1722 POST.-

436 1762 538 1827 36.
566 1759 718 1825 Non
746 1758 856 1825 Cn.
885 1758 1233 1824 Dolabella
1260 1756 1327 1824 C.
1357 1757 1752 1842 Volcacium,
1777 1759 2307 1827 honestissimum

302 1852 538 1934 virum,
583 1848 910 1915 communi
955 1852 1021 1912 et
1064 1846 1388 1912 cotidiano
1433 1847 1572 1911 iure
1617 1847 1965 1932 privasset,

522 1937 668 2005 Duo
719 1939 975 2018 fuerunt
1025 1958 1091 2002 eo
1146 1941 1405 2019 tempore
1457 1934 1567 2002 Gn.
1615 1935 1992 2022 Dolabellae,
2050 1961 2309 2022 quorum

222 2046 276 2088 zo
392 2028 653 2092 alterum
698 2025 763 2093 0.
811 2024 1038 2091 Caesar
1081 2027 1413 2108 accusavit,
1456 2025 1721 2089 alterum
1763 2025 1860 2090 M.
1906 2025 2193 2094 Scaurus.

439 2116 542 2178 37.
584 2136 712 2178 non
749 2113 1019 2196 denique
1054 2113 1250 2176 homo
1287 2075 1550 2177 illo⁷rum
1588 2116 1654 2177 et
1690 2113 1828 2178 vita
1863 2118 1930 2179 et
1965 2115 2308 2200 prudentia

305 2204 501 2286 longe
549 2201 899 2284 dissimilis,
945 2200 1058 2264 sed
1103 2204 1323 2265 tamen
1357 2201 1551 2265 nimis
1586 2201 1658 2265 in
1702 2203 2123 2305 gratificando
2170 2206 2307 2270 iure

306 2292 500 2372 liber,
543 2288 614 2353 L.
662 2286 962 2370 Sisenna,
1008 2288 1325 2352 bonorum
1371 2286 1483 2353 Cn.
1531 2286 1789 2354 Corneli
1834 2293 2307 2375 possessionem

308 2401 385 2444 ex
422 2340 630 2444 edicto
667 2398 784 2442 suo
811 2376 882 2441 P.
912 2374 1211 2460 Scipioni,
1250 2376 1641 2441 adulescenti
1670 2399 1921 2442 summa
1946 2379 2309 2466 nobilitate,

227 2485 280 2526 25
309 2466 544 2533 eximia
587 2465 828 2531 virtute
872 2463 1195 2550 praedit0,
1240 2486 1373 2530 non
1417 2465 1711 2530 dedisset.

524 2554 665 2620 Hoc
697 2554 894 2620 solum
927 2554 1027 2618 hic
1060 2554 1480 2618 adnotandum
1512 2559 1618 2637 est,
1660 2553 1819 2619 hunc
1853 2575 1976 2620 esse
2001 2555 2075 2621 L.
2103 2555 2306 2622 Sisen-

392 2664 570 2727 nam,
614 2643 725 2725 qui
765 2662 862 2707 res
905 2641 1226 2708 Romanas
1267 2644 1526 2724 scripsit.

439 2732 541 2798 38.
605 2731 794 2796 Arus.
846 2731 1031 2796 Mess.
1084 2752 1151 2812 Ρ.
1206 2734 1337 2795 220
1392 2728 1595 2795 Cicero
1646 2751 1768 2813 pro
1822 2730 2133 2798 Cornelio:
2198 2755 2310 2798 cur

305 2842 475 2886 nunc
518 2820 810 2901 redeant,
857 2819 914 2883 si
958 2820 1114 2883 tunc
1159 2818 1409 2903 gratiae
1456 2818 1903 2883 concesserint.

228 2924 279 2966 ⁸0
440 2908 541 2974 39.
587 2909 784 2973 Mart.
830 2906 975 2989 Gap.
1024 2907 1244 2972 V492
1275 2929 1342 2988 Ρ.
1386 2911 1531 2972 468.
1575 2912 1657 2972 16
1700 2908 1916 2973 Halm.
1961 2907 2047 2973 In
2094 2907 2307 2974 Gorne-

309 2998 484 3062 liana
515 2998 734 3079 prima
776 3015 1112 3078 repuynare
1156 2995 1319 3077 dicit,
1362 3000 1435 3058 ut
1468 2994 1799 3077 divisoreS,
1845 3017 2006 3079 quos
2043 2996 2309 3061 honoris

307 3085 408 3150 sui
455 3084 785 3150 ministros
832 3105 971 3148 esse
1017 3082 1343 3165 voluerat,
1388 3082 1532 3168 lege
1580 3083 1861 3147 ambitus
1908 3085 2106 3149 vellet
2151 3084 2311 3150 affii-

355 3196 475 3238 ere.

308 3194 352 3259 g
440 3263 543 3326 40.
587 3263 811 3325 Ascon.
844 3281 912 3343 Ρ.
957 3266 1055 3326 66.
1102 3268 1143 3325 9
1198 3258 1435 3343 Quare,
1490 3281 1633 3324 cum
1687 3260 1810 3324 hoc
1864 3261 2141 3344 populus
2186 3261 2310 3326 Ro-

227 3365 281 3407 ⁸5
310 3370 537 3414 manus
582 3349 828 3413 videret
870 3352 935 3413 et
972 3370 1116 3413 cum
1154 3370 1192 3412 a
1227 3347 1508 3412 tribunis
1546 3349 1755 3431 plebis
1795 3348 2138 3427 doceretur,
2184 3350 2309 3413 nisi

307 3459 516 3522 poena
563 3437 936 3502 accessisset
981 3437 1049 3501 in
1099 3436 1428 3518 divisores,
1475 3436 1763 3523 extingui
1797 3437 2095 3502 ambitum
2128 3438 2308 3504 nullo

308 3525 498 3591 modo
562 3547 784 3611 posse,
852 3525 1063 3611 legem
1127 3525 1293 3588 hanc
1354 3522 1613 3588 Corneli
1675 3525 2050 3609 flagitabat,
2112 3526 2310 3610 illam,
