2630 3913
178 1242 242 1290 12

177 2123 239 2170 13

282 187 369 250 60
1052 150 1162 238 'DE
1200 185 1500 241 OFFICHs

281 347 429 412 dam
466 347 809 431 pertinent,
844 347 1087 430 partim
1122 350 1276 411 sunt
1310 340 1616 430 inanima,
1659 350 1735 411 ut
1771 369 2018 432 aurum,
2065 369 2290 434 argen-

280 439 448 518 tum,
491 439 569 499 ut
612 456 726 527 eas
769 456 933 519 quae
979 434 1339 520 gignuntur
1384 456 1418 499 e
1462 438 1668 519 terra,
1720 438 1795 498 ut
1848 435 1980 500 alia
2034 437 2290 522 generis

280 523 562 588 eiusdem
571 547 589 607 3
633 523 876 608 partim
923 523 1255 606 animalia,
1311 544 1474 608 quae
1519 523 1766 587 habent
1810 545 1963 588 suos
2008 523 2290 609 impetus

281 616 346 675 et
372 632 588 676 rerum
617 611 960 695 appetitus.
1023 609 1268 676 Eorum
1295 614 1514 675 autem
1542 611 1672 676 alia
1698 611 1971 676 rationis
2001 613 2290 697 expertia

281 702 450 783 sunt,
486 699 617 763 alia
641 698 893 763 ratione
920 697 1198 783 utentia3
1235 703 1529 783 expertes
1557 699 1829 764 rationis
1868 701 2034 785 equi,
2070 701 2288 784 boves,
2343 719 2370 757 5

279 788 565 870 reliquae
600 786 893 872 pecudes,
932 789 1156 871 [apes,]
1197 809 1470 871 quarum
1507 808 1699 871 opere
1737 787 2015 852 efficitur
2043 788 2290 872 aliquid

281 876 364 940 ad
407 897 595 939 usum
638 875 975 939 hominum
1021 878 1216 959 atque
1259 875 1493 959 vitam3
1550 875 1800 940 ratione
1846 880 2064 941 autem
2108 881 2287 941 uten-

280 963 445 1027 tium
491 962 614 1027 duo
663 983 901 1047 genera
945 966 1220 1047 ponunt,
1277 963 1541 1028 deorum
1586 985 1811 1048 unum,
1857 966 2133 1029 alterum
2176 965 2289 1030 ho-

279 1051 543 1115 minum.
648 1050 823 1116 Deos
884 1051 1179 1136 placatos
1240 1051 1451 1135 pietas
1515 1050 1750 1116 efficiet
1819 1056 1885 1117 et
1957 1052 2288 1137 sanctitas,

278 1140 570 1224 proxime
616 1141 834 1203 autem
879 1142 946 1203 et
984 1138 1332 1204 secundum
1379 1140 1530 1204 deos
1575 1139 1870 1204 homines
1914 1141 2284 1206 hominibus
2316 1159 2370 1198 10

279 1248 577 1291 maxume
620 1227 815 1291 utiles
861 1248 1001 1291 esse
1045 1230 1338 1312 possunt.
1425 1226 1794 1310 Earumque
1848 1228 2008 1293 item
2052 1251 2303 1319 rerums

280 1337 445 1399 quae
488 1318 764 1380 noceant
818 1318 884 1379 et
939 1315 1183 1399 obsint,
1239 1314 1462 1379 eadem
1507 1315 1712 1380 diviso
1759 1319 1873 1380 est.
1965 1314 2091 1381 Sed
2136 1319 2288 1401 quia

280 1404 431 1468 deos
475 1424 705 1468 nocere
747 1424 882 1466 non
924 1407 1177 1488 putant,
1221 1402 1302 1466 iis
1350 1403 1629 1487 exceptis
1666 1403 1968 1469 xhomines
2013 1405 2287 1470 homini-

277 1492 400 1556 bus
438 1491 663 1556 obesse
699 1489 1050 1574 plurimum
1090 1491 1507 1555 arbitrantur.
1569 1491 1670 1556 Ea
1707 1492 1877 1556 enim
1913 1493 2087 1581 ipsas
2122 1515 2285 1581 quae

276 1579 565 1644 inanima
593 1578 886 1661 diximuS,
912 1579 1219 1663 pleraque
1248 1582 1399 1643 sunt
1425 1578 1761 1644 hominum
1789 1581 2002 1666 operis
2030 1581 2284 1666 effecta3
2315 1599 2369 1639 1⁵

280 1689 443 1752 quae
496 1688 615 1731 πιθα
666 1666 1087 1753 haberemus,
1139 1665 1268 1730 nisi
1324 1688 1552 1731 manus
1608 1671 1674 1731 et
1730 1689 1834 1732 ars
1891 1669 2284 1755 accessisset,

276 1776 394 1820 nec
437 1754 518 1818 iis
566 1753 703 1818 sine
747 1754 1082 1818 hominum
1128 1753 1685 1820 administratione
1735 1760 2078 1822 uteremur.
2160 1756 2283 1823 Ne-

243 1864 401 1926 ›que
456 1841 627 1906 enim
680 1842 1068 1906 valetudinis
1122 1842 1368 1907 curatio
1423 1864 1630 1926 neque
1690 1845 2023 1931 navigatio
2077 1868 2284 1929 neque

278 1929 423 2017 agri
477 1930 731 1996 cultura
782 1951 988 2015 neque
1046 1929 1310 2017 frugum
1372 1930 1824 2018 fructuumque
1887 1933 2283 2018 reliquorum

276 2018 606 2104 perceptio
645 2022 712 2082 et
746 2019 1148 2084 conservatio
1188 2020 1325 2084 sine
1361 2020 1696 2085 hominum
1734 2042 1930 2107 opera
1968 2023 2106 2087 ulla
2143 2045 2282 2088 esse
2311 2042 2367 2081 20

277 2106 616 2192 potuisset.
704 2105 845 2172 Iam
898 2129 1051 2173 vero
1107 2111 1174 2172 et
1225 2129 1447 2172 earum
1500 2129 1713 2173 rerum
1714 2154 1751 2194 7
1800 2110 2032 2194 quibus
2089 2112 2284 2176 abun-

279 2196 608 2280 daremus,
658 2196 1044 2279 exportatio,
1071 2199 1137 2260 et
1182 2217 1409 2272 earum¹
1489 2197 1721 2282 quibus
1777 2219 2141 2284 egeremus,
2191 2199 2282 2263 in-

276 2282 703 2364 vecti0‚certe
747 2284 928 2348 nulla
974 2288 1144 2348 esset
1139 2334 1187 2382 7
1223 2284 1352 2348 nisi
1398 2246 1508 2349 fiis
1563 2286 1936 2351 muneribus
1981 2287 2280 2352 homines

274 2371 713 2456 fungerentur.
803 2370 1173 2457 Eademque
1217 2372 1468 2437 ratione
1512 2395 1629 2438 nec
1684 2373 1931 2459 lapides
1985 2396 2060 2439 ex
2106 2379 2283 2441 terra

277 2459 716 2526 exciderentur
770 2460 850 2525 ad
902 2482 1090 2525 usum
1144 2464 1440 2525 nostrum
1493 2462 1867 2546 necessarii,
1928 2484 2047 2528 nec
2103 2462 2283 2528 ‘fer-
2310 2481 2369 2522 25

276 2570 466 2630 rum,
512 2568 666 2631 aeS,
712 2570 1002 2632 aurum,
1043 2547 1479 2633 argentum'
1517 2549 1902 2615 effoderetur
1939 2550 2279 2634 ‘penitus

196 2635 241 2697 4
279 2634 653 2700 abditum'
691 2636 828 2700 sine
864 2636 1199 2700 hominum
1236 2636 1460 2701 labore
1498 2641 1564 2701 et
1599 2660 1810 2702 manu.
1875 2637 2074 2703 Tecta
2108 2661 2280 2724 ver0,

172 3178 237 3226 14

278 2724 509 2806 quibus
567 2726 633 2787 et
683 2721 1003 2808 frigorum
1055 2723 1156 2789 vis
1210 2725 1558 2808 pelleretur
1613 2729 1679 2790 et
1736 2727 2023 2790 calorum
2086 2728 2280 2792 mole-

277 2811 441 2875 stiae
488 2810 889 2895 sedarentur,
938 2811 1106 2876 unde
1153 2816 1266 2876 aut
1307 2812 1498 2877 initio
1546 2814 1768 2899 generi
1810 2814 2094 2882 humano
2141 2816 2280 2880 dari

274 2899 643 2985 potuissent
679 2902 793 2963 aut
835 2902 1065 2983 postea
1111 2900 1469 2986 subvenire,
1516 2902 1573 2965 si
1617 2906 1730 2967 aut
1765 2902 1831 2967 vi
1871 2904 2280 2988 tempestatis
2308 2920 2372 2961 30-

276 2991 391 3053 aut
434 2992 644 3052 terrae
691 2990 875 3051 motu
930 2991 1044 3051 aut
1095 2991 1422 3053 vetustate
1476 2988 1879 3075 cecidissent,
1931 2991 2061 3056 nisi
2114 3013 2280 3058 com-

275 3076 488 3140 munis
533 3075 672 3140 vita
717 3076 799 3140 ab
844 3076 1215 3142 hominibus
1260 3077 1492 3142 harum
1532 3100 1748 3143 rerum
1785 3079 2027 3143 auxilia
2061 3084 2280 3165 petere

274 3164 643 3229 didicisset?
716 3163 900 3228 Adde
945 3163 1172 3229 ductus
1219 3185 1551 3249 aquarum,
1600 3165 2030 3232 derivationes
2074 3168 2279 3232 flumi-

270 3274 446 3335 num,
492 3272 798 3338 agrorum
841 3251 1286 3338 inrigationes,
1333 3254 1536 3319 moles
1583 3256 1916 3339 oppositas
1957 3256 2280 3341 fluetibuS,

271 3343 500 3424 portus
545 3361 741 3404 manu
783 3340 1019 3425 factos,
1075 3362 1238 3425 quae
1291 3343 1459 3406 unde
1514 3341 1652 3407 sine
1705 3343 2041 3409 hominum
2088 3366 2280 3429 opere
2308 3360 2363 3402 ³⁶

271 3427 510 3491 habere
573 3428 952 3511 possemus?
1054 3427 1155 3493 Ex
1218 3429 1452 3514 quibus
1515 3430 1867 3515 multisque
1931 3432 2076 3497 aliis
2140 3454 2280 3517 per-

273 3514 567 3597 spicuum
612 3518 737 3598 est,
791 3515 902 3599 qui
954 3515 1202 3582 fructus
1259 3540 1550 3603 quaeque
1595 3519 1916 3585 utilitates
1963 3541 2041 3584 ex
2085 3522 2278 3585 rebus
