2630 3913
396 202 529 267 400
1172 201 1623 257 FRAGMENTA

486 362 713 428 Vitare
758 364 1088 463 ingentem
1135 363 1385 428 cladem
1429 366 1807 448 pestemque
1854 364 2204 430 monebant
2340 383 2406 432 bo

484 450 608 516 Vel
653 452 873 538 legum
920 451 1185 515 exitium
1232 452 1559 516 constanti
1603 473 1757 516 voce
1802 452 2101 517 ferebant

487 539 758 625 Templa
804 539 1116 623 deumque
1164 539 1322 604 adeo
1372 540 1652 604 flammis
1698 540 2052 625 urbemque
2096 541 2406 607 iubebant

485 628 754 714 Eripere
801 632 865 692 et
912 631 1202 713 stragem
1245 628 1626 693 horribilem
1674 627 2059 713 caedemque
2103 631 2338 717 vereri3

487 716 715 818 Atque
748 717 910 781 haec
952 716 1083 780 fixa
1129 716 1315 802 gravi
1359 716 1499 781 fato
1547 738 1621 782 ac
1663 715 1934 781 fundata
1981 719 2215 801 teneri,
2264 730 2267 733 ’
2453 739 2474 778 5

485 803 573 869 Ni
618 805 796 889 prius
845 806 1167 869 excelsum
1214 804 1296 870 ad
1342 806 1636 869 columen
1680 804 1964 870 formata
2010 804 2237 871 decore
2340 823 2403 872 55

487 891 726 958 Sancta
770 892 945 958 lovis
993 893 1237 978 species
1284 894 1492 958 claros
1540 896 1864 978 spectaret
1908 893 1977 957 in
2023 897 2224 959 ortus.

486 982 652 1046 Tum
694 981 835 1047 fore
879 984 956 1045 ut
1003 982 1288 1046 occultos
1334 981 1614 1066 populus
1661 985 2048 1065 sanctusque
2096 985 2359 1048 senatus

487 1067 762 1134 Cernere
809 1074 1079 1135 conatus
1124 1073 1373 1155 posset,
1421 1069 1477 1133 si
1523 1069 1680 1135 solis
1728 1069 1808 1134 ad
1855 1073 2071 1134 ortum
2267 1098 2275 1104 ·

487 1157 815 1224 Conversa
859 1158 1006 1223 inde
1051 1161 1308 1242 patrum
1359 1158 1541 1223 sedes
1586 1158 1939 1243 populique
1982 1157 2250 1224 videret.
2432 1180 2475 1220 ιο

485 1246 665 1313 Haec
709 1247 972 1312 tardata
1017 1247 1126 1310 diu
1171 1246 1416 1331 species
1463 1247 1868 1330 multumque
1914 1251 2170 1311 morata
2341 1265 2406 1315 60

488 1334 768 1401 Consule
813 1339 880 1400 te
926 1335 1188 1399 tandem
1228 1334 1401 1399 celsa
1446 1338 1548 1399 est
1592 1335 1662 1399 in
1706 1334 1855 1399 sede
1902 1334 2143 1420 locata,

488 1422 705 1508 Atque
748 1445 879 1488 una
922 1423 1034 1487 fixi
1081 1446 1156 1488 ac
1202 1423 1445 1507 signati
1489 1423 1802 1508 temporis
1848 1423 2010 1488 hora

488 1511 781 1597 Iuppiter
827 1512 1077 1577 excelsa
1125 1511 1418 1576 clarabat
1464 1515 1720 1596 sceptra
1765 1511 2090 1596 columna,

487 1599 585 1665 Ac
631 1600 844 1665 clades
892 1601 1140 1684 patriae
1185 1600 1451 1664 flamma
1494 1600 1794 1683 ferroque
1839 1603 2072 1684 parata
2432 1622 2476 1660 15

485 1687 771 1753 Vocibus
801 1689 1236 1773 Allobrogum
1261 1688 1558 1773 patribus
1587 1688 1955 1773 populoque
1981 1687 2274 1773 patebat.
2343 1705 2407 1754 65

487 1776 637 1840 Rite
681 1776 884 1861 igitur
929 1779 1206 1859 veteres,
1253 1797 1525 1859 quorum
1573 1780 1992 1842 monumenta
2033 1776 2275 1841 tenetis
2285 1826 2305 1861 ‚

488 1863 612 1938 Qui
655 1863 931 1948 populos
977 1863 1284 1947 urbisque
1331 1865 1522 1929 modo
1570 1887 1644 1929 ac
1688 1864 1928 1929 virtute
1974 1864 2322 1950 regebant,

428 2017 432 2022 ,
487 1951 637 2016 Rite
684 1950 881 2016 etiam
927 1952 1155 2036 vestri,
1202 1975 1471 2037 quorum
1520 1954 1856 2039 pietasque
1900 1952 2186 2037 fidesque

485 2039 826 2105 Praestitit
871 2043 937 2105 et
980 2040 1175 2127 longe
1220 2041 1376 2107 vicit
1421 2043 1742 2127 sapientia
1787 2044 2079 2127 cunctos,
2433 2063 2477 2101 20

486 2128 838 2214 Praecipue
885 2129 1137 2195 coluere
1184 2130 1432 2216 vigenti
1475 2130 1738 2195 numine
1783 2131 1984 2196 divos,
2343 2147 2409 2196 '20

485 2216 666 2283 Haec
712 2218 870 2283 adeo
917 2219 1173 2302 penitus
1221 2241 1375 2284 cura
1419 2219 1633 2283 videre
1681 2219 1926 2305 sagaci,

488 2305 640 2372 Otia
686 2306 797 2391 qui
843 2307 1073 2371 studiis
1120 2307 1279 2372 laeti
1324 2311 1585 2371 tenuere
1632 2307 1905 2391 decoris,

486 2395 690 2479 Inque
735 2395 1085 2461 Academia
1127 2395 1482 2460 umbrifera
1525 2395 1857 2479 nitidoque
1900 2394 2111 2479 Lyceo

486 2482 819 2548 Fuderunt
864 2485 1074 2549 claras
1117 2482 1374 2549 fecundi
1417 2484 1699 2568 pectoris
1745 2483 1923 2547 artis.
2432 2500 2480 2539 25

487 2571 543 2635 E
592 2571 824 2656 quibus
873 2575 1163 2656 ereptum
1209 2571 1420 2656 primo
1466 2572 1596 2636 iam
1645 2595 1684 2636 a
1726 2571 1883 2635 flore
1927 2571 2230 2635 iuventae
2344 2586 2409 2636 '25

490 2660 582 2723 Te
627 2660 842 2744 patria
887 2659 956 2723 in
1000 2659 1212 2724 media
1257 2662 1573 2725 virtutum
1620 2660 1791 2724 mole
1837 2659 2093 2724 locavit.

489 2746 589 2811 Tu
633 2751 854 2812 tamen
899 2747 1221 2811 anxiferas
1268 2769 1454 2813 curas
1500 2747 1787 2831 requiete
1830 2747 2128 2812 relaxans
2574 2699 2578 2846 l

490 2834 675 2910 Quod
717 2835 970 2921 patriae
1015 2839 1231 2920 vacat,
1275 2837 1344 2900 id
1389 2837 1620 2901 studiis
1665 2836 1981 2920 nobisque
2026 2836 2318 2901 sacrasti.

399 2922 682 2991 Laetant.
717 2927 858 2990 inst.
886 2926 1003 2990 div.
1030 2924 1164 2988 III
1181 2929 1281 2990 17.
1308 2929 1396 2991 12
1411 2946 1534 3007 sqq.
1561 2925 1950 3007 Capitolium,
1985 2925 2149 3007 quod
2169 2929 2259 2990 est
2282 2923 2410 2989 Ro-
2435 2937 2482 2978 ³⁰
2576 2995 2577 3002 χ

399 3034 623 3078 manae
664 3013 837 3078 urbis
881 3018 939 3078 et
970 3013 1285 3095 reliyionis
1321 3020 1504 3095 caput
1534 3034 1861 3096 summum,
1904 3033 2030 3078 non
2066 3012 2265 3096 semel,
2307 3011 2416 3078 sed

399 3103 641 3183 saepius
679 3102 943 3183 fulmine
985 3103 1174 3167 ictum
1216 3102 1631 3184 contlayravit.
1720 3102 2024 3167 Homines
2067 3105 2273 3166 autem
2316 3102 2412 3165 in·

393 3190 630 3271 ¹qeniosi
681 3191 834 3272 quid
889 3191 963 3255 de
1021 3190 1130 3255 hoc
1191 3191 1696 3274 existimaverint,
1758 3210 1832 3255 ex
1892 3191 2048 3254 dieto
2104 3187 2414 3255 Oiceronis

398 3283 670 3361 amaret,
712 3278 823 3359 qui
866 3279 958 3342 ait
1000 3279 1296 3344 divinitus
1341 3280 1640 3344 exstitisse
1680 3278 1859 3343 illam
1901 3278 2242 3360 flammam,
2286 3297 2413 3342 non

397 3384 553 3443 quae
580 3370 855 3429 terrestre
878 3367 1042 3431 illud
1063 3368 1440 3431 domicilium
1467 3367 1636 3433 Iovis
1660 3367 1892 3445 deleret,
1919 3368 2025 3431 sed
2046 3387 2204 3448 quae
2227 3365 2415 3431 subli-
2442 3375 2489 3419 ³5

398 3451 561 3514 mins
586 3454 1189 3536 maynifieentiusque
1215 3456 1560 3536 deposceret.
1608 3453 1747 3534 Qua
1763 3455 1837 3519 cle
1852 3475 1919 3519 re
1944 3455 2128 3519 etiam
2150 3455 2218 3518 in
2237 3453 2419 3519 libris

398 3538 745 3603 consulatu-s
787 3541 889 3604 sui
930 3543 1138 3605 eadem
1183 3544 1346 3607 dixit
1385 3563 1541 3623 quae
1582 3542 1903 3608 Lucretius
1946 3541 2070 3625 (II
2087 3541 2416 3626 1101sq).·
