2630 3913
903 191 1054 247 OAP.
1096 199 1178 263 11,
1219 199 1300 247 12.
1374 198 1404 259 5
1442 199 1669 250 36—41.
2168 196 2294 259 145

280 355 420 419 bus.
486 351 660 428 Quas
689 352 746 417 si
776 353 1002 437 exequi
1028 354 1379 438 nequirem,
1416 359 1637 420 tamen
1673 377 1775 420 me
1807 355 2083 421 lectulus
2112 378 2292 422 meus

282 443 641 508 oblectaret
697 463 773 506 ea
825 440 969 525 ipsa
1027 443 1457 529 cogitantem,
1514 465 1677 528 quae
1730 444 1861 508 iam
1917 465 2108 530 agere
2161 467 2294 510 non

279 551 566 632 possem3
614 529 725 594 sed
771 533 845 594 ut
887 530 1152 614 possim,
1196 530 1356 596 facit
1393 535 1542 596 acta
1585 531 1739 596 vita.
1813 530 2078 616 Semper
2124 533 2293 597 enim

282 620 347 683 in
400 618 505 683 1118
570 617 801 682 studiis
865 616 1325 702 laboribusque
1388 619 1634 684 viventi
1695 641 1828 685 non
1888 620 2294 707 intellegitur

226 724 252 765 5
282 706 537 792 quando
585 706 858 792 obrepat
903 710 1215 771 senectus.
1287 706 1394 772 Ita
1432 708 1670 772 sensim
1709 709 1846 773 sine
1885 729 2075 773 sensu
2113 713 2292 774 aetas

282 794 560 860 senescit
611 816 729 859 nec
783 794 1001 859 subito
1046 794 1400 882 frangitur,
1461 796 1572 860 sed
1619 795 2044 862 diuturnitate
2091 797 2293 861 extin-

376 884 520 948 tur.

282 905 394 970 ἔω
414 970 717 1055 Sequitur
771 971 969 1036 tertia
1023 971 1415 1056 vituperatio
1474 973 1849 1059 senectutis,
1917 973 2086 1058 quod
2151 996 2292 1039 eam

282 1081 498 1125 carere
538 1059 759 1124 dicunt
794 1059 1258 1144 voluptatibus.
1336 1059 1388 1125 Ο
1426 1062 1831 1160 praeclarum
1858 1084 2090 1126 munus
2121 1066 2291 1126 aeta-

202 1167 254 1205 10
283 1148 397 1231 118,
452 1147 769 1231 siquidem
823 1147 889 1211 id
946 1147 1158 1212 aufert
1212 1169 1251 1212 a
1301 1148 1528 1233 1101118,
1578 1149 1749 1249 quod
1804 1153 1904 1214 est
1956 1150 2026 1214 in
2079 1150 2290 1215 adule-

283 1235 530 1301 scentia
584 1235 1101 1301 vitiosissimum!
1191 1235 1483 1321 Accipite
1540 1237 1736 1321 enim,
1797 1237 2028 1322 optimi
2084 1239 2293 1302 adule-

273 1327 554 1408 -,scentes
598 1328 883 1389 veterem
930 1323 1289 1389 orationem
1317 1324 1647 1409 Archytae
1675 1324 2026 1410 Tarentini,
2073 1327 2294 1412 magni

285 1413 354 1476 in
400 1411 623 1496 primis
663 1416 728 1477 et
763 1412 1082 1497 praeclari
1118 1412 1260 1497 viri,
1306 1434 1470 1498 quae
1508 1413 1669 1478 mihi
1706 1414 1951 1478 tradita
1986 1417 2104 1498 est,
2149 1436 2312 1480 cum-

286 1520 493 1564 essem
556 1501 928 1566 adulescens
984 1499 1249 1565 Tarenti
1309 1523 1455 1566 cum
1510 1499 1582 1576 Q.
1637 1501 1936 1568 Maximo.
2025 1500 2293 1567 Nullam

208 1606 258 1645 1⁵
289 1588 732 1672 capitaliorem
778 1592 1028 1674 pestem
1076 1611 1270 1673 quam
1315 1590 1721 1675 voluptatem
1768 1591 2055 1675 corporis
2092 1591 2294 1655 homi·

283 1676 475 1741 nibus
521 1677 775 1742 dicebat
822 1699 861 1741 a
894 1681 1131 1742 natura
1172 1677 1411 1763 datam,
1457 1678 1636 1743 cuius
1673 1679 2029 1764 voluptatis
2070 1678 2294 1743 avidae

284 1765 583 1830 libidines
628 1769 869 1830 temere
924 1770 990 1830 et
1036 1764 1356 1831 ecfrenate
1403 1765 1485 1830 ad
1533 1766 1909 1851 potiendum
1954 1767 2293 1832 incitaren-

284 1858 406 1919 tur.
478 1852 648 1918 Hinc
693 1852 943 1938 patriae
987 1854 1407 1938 proditiones,
1451 1853 1602 1920 hinc
1638 1877 1853 1920 rerum
1889 1856 2293 1941 publicarum

286 1942 676 2024 eversiones,
741 1942 889 2007 hinc
953 1964 1098 2008 cum
1162 1942 1459 2009 hostibus
1516 1943 1916 2010 clandestina
1971 1944 2294 2030 colloquia

206 2048 257 2087 80
284 2031 489 2115 nasci,
541 2031 794 2095 nullum
841 2031 1111 2115 denique
1159 2032 1394 2116 scelus,
1447 2033 1700 2097 nullum
1756 2034 1997 2099 malum
2046 2033 2293 2099 facinus

288 2140 456 2201 esse,
514 2119 594 2183 ad
641 2118 811 2203 quod
856 2119 1331 2204 suscipiendum
1376 2142 1507 2184 non
1551 2121 1753 2185 libido
1799 2122 2157 2205 voluptatis
2202 2122 2293 2185 in-

288 2207 581 2291 pelleret,
637 2210 862 2292 stupra
907 2229 1058 2273 vero
1107 2211 1173 2272 et
1218 2208 1534 2273 adulteria
1581 2213 1646 2273 et
1691 2231 1878 2274 omne
1923 2211 2055 2274 tale
2112 2209 2293 2296 flagi-

289 2294 454 2358 tium
515 2294 712 2358 nullis
778 2295 1043 2360 excitari
1108 2295 1252 2360 81118
1317 2296 1658 2361 inlecebris
1720 2296 1847 2361 nisi
1908 2297 2295 2381 voluptatis3

288 2404 559 2466 cumque
595 2382 842 2447 homini
879 2383 1012 2448 sive
1049 2387 1285 2448 natura
1320 2383 1455 2448 sive
1503 2383 1646 2467 quis
1686 2383 1839 2448 deus
1875 2384 2040 2447 nihil
2080 2389 2294 2449 mente

207 2488 260 2529 85
288 2470 745 2557 praestabilius
785 2471 1083 2555 dedisset,
1118 2472 1269 2536 huic
1306 2470 1522 2537 divino
1552 2472 1803 2536 muneri
1830 2494 1904 2538 ac
1934 2472 2100 2537 dono
2128 2472 2294 2536 nihil

287 2565 425 2624 tam
471 2581 611 2624 esse
656 2559 986 2624 inimicum
1033 2583 1226 2644 quam
1271 2561 1703 2645 voluptatem3
1754 2581 1873 2627 nec
1928 2560 2098 2625 enim
2152 2559 2294 2625 libi-

288 2648 434 2712 dine
490 2648 859 2713 dominante
915 2649 1381 2733 temperantiae
1428 2649 1640 2714 locum
1688 2671 1853 2733 esse,
1911 2670 2117 2733 neque
2165 2671 2295 2713 om-

285 2736 440 2801 nino
504 2736 575 2800 in
634 2736 991 2821 voluptatis
1055 2758 1254 2823 regno
1318 2737 1626 2802 virtutem
1681 2759 1871 2822 posse
1926 2738 2293 2803 consistere.

288 2822 473 2899 Quod
520 2846 645 2908 quo
693 2823 903 2925 magis
948 2824 1244 2911 intellegi
1287 2828 1528 2910 posset,
1572 2826 1816 2912 fingere
1862 2826 2076 2892 animo
2122 2826 2294 2890 iube-

209 2929 261 2969 80
289 2914 405 2977 bat
441 2915 628 2977 tanta
658 2912 1000 2977 incitatum
1031 2913 1313 2997 aliquem
1343 2914 1680 2999 voluptate
1709 2914 2016 2998 corporis,
2054 2917 2295 2998 quanta

287 3001 532 3085 percipi
578 3005 800 3085 posset
846 3001 1154 3084 maxima3
1199 3001 1442 3065 nemini
1487 3002 1789 3067 censebat
1834 3002 1972 3066 fore
2015 3002 2295 3085 dubium,

289 3088 445 3172 quin
490 3093 625 3153 tam
673 3089 799 3173 diu,
850 3089 1000 3153 dum
1046 3089 1140 3154 ita
1187 3090 1513 3175 gauderet,
1557 3090 1720 3154 1111111
1769 3091 2017 3176 agitare
2063 3093 2294 3172 mente,

287 3177 453 3240 nihil
500 3177 768 3260 ratione,
813 3176 978 3241 nihil
1024 3177 1420 3264 cogitatione
1471 3178 1774 3262 consequi
1820 3181 2057 3262 posset.
2130 3175 2294 3252 Quo·

289 3264 460 3329 circa
520 3264 683 3329 nihil
749 3286 888 3330 esse
950 3269 1088 3331 tam
1154 3266 1536 3330 detestabile
1600 3270 1862 3367 tamque
1917 3265 2292 3350 pestiferum

211 3367 262 3408 ⁸⁶
291 3375 484 3455 quam
522 3354 943 3438 voluptatem,
981 3353 1295 3456 siquidem
1336 3377 1427 3432 ea,
1464 3376 1608 3419 cum
1646 3354 1855 3419 maior
1893 3358 2064 3418 esset
2101 3359 2293 3438 atque

289 3441 467 3505 1011
520 3441 723 3525 quior,
761 3464 948 3508 omne
977 3442 1176 3507 animi
1204 3443 1421 3506 lumen
1451 3442 1871 3528 extingueret.
1935 3441 2112 3508 Haec
2150 3464 2293 3508 cum

290 3526 359 3593 O.
451 3530 630 3595 ontio
668 3528 976 3615 Samnite,
1020 3534 1206 3617 patre
1252 3530 1408 3615 eius,
1453 3552 1494 3596 a
1537 3551 1665 3616 quo
1712 3527 1999 3596 Caudino
2045 3531 2292 3618 proelio

396 3641 507 3682 cro
536 3643 604 3683 Π
645 3641 1978 3690 810

2318 945 2398 1008 12

2332 1872 2399 1921 40

2332 2578 2390 2624 41
