2630 3913
940 206 1091 262 CAP.
1132 214 1271 263 6—8
1344 213 1374 273 ς)
1411 214 1638 265 20—26.
2168 210 2294 273 22}

282 370 633 436 intervalla
670 369 925 454 explere
962 368 1170 453 partis
1207 390 1431 433 rursus
1468 390 1545 433 ex
1581 372 1725 433 toto
1760 369 2091 455 desecans3
2138 393 2302 455 quas

286 461 356 525 in
399 457 764 523 intervallis
809 457 905 521 ita
950 457 1239 541 locabat,
1300 459 1378 521 ut
1429 456 1499 520 in
1544 456 1820 542 singulis
1875 463 2091 523 essent
2143 459 2299 524 bina

286 547 498 613 media
533 544 670 632 (vix
698 545 870 610 enim
898 545 1099 610 audeo
1126 545 1334 610 dicere
1364 545 1851 629 medietates,
1880 568 2039 630 quas
2070 546 2299 613 Graeci

287 631 645 719 μεσότητας
689 634 1050 719 appellant3
1108 633 1219 697 sed
1256 633 1443 718 quasi
1487 633 1582 698 ita
1629 634 1917 718 dixerim,
1960 635 2301 721 intellega-

232 742 259 782 5
286 728 420 808 tur3
476 723 601 787 erit
656 723 829 787 enim
882 719 1190 807 planius),
1245 743 1467 786 earum
1514 722 1790 787 alteram
1836 723 2056 787 eadem
2110 728 2302 809 parte

286 814 728 897 praestantem
784 810 1081 874 extremis
1147 810 1495 894 eademque
1560 814 1958 895 superatam,
2022 812 2298 877 alteram

285 900 429 986 pari
472 920 741 964 numero
779 901 1220 983 praestantem
1259 898 1563 962 extremis
1601 899 1869 983 parique
1908 905 2299 985 superatam.

286 987 741 1072 Sesquialteris
787 990 1006 1051 autem
1051 986 1415 1051 intervallis
1463 990 1530 1050 et
1575 988 2006 1072 sesquitertiis
2053 993 2119 1052 et
2170 1011 2297 1053 ses-

287 1076 647 1162 quioctavis
714 1075 992 1160 sumptis
1048 1096 1124 1140 ex
1179 1073 1282 1138 his
1347 1074 1896 1161 conligationibus
1943 1078 2012 1140 in
2067 1077 2294 1161 primis

209 1186 258 1224 ιο
283 1163 652 1230 intervallis
708 1164 1154 1246 sesquioctavo
1209 1162 1555 1228 intervallo
1612 1163 2025 1246 sesquitertia
2079 1166 2297 1230 omnia

287 1252 607 1337 explebat,
642 1273 788 1316 cum
814 1251 1202 1334 particulam
1230 1251 1636 1336 singulorum
1663 1252 2072 1336 relinqueret.
2136 1252 2294 1318 Eius
2334 1272 2403 1321 24

286 1345 504 1405 autem
557 1339 912 1424 particulae
972 1340 1322 1404 intervallo
1376 1339 1603 1405 relicto
1658 1339 1943 1405 habebat
2005 1361 2298 1407 numerus

283 1430 371 1494 ad
410 1449 749 1492 numerum
794 1427 1061 1492 eandem
1114 1427 1603 1512 proportionem
1658 1428 2298 1512 conparationemque

284 1517 355 1581 in
399 1515 734 1599 extremis,
799 1537 993 1600 quam
1045 1516 1290 1580 habent
1345 1516 1619 1581 ducenta
1666 1516 2137 1602 quinquaginta
2188 1538 2296 1583 sex

208 1623 258 1661 15
285 1627 431 1670 cum
461 1603 750 1670 ducentis
780 1604 1213 1690 quadraginta
1257 1604 1488 1684 tribus,
1534 1609 1728 1689 atque
1773 1604 1869 1669 ita
1903 1606 2295 1690 permixtum

281 1693 474 1775 illud,
537 1715 615 1757 ex
660 1713 787 1776 quo
832 1692 991 1757 haec
1037 1692 1266 1776 secuit,
1337 1692 1471 1757 iam
1535 1715 1724 1758 omne
1788 1697 2293 1778 consumpserat.

282 1781 470 1846 Hanc
512 1780 717 1866 igitur
763 1802 1020 1845 omnem
1066 1781 1580 1846 coniunctionem
1628 1781 1947 1865 duplicem
1984 1782 2055 1846 in
2091 1783 2296 1869 longi-

282 1869 573 1935 tudinem
602 1869 837 1933 diffidit
866 1869 1239 1953 mediaeque
1276 1869 1766 1934 accommodans
1797 1870 2075 1935 mediam
2109 1871 2295 1955 quasi

283 1958 675 2042 decussavit,
729 1959 954 2023 deinde
998 1959 1069 2023 in
1123 1959 1347 2023 orbem
1392 1959 1681 2043 intorsit,
1741 1965 1815 2024 ut
1862 1963 1927 2024 et
1971 1959 2153 2045 ipsae
2201 1982 2294 2025 se-

203 2065 255 2105 20
285 2069 430 2111 cum
469 2050 536 2110 et
569 2046 741 2110 inter
779 2068 847 2110 se
893 2068 969 2110 ex
1016 2047 1458 2130 commissura,
1506 2068 1669 2131 quae
1715 2069 1750 2111 e
1794 2047 2058 2133 regione
2106 2052 2295 2133 esset,

283 2135 720 2218 iungerentur,
767 2155 968 2218 eoque
1015 2138 1214 2216 motu,
1252 2135 1431 2199 cuius
1470 2135 1646 2199 orbis
1685 2156 1938 2220 semper
1972 2137 2040 2200 in
2070 2137 2294 2201 eodem

285 2225 428 2286 erat
469 2220 817 2304 eodemque
855 2221 1045 2286 modo
1084 2222 1391 2305 ciebatur,
1428 2223 1708 2307 undique
1730 2227 1847 2288 est
1884 2245 1992 2288 eas
2030 2224 2292 2290 circum-

284 2309 532 2395 plexus.
595 2308 812 2392 Atque
856 2309 952 2373 ita
997 2331 1141 2374 cum
1188 2311 1468 2374 alterum
1514 2315 1686 2375 esset
1740 2312 2149 2396 exteriorem,
2202 2315 2291 2377 al·
2332 2329 2398 2377 25

285 2403 481 2462 terum
525 2397 872 2462 interiorem
918 2398 1252 2481 amplexus
1300 2399 1551 2483 orbem,
1608 2400 1797 2464 illum
1852 2400 2138 2464 eiusdem
2181 2423 2291 2466 na-

204 2503 256 2543 25
285 2489 495 2568 turae,
548 2484 719 2549 hunc
763 2485 1032 2550 alterius
1077 2486 1333 2551 notavit
1388 2509 1683 2572 eamque,
1738 2509 1901 2572 quae
1947 2492 2088 2552 erat
2134 2487 2294 2553 eius-

285 2574 457 2655 dem,
495 2573 770 2638 detorsit
802 2595 841 2637 a
877 2574 1079 2638 latere
1106 2573 1177 2638 in
1205 2574 1534 2639 dexteram
1561 2579 1834 2660 partem,
1870 2576 2037 2640 hanc
2076 2580 2293 2641 autem

284 2662 573 2727 citimam
619 2684 658 2726 a
704 2661 999 2726 mediana
1044 2663 1216 2727 linea
1261 2663 1496 2727 direxit
1532 2664 1613 2728 ad
1651 2664 1921 2748 laevam,
1968 2664 2078 2729 sed
2123 2665 2294 2749 prin-

285 2751 572 2834 cipatum
615 2750 790 2814 dedit
835 2750 1169 2835 superiori,
1217 2773 1412 2835 quam
1460 2752 1669 2816 solam
1714 2753 2112 2817 individuam
2148 2754 2294 2818 reli·

286 2838 444 2923 quit.
531 2837 916 2903 Interiorem
962 2843 1179 2903 autem
1226 2862 1372 2904 cum
1416 2839 1485 2904 in
1531 2861 1641 2904 sex
1688 2841 1895 2925 partis
1948 2841 2292 2925 divisisset,

201 2943 253 2983 30
284 2930 533 3028 septem
579 2927 755 2990 orbis
804 2926 1105 3028 dispares
1141 2927 1338 3011 duplo
1394 2931 1461 2993 et
1505 2928 1702 3012 triplo
1757 2929 2105 2993 intervallo
2161 2951 2292 2994 mo-

281 3014 419 3079 veri
462 3014 654 3079 iussit
700 3014 1041 3080 contrariis
1086 3014 1256 3079 inter
1301 3037 1371 3080 se
1407 3017 1717 3081 cursibus
1791 3016 2035 3081 Eorum
2076 3020 2293 3081 autem

281 3102 481 3167 trium
525 3101 680 3168 fecit
725 3124 914 3187 pares
961 3103 1343 3188 celeritates,
1390 3104 1502 3169 secl
1550 3108 1858 3189 quattuor
1904 3108 1969 3168 et
2014 3105 2185 3169 inter
2222 3126 2291 3169 se

283 3190 570 3276 dispares
618 3194 684 3256 et
731 3191 1064 3255 dissimilis
1112 3192 1309 3256 trium
1355 3193 1766 3277 reliquorum.
2331 3243 2369 3304 8

412 3279 721 3344 Animum
782 3280 986 3366 igitur
1049 3302 1194 3344 cum
1255 3280 1370 3344 ille
1425 3285 1799 3365 procreator
1853 3280 2075 3345 mundi
2134 3280 2290 3345 deus
2328 3320 2396 3368 26

199 3384 250 3424 ⁸5
281 3388 357 3431 ex
386 3389 503 3432 sua
532 3372 745 3432 mente
771 3371 836 3432 et
863 3368 1200 3432 voluntate
1229 3369 1578 3454 genuisset,
1606 3374 1745 3433 tum
1782 3369 2054 3453 denique
2084 3390 2291 3454 omne,

280 3455 450 3539 quod
506 3458 646 3519 erat
701 3460 1070 3520 concretum
1126 3460 1320 3539 atque
1375 3479 1779 3542 corporeum,
1835 3457 2292 3522 substernebat

279 3543 494 3612 animo
549 3543 949 3628 interiusque
1003 3544 1285 3608 faciebat
1342 3549 1536 3627 atque
1592 3545 1688 3609 ita
1740 3545 1951 3610 medio
2007 3546 2288 3611 medium
