2630 3913
329 207 369 269 3
382 207 461 269 18
1107 204 1552 258 FRAGMENTA

331 365 636 430 scientiae
674 368 978 448 continet,
1022 370 1245 430 tamen
1280 366 1524 430 collata
1561 388 1707 430 cum
1746 388 1968 431 eorum
2007 367 2168 431 actis
2204 390 2358 452 per-

328 453 643 537 fectisque
695 456 886 519 rebus
934 475 1160 518 vereor
1209 476 1289 517 ne
1334 475 1467 518 non
1512 457 1770 517 tantum
1818 454 2114 519 videatur
2160 456 2353 520 adtu—

330 543 484 606 lisse
529 543 779 627 negotii
824 541 1221 624 hominibuS,
1269 546 1581 625 quantam
1630 543 2150 607 oblectationem.

461 632 566 695 43.
623 632 787 695 Non.
823 652 888 711 Ρ.
932 636 1079 695 337.
1125 634 1214 695 26
1271 631 1362 695 Μ.
1423 630 1668 695 Tullius
1717 667 1791 675 —
1853 632 1924 694 in
1977 632 2355 696 Hortensio:

331 717 507 793 Quae
546 723 644 783 est
680 718 883 803 igitur
917 717 1353 802 philosophia,
1391 714 1699 782 Socrate?
1735 740 1853 783 nec
1889 718 2133 803 dubito,
2171 720 2354 803 quin,
2414 740 2448 779 ⁵

332 828 768 890 quaecumque
826 807 940 890 sit,
997 806 1044 887 ἦ·
1088 807 1342 869 lautum
1395 806 1638 871 victum
1687 810 1754 869 et
1799 807 2166 891 elegantem
2213 829 2355 871 ma·

332 893 563 978 gnifice
591 916 798 977 neque
831 895 1066 976 minuS,
1103 917 1298 978 quam
1335 893 1603 976 deceret,
1640 894 1850 958 colere
1885 894 2353 959 instituissent.

463 983 567 1045 44.
600 982 763 1047 Non.
790 1003 859 1064 Ρ.
886 986 1032 1048 527.
1059 988 1144 1046 30
1170 983 1265 1046 M
1298 982 1539 1046 Tullius
1568 1019 1655 1027 —
1693 983 1762 1046 in
1787 982 2155 1047 Hortensio:
2192 982 2352 1046 Vidi

329 1070 400 1133 in
436 1070 654 1134 dolore
691 1071 1018 1155 podagrae
1054 1070 1261 1134 nihilo
1297 1069 1487 1134 illum
1526 1070 1628 1133 vel
1668 1070 1954 1134 omnium
1992 1069 2353 1135 maximum

332 1156 724 1243 Stoicorum,
774 1157 1220 1240 Posidonium,
1282 1180 1477 1242 quam
1531 1155 2002 1222 Nicomachum
2057 1158 2351 1242 Tyrium,
2387 1180 2444 1217 ιο

329 1246 658 1330 hospitem
704 1269 944 1330 meum,
990 1246 1346 1311 fortiorem.

461 1334 565 1399 45.
604 1335 766 1399 Non.
791 1356 859 1417 Ρ.
884 1337 1028 1400 385.
1054 1341 1136 1399 31
1170 1335 1265 1399 M
1298 1334 1544 1398 Tullius
1580 1368 1666 1379 —
1702 1335 1773 1398 in
1807 1334 2178 1399 Hortensio:
2215 1335 2352 1399 elo-

331 1422 596 1506 quentia
641 1423 826 1506 tueri,
873 1445 1067 1507 quam
1113 1426 1189 1487 tu
1222 1422 1293 1485 in
1329 1422 1596 1505 caelum,
1642 1420 1971 1506 Hortensi,
2017 1422 2226 1505 credo,
2272 1429 2353 1487 ut

329 1512 468 1596 ipse
518 1534 665 1576 cum
710 1532 786 1575 ea
832 1510 1027 1574 simul
1074 1509 1479 1592 ascenderes,
1526 1509 1919 1573 sustulisseS.

459 1600 564 1664 46.
622 1599 784 1662 Non.
828 1618 896 1679 Ρ.
947 1602 1095 1664 204.
1140 1603 1182 1661 4
1236 1598 1334 1661 M.
1394 1597 1638 1663 Tullius
1691 1599 1761 1661 in
1815 1598 2183 1662 Hortensio.-
2245 1598 2349 1662 Tu
2385 1619 2438 1658 15

329 1696 431 1751 me
487 1692 553 1751 et
607 1685 770 1749 alias
824 1708 957 1750 non
1005 1707 1359 1768 numquam
1407 1689 1473 1747 et
1515 1685 1711 1768 paulo
1760 1689 1911 1748 ante
1958 1685 2350 1749 adhortatus

328 1796 425 1857 es,
472 1774 748 1838 aliorum
793 1778 867 1837 ut
907 1772 1082 1836 facta
1129 1776 1195 1836 et
1239 1776 1472 1836 eventa
1519 1772 1981 1856 conquirerem.

459 1861 564 1925 47.
618 1861 921 1925 Arusian.
975 1861 1161 1925 Mess.
1204 1881 1273 1941 Ρ.
1318 1864 1451 1925 217
1502 1861 1781 1926 Lindem.
1873 1861 1992 1926 Cic.
2030 1862 2119 1925 ‘in
2172 1862 2348 1925 Hor-

327 1950 551 2014 tensio:
599 1948 709 2033 qui
756 1971 901 2013 cum
945 1947 1138 2013 hodie
1182 1948 1427 2013 bellum
1476 1971 1622 2014 cum
1668 1952 1924 2014 mortuo
1972 1953 2219 2036 gerant.

458 2037 562 2101 48.
602 2035 766 2100 Non.
790 2058 859 2118 Ρ.
896 2043 1040 2103 396.
1073 2041 1163 2102 23
1196 2038 1292 2101 M
1333 2037 1578 2102 Tullius
1612 2039 1684 2102 in
1718 2038 2084 2102 Hortensio:
2131 2036 2345 2112 Quare
2379 2058 2437 2097 20

326 2125 521 2189 velim
569 2125 709 2188 dari
754 2124 941 2209 mihi,
985 2124 1284 2208 Luculle,
1334 2125 1557 2189 iubeas
1603 2125 1880 2190 indicem
1923 2125 2346 2212 tragicorum,

327 2217 401 2277 ut
447 2235 726 2297 sumam,
775 2213 885 2297 qui
930 2213 1100 2277 forte
1148 2213 1309 2277 mihi
1357 2213 1604 2277 desunt.

458 2302 562 2365 49.
611 2302 774 2365 Non.
807 2323 878 2383 Ρ.
913 2308 1057 2367 307.
1096 2304 1136 2366 5
1171 2302 1267 2365 M
1308 2302 1553 2365 Tullius
1599 2302 1668 2364 in
1704 2301 2072 2366 Hortensio:
2118 2300 2346 2365 Faces·

327 2393 477 2454 sant
519 2389 723 2473 igitur
769 2411 1009 2473 omneS,
1056 2389 1167 2472 qui
1214 2389 1440 2454 docere
1485 2388 1651 2451 nihil
1698 2393 1988 2473 possunt,
2041 2411 2168 2474 quo
2215 2412 2346 2453 me·

325 2478 454 2542 lius
503 2477 985 2561 sapientiusque
1030 2477 1342 2542 vivamuS.
2377 2499 2435 2537 25

459 2565 563 2630 50.
608 2566 939 2647 Anqustin.
986 2566 1060 2629 de
1104 2567 1298 2629 trinit.
1344 2564 1529 2628 XIV
1554 2570 1614 2628 9.
1657 2568 1744 2630 12
1783 2565 1852 2628 Τ.
1902 2565 2005 2628 VI
2029 2586 2096 2647 Ρ.
2135 2571 2268 2630 677
2295 2567 2354 2630 0

325 2653 482 2716 Ben.
532 2653 725 2734 Antv.
813 2652 915 2716 De
966 2653 1245 2717 omnibus
1295 2657 1586 2733 quattuor
1640 2653 2022 2735 (virtutibus)
2079 2674 2349 2734 maynus

237 2784 244 2789 -
325 2746 537 2804 auctor
597 2740 965 2821 eloquentiae
1023 2740 1266 2804 Tullius
1328 2741 1399 2803 in
1458 2740 1784 2804 Hortensio
1842 2741 2083 2823 dialoyo
2137 2742 2347 2822 dispu-

327 2835 498 2893 tans:
560 2824 628 2891 Si
672 2827 881 2911 nobiS,
925 2829 1146 2910 inquit,
1191 2849 1337 2891 cum
1385 2849 1463 2891 ex
1506 2828 1630 2892 hac
1674 2828 1813 2892 vita
1856 2829 2345 2913 migrassemuS,

324 2917 393 2980 in
437 2917 780 2981 beatorum
824 2916 1056 2980 insulis
1100 2916 1473 2980 immortale
1520 2938 1773 3000 aevum,
1828 2920 1902 2981 ut
1946 2916 2206 2982 fabulae
2251 2916 2344 2981 fe·
2377 2938 2436 2977 30

325 3009 504 3087 runt,
551 3004 782 3089 degere
828 3004 1078 3087 liceret,
1128 3003 1280 3088 quid
1328 3026 1488 3089 opus
1537 3008 1708 3068 esset
1754 3005 2142 3088 eloquentia,
2194 3027 2345 3070 cum

323 3093 560 3158 iudicia
604 3093 784 3156 nulla
828 3093 1084 3175 fierent,
1141 3095 1253 3155 aut
1296 3091 1459 3177 ipsis
1517 3092 1715 3156 etiam
1772 3092 2168 3157 virtutibus?
2221 3115 2344 3158 nec

325 3180 496 3244 enim
540 3180 924 3244 fortitudine
971 3201 1305 3266 egeremus
1343 3181 1525 3244 nullo
1571 3180 1908 3265 proposito
1957 3184 2069 3245 aut
2114 3181 2344 3246 labore

325 3272 438 3332 aut
483 3267 768 3353 periculo
823 3290 940 3333 nec
993 3268 1273 3352 iustitia,
1332 3290 1478 3333 cum
1535 3273 1707 3333 esset
1759 3269 1951 3352 nihil,
2007 3269 2181 3352 quod
2233 3269 2345 3332 ad—

324 3359 678 3438 peteretur,
734 3356 956 3439 alieni,
1009 3378 1127 3421 nec
1181 3356 1643 3442 temperantia,
1700 3378 1862 3440 quae
1909 3361 2165 3441 regeret
2211 3378 2346 3440 eas,
2381 3377 2439 3417 35

324 3463 488 3521 quae
544 3442 763 3507 nullae
829 3449 1072 3527 essent,
1135 3444 1464 3528 libidines3
1526 3465 1607 3508 ne
1671 3444 2015 3529 prudentia
2081 3443 2345 3528 quidem

324 3546 658 3607 egeremus
707 3531 890 3595 nullo
947 3532 1199 3595 delectu
1251 3531 1591 3616 proposito
1646 3532 1967 3597 bonorum
2021 3534 2087 3596 et
2141 3533 2346 3598 malo-
