2630 3913
374 249 506 312 402
1152 246 1605 300 FRAGMENTA

376 408 497 475 Cic.
542 414 601 474 3.
649 415 715 493 6,
768 409 1110 474 Pseudocic.
1163 409 1235 473 in
1286 407 1418 472 Sal.
1462 413 1527 473 2.
1575 411 1643 485 7,
1702 407 1961 487 Quintil.
2018 407 2136 470 XI
2183 412 2240 471 1.
2288 408 2401 490 24,

373 497 537 562 Serv.
583 499 669 562 ad
714 497 882 579 Very.
928 498 1084 561 Aen.
1130 497 1175 561 1
1214 502 1271 573 1,
1317 496 1487 560 Plut.
1532 515 1719 576 comp.
1764 495 1944 560 Dem.
1990 501 2048 558 et
2089 494 2212 559 Cic.
2259 499 2322 560 2.

507 586 566 650 9.
633 585 840 666 Quint.
904 586 1019 649 IX
1068 590 1126 649 4.
1180 588 1264 648 41
1330 583 1697 664 Videndum,
1759 604 1836 648 ne
1896 583 2168 665 syllabae
2228 584 2400 648 verbi

372 675 602 755 prioris
637 675 890 739 ultimae
925 678 982 737 et
1003 674 1252 754 primae
1284 673 1584 753 sequentis
1618 673 1748 736 sint
1781 673 2034 736 eaedem.
2111 671 2288 750 Quod
2319 691 2400 735 ne

374 764 513 844 quis
543 763 818 843 praecipi
852 762 1124 843 miretur,
1165 758 1444 824 Ciceroni
1480 796 1567 805 —
1602 761 1825 823 excidit
1858 795 1945 804 —-
1980 761 2053 824 in
2088 760 2395 823 carmine:
2450 777 2472 816 5

552 850 605 913 O
652 849 1057 913 fortunatam
1100 852 1326 912 natam
1371 870 1473 911 me
1520 847 1784 911 consule
1830 846 2127 911 Romam.

375 937 469 1018 Cf.
516 936 796 1001 Diomed.
842 937 932 1001 II
968 958 1036 1018 p.
1082 942 1226 1002 466.
1271 942 1336 1013 1,
1386 936 1592 1015 Quint.
1639 935 1758 998 XI
1794 942 1851 1000 1.
1895 939 2012 1018 24,
2066 934 2282 998 Iuven.
2328 933 2402 998 X

376 1029 525 1102 122,
579 1024 931 1090 Pseudosal.
988 1027 1058 1089 in
1111 1024 1232 1089 Cic.
1276 1030 1337 1089 3.
1381 1029 1439 1108 5,
1493 1023 1837 1088 Pseudocic.
1897 1024 1969 1087 in
2023 1022 2178 1086 Sall.
2223 1026 2287 1087 2.
2338 1027 2398 1086 7.

515 1113 613 1177 10.
670 1113 877 1193 Quint.
923 1113 1040 1177 XI
1076 1118 1132 1176 1.
1177 1116 1266 1177 24
1320 1111 1407 1175 In
1460 1112 1839 1176 carminibus
1889 1112 2134 1175 utinam
2177 1130 2399 1191 peper-

377 1203 564 1279 cisset,
610 1221 766 1283 quae
807 1222 934 1265 non
977 1202 1286 1265 desierunt
1319 1219 1564 1282 carpere
1606 1200 1901 1281 maliyni:
1954 1234 2027 1244 —-
2064 1233 2148 1244 —
2186 1197 2399 1262 Iovem
2426 1217 2474 1256 ιο

378 1291 582 1372 illum,
635 1310 678 1353 a
721 1309 838 1370 quo
883 1290 953 1353 in
997 1289 1320 1353 concilium
1365 1289 1614 1352 deorum
1656 1288 2011 1365 advocatur,
2056 1291 2115 1350 et
2155 1286 2399 1350 Miner·

377 1399 536 1456 vam,
563 1397 718 1460 quae
744 1382 906 1442 artes
931 1397 1067 1441 eum
1094 1377 1342 1440 edocuit.
1370 1412 1455 1420 --
1485 1374 1578 1454 Cf.
1606 1374 1958 1440 Pseudosal.
1993 1375 2064 1437 in
2093 1373 2215 1439 Cic.
2245 1377 2305 1436 4.
2339 1380 2399 1438 7.

515 1467 615 1531 11.
652 1465 893 1530 Probus
927 1467 1000 1530 de
1032 1465 1141 1529 ult.
1177 1464 1312 1546 syll.
1346 1464 1414 1526 T.
1442 1462 1638 1543 IVp.
1665 1466 1816 1527 248.
1843 1467 1925 1527 13
1951 1462 2114 1526 Keil.
2149 1459 2397 1540 Quasi'

377 1558 611 1619 constat
642 1552 1044 1635 pyrrhychio,
1087 1557 1159 1615 ut
1205 1551 1481 1616 Tullius:

467 1639 640 1704 Nam
689 1641 875 1723 quasi
922 1661 1036 1704 vos
1085 1640 1210 1704 sibi
1258 1638 1552 1702 dedecori
1599 1658 1875 1723 genuere
1921 1640 2245 1722 parentes,
2425 1657 2472 1696 ιε

633 1922 735 1982 ΧΙ.
798 1923 908 1981 AD
958 1921 1385 1982 CAESAREM
1431 1921 1539 1981 DE
1586 1920 2128 1981 EXPEDITIONE

1119 2026 1640 2087 BRITANNICA.

516 2166 570 2228 1.
627 2162 748 2229 Cic.
806 2164 874 2243 Q.
926 2164 1008 2243 fr.
1061 2163 1154 2227 II
1197 2168 1296 2228 13.
1349 2167 1397 2229 2
1448 2164 1639 2227 Facis
1692 2167 1760 2227 tu
1811 2164 2054 2244 quidem
2103 2164 2397 2244 fraterne,

377 2255 539 2335 quod
572 2273 666 2317 me
709 2252 994 2330 hortaris,
1037 2254 1145 2317 sed
1186 2251 1516 2315 mehercule
1559 2257 1899 2316 currentem
1933 2272 2099 2316 nunc
2131 2254 2396 2336 quidem

376 2347 447 2405 ut
498 2342 709 2406 omnia
761 2361 898 2404 mea
950 2301 1158 2405 eludia
1210 2341 1281 2403 in
1333 2340 1521 2403 istum
1572 2359 1770 2403 unum
1827 2337 2208 2423 (Caesarem)
2258 2362 2394 2406 con-
2421 2361 2469 2400 πο

373 2430 591 2509 feram.
689 2429 826 2511 Eyo
879 2449 1015 2514 vergo
1068 2429 1311 2492 ardenti
1363 2428 1564 2491 studio
1619 2426 1729 2491 hoc
1786 2428 2049 2508 fortasse
2109 2428 2394 2509 efficiam,

376 2519 540 2598 quod
570 2537 746 2598 saepe
779 2517 1131 2598 viatoribuS,
1170 2536 1307 2579 cum
1331 2519 1687 2598 properant,
1723 2518 1930 2593 evenit,
1967 2521 2053 2598 ut,
2089 2517 2147 2580 si
2179 2518 2393 2594 serius,

376 2626 564 2686 quam
599 2605 915 2686 voluerint,
948 2604 1107 2683 forte
1140 2605 1532 2685 surrexerint,
1556 2605 1949 2684 properando
1985 2606 2170 2668 etiam
2196 2607 2393 2687 citiuS,

375 2713 563 2773 quam
607 2693 664 2756 si
707 2693 780 2756 de
824 2695 991 2756 nocte
1032 2691 1410 2773 viyilassent,
1445 2693 1833 2774 perveniant,
1879 2712 1996 2773 quo
2039 2693 2253 2776 velint,
2306 2694 2393 2758 sic

375 2800 504 2863 eye,
549 2779 842 2861 quoniam
886 2779 957 2843 in
1001 2779 1118 2843 isto
1162 2778 1405 2843 homine
1449 2779 1689 2844 colendo
1736 2786 1863 2844 tam
1904 2781 2240 2845 indormivi
2284 2782 2392 2846 diu
2417 2797 2465 2839 2⁵

378 2873 431 2932 te
474 2867 804 2932 mehercule
847 2888 1021 2950 saepe
1072 2869 1393 2949 excitante,
1447 2887 1630 2932 cursu
1683 2870 1988 2950 corriyam
2042 2870 2393 2934 tarditatem

375 2977 512 3021 cum
557 2957 749 3039 equis·‚
807 2960 937 3019 tum
989 2975 1126 3020 vero
1171 2954 1494 3037 (quoniam
1550 2960 1615 3019 tu
1667 2957 1879 3020 scribis
1918 2960 2144 3038 poe‘ma
2195 2958 2276 3022 ab
2328 2978 2392 3023 eo

376 3050 651 3109 nostrum
703 3043 994 3128 probari)
1055 3044 1374 3125 quadriyis
1422 3045 1694 3123 poeticis.
1784 3044 1975 3108 Modo
2036 3043 2194 3108 mihi
2255 3046 2395 3110 date

374 3131 809 3210 Britanniam,
858 3152 1046 3214 quam
1079 3133 1342 3213 pinyam
1387 3132 1685 3196 coloribus
1731 3133 1853 3196 tuis
1859 3182 1877 3215 ,
1911 3133 2200 3212 penicillo
2246 3154 2393 3198 meo.

374 3219 501 3285 Sed
540 3221 692 3301 quid
733 3220 894 3302 ayo?
940 3221 1103 3301 quod
1144 3219 1301 3284 mihi
1345 3223 1593 3301 tempus,
1638 3218 1873 3284 Romae
1895 3221 2283 3303 praesertim,
2326 3227 2397 3285 ut
2419 3238 2465 3279 so

374 3309 486 3371 iste
529 3329 623 3371 me
667 3313 859 3390 royat,
904 3309 1195 3390 manenti,
1240 3327 1501 3372 vacuum
1546 3308 1925 3372 ostenditur?
1993 3306 2117 3372 Sed
2156 3309 2392 3385 videro,-

372 3395 632 3470 fortasse
666 3398 847 3473 enim,
889 3401 961 3460 ut
991 3397 1081 3477 fit,
1128 3397 1324 3460 vincet
1358 3400 1499 3459 tuus
1535 3415 1712 3460 amor
1748 3397 1947 3460 omnis
1982 3396 2393 3476 difficultates.

508 3480 566 3541 2.
614 3480 736 3544 Cic.
785 3482 853 3560 Q.
897 3483 979 3563 fr.
1026 3482 1161 3547 III
1196 3488 1252 3546 1.
1298 3488 1377 3546 11
1422 3482 1652 3547 Poe‘ma
1704 3484 1792 3547 ad
1834 3482 2179 3561 Gaesarem,
2233 3486 2398 3566 quod

374 3563 789 3645 institueram,
835 3570 1044 3634 incidi.
