2630 3913
310 207 396 269 62
1092 206 1191 261 DE
1228 206 1529 263 OFFICIIS

176 410 181 417 -
308 390 455 433 rum
518 369 717 445 etiam
778 371 1152 455 repentinae
1215 370 1678 453 multitudinis,
1743 391 2015 454 quarum
2067 370 2318 455 impetu

310 456 495 521 docet
523 458 837 541 quaedam
863 459 1199 524 hominum
1228 479 1467 544 genera
1495 479 1634 523 esse
1662 462 2062 543 consumpta,
2091 458 2317 524 deinde

308 549 681 630 comparats
708 550 950 631 quanto
987 548 1204 631 plures
1247 546 1444 611 deleti
1482 546 1613 609 sint
1648 545 1941 611 homines
1978 546 2315 612 hominum

306 632 581 718 impetu,
643 633 711 698 id
774 639 874 699 est
935 634 1126 699 bellis
1191 639 1303 699 aut
1365 633 1789 709 seditionibus
1799 685 1817 718 ,
1880 656 2076 720 quam
2140 635 2316 701 omni

305 721 561 805 reliqua
605 723 995 788 calamitate.
2368 739 2394 780 ⁶

210 823 268 873 1⁵1
440 807 608 889 Cum,
665 810 868 895 igitur
929 811 1035 876 hic
1096 810 1276 876 locus
1340 810 1505 874 nihil
1568 810 1810 876 habeat
1872 809 2316 896 dubitationis,

308 897 463 981 quin
507 897 800 963 homines
846 899 1200 984 plurimum
1252 897 1624 964 hominibus
1680 902 1748 963 et
1788 899 2045 984 prosint
2088 903 2155 965 et
2201 900 2311 964 ob-

306 984 455 1068 sint,
500 986 835 1071 proprium
879 987 1003 1053 hoc
1040 991 1257 1052 statuo
1296 1008 1437 1052 esse
1472 986 1756 1069 virtutis,
1802 987 2145 1052 conciliare
2183 988 2315 1053 ani-

305 1093 446 1137 mos
510 1073 844 1140 hominum
907 1079 974 1140 et
1035 1075 1117 1140 ad
1180 1096 1338 1140 usus
1398 1096 1548 1140 suos
1604 1074 1968 1160 adiungere.
2066 1074 2314 1160 Itaque,

307 1182 470 1245 quae
514 1162 584 1226 in
628 1163 820 1228 rebus
864 1163 1167 1228 inanimis
1216 1184 1505 1248 quaeque
1548 1163 1619 1227 in
1661 1184 1783 1228 usu
1820 1166 1887 1227 et
1921 1163 2313 1229 tractatione
2342 1180 2394 1221 ιο

305 1249 644 1315 beluarum
686 1252 855 1316 fiunt
896 1252 1147 1317 utiliter
1184 1251 1266 1317 ad
1304 1251 1644 1316 hominum
1679 1251 1903 1335 vitam,
1950 1252 2200 1317 artibus
2239 1272 2316 1316 ea

304 1337 681 1404 tribuuntur
739 1341 1027 1425 operosis
1037 1356 1055 1424 ς
1108 1340 1445 1404 hominum
1500 1343 1718 1404 autem
1772 1339 1990 1404 studia
2044 1339 2125 1405 ad
2185 1362 2314 1405 am-

304 1426 766 1510 plificationem
828 1432 1199 1498 nostrarum
1270 1449 1486 1492 rerum
1558 1431 1864 1512 prompta
1936 1449 2010 1493 ac
2081 1432 2314 1512 parata

307 1514 620 1594 [virorum
659 1517 1158 1600 praestantium]
1197 1515 1517 1600 sapientia
1552 1518 1637 1581 et*
1654 1515 1896 1579 virtute
1932 1515 2311 1581 excitantur.

206 1615 267 1665 18
303 1600 567 1667 Etenim
619 1603 827 1668 virtus
884 1604 1092 1669 omnis
1155 1603 1367 1668 tribus
1432 1603 1501 1667 in
1562 1603 1754 1667 rebus
1818 1602 1955 1668 fere
2018 1604 2312 1687 vertitur,
2341 1621 2392 1662 ιο

305 1711 578 1775 quarum
630 1713 762 1756 una
816 1695 917 1756 est
958 1691 1028 1757 in
1075 1690 1521 1777 perspiciendo
1521 1732 1557 1781 l
1605 1690 1758 1775 quid
1812 1691 1881 1755 in
1936 1712 2188 1776 quaque
2242 1713 2312 1754 re

302 1799 528 1842 verum
582 1779 1035 1864 sincerumque
1098 1779 1212 1862 sit,
1285 1778 1440 1863 quid
1503 1783 2002 1844 consentaneum
2065 1781 2311 1863 cuique,

304 1865 458 1949 quid
521 1887 915 1951 consequens
932 1919 950 1952 ,
1013 1889 1091 1932 ex
1155 1888 1280 1951 quo
1348 1887 1637 1951 quaeque
1702 1868 2083 1953 gignantur,
2147 1889 2309 1952 quae

303 1952 608 2039 cuiusque
652 1954 749 2020 rei
794 1978 987 2021 causa
1033 1955 1144 2040 sit,·
1183 1956 1463 2021 alterum
1510 1954 1809 2020 cohibere
1846 1961 2062 2021 motus
2109 1956 2310 2021 animi

302 2042 629 2128 turbatos,
656 2064 817 2152 quos
848 2042 1077 2110 Graeci
1111 2041 1298 2127 πάθη
1336 2043 1694 2128 nominant,
1731 2045 2327 2142 appetitionesque7
2337 2063 2389 2103 ιο

303 2151 463 2214 quas
507 2131 610 2195 illi
655 2128 895 2216 ορμοὲς,
951 2132 1363 2197 oboedientes
1416 2131 1666 2197 efficere
1721 2133 1962 2198 rationi
1971 2148 1989 2218 3
2041 2133 2309 2197 tertium

300 2218 419 2302 iis„
447 2218 827 2303 quibuscum
873 2241 1369 2315 congregemur!
1402 2220 1500 2285 uti
1545 2220 1875 2285 moderate
1913 2225 1979 2286 et
2014 2221 2309 2305 scienter,

302 2328 576 2391 quorum
640 2308 873 2374 studiis
937 2330 1050 2410 east
1103 2330 1266 2394 quae
1328 2312 1566 2374 natura
1630 2308 1995 2408 desideratf
2052 2310 2309 2393 expleta

301 2397 754 2481 cumulataque
806 2397 1159 2463 habeamus
1169 2448 1187 2481 ,
1240 2418 1357 2482 per
1411 2396 1821 2481 eosdemque,
1881 2397 1939 2462 si
1992 2397 2147 2481 quid
2189 2396 2306 2461 im-

299 2488 597 2569 portetur
630 2485 819 2550 nobis
855 2485 1263 2567 incommodi,
1307 2485 1759 2586 propulsemus
1795 2484 2307 2569 ulciscamurque
2336 2502 2389 2543 25

200 2627 263 2753 ,ξ
297 2593 618 2749 {2333}
625 2573 2306 2746 ‘3210555230332433333112{ffiztfflssssztffiffaat‘}-

300 2746 422 2811 bus
469 2752 685 2812 autem
731 2748 1092 2813 rationibus
1137 2748 1303 2814 hanc
1356 2747 1738 2814 facultatem
1794 2750 2052 2833 assequi
2104 2750 2307 2834 possi·

300 2856 486 2919 mus„-
524 2839 599 2901 ut
653 2835 989 2901 hominum
1042 2837 1257 2902 studia
1302 2837 1807 2922 complectamur
1852 2858 2053 2921 eaque
2097 2841 2337 2903 tenea--

299 2944 442 2989 mus
437 2971 482 3022 7
517 2923 826 3009 dicemus,
870 2946 1076 3009 neque
1119 2925 1216 2989 ita
1260 2925 1469 2989 multo
1515 2928 1693 3008 post,
1748 2924 1860 2989 sed
1904 2946 2110 3009 pauca
2156 2928 2306 2990 ante
2335 2946 2386 2986 so

301 3011 566 3078 dicenda
604 3016 770 3078 sunt.
844 3012 1151 3099 Magnam
1187 3013 1321 3078 vim
1359 3034 1498 3077 esse
1534 3013 1604 3077 in
1644 3013 1910 3078 fortuna
1953 3014 2023 3077 in
2067 3017 2306 3079 utram·

300 3122 422 3184 que
466 3105 750 3186 partem,
804 3102 909 3166 vel
965 3101 1273 3167 secundas
1321 3101 1403 3166 ad
1456 3123 1558 3166 res
1613 3102 1718 3166 vel
1775 3100 2107 3186 adversas,
2162 3102 2305 3187 quis

297 3188 604 3274 ignorat?
694 3188 867 3255 Nam
922 3194 987 3254 et
987 3231 1020 3282 7
1077 3212 1222 3256 cum
1275 3210 1587 3275 prospero
1642 3189 1801 3255 flatu
1855 3189 1991 3254 eius
2045 3189 2307 3273 utimur,

300 3275 382 3341 ad
426 3277 635 3341 exitus
680 3277 1100 3362 pervehimur„
1137 3281 1398 3362 optatos
1446 3282 1536 3364 et,
1575 3299 1720 3344 cum
1759 3277 2032 3361 reflavit,
2078 3277 2306 3363 affligi·

299 3384 461 3428 mur.
533 3364 712 3430 Haec
756 3366 961 3451 igitur
1003 3366 1147 3451 ipsa
1190 3364 1455 3431 fortuna
1499 3370 1748 3431 ceteros
1795 3387 1980 3431 casus
2026 3366 2306 3430 rariores
2335 3387 2386 3429 ss

298 3449 526 3534 habet,
587 3451 868 3535 primum
933 3453 1015 3518 ab
1078 3453 1382 3518 inanimis
1444 3455 1794 3539 procellas,
1864 3456 2306 3537 tempestateS,

299 3537 670 3622 naufragia,
732 3540 984 3624 ruinas,
1046 3541 1371 3623 incendia,
1438 3541 1663 3606 deinde
1727 3564 1767 3607 a
1831 3542 2058 3606 bestiis
2123 3540 2310 3624 ictuS,
