2630 3913
364 233 406 292 4
415 235 445 292 1
456 234 495 292 2
1142 228 1594 282 FRAGMENTA

365 391 654 455 Statilius
715 390 1042 454 Maximus
1101 391 1174 455 de
1234 391 1653 471 sinyularibus
1722 392 1892 472 apud
1950 411 2088 455 eum
2148 412 2389 474 quoque

360 480 578 559 positis
621 483 810 542 notat.
855 514 939 524 —-
986 476 1080 558 (7Ῑῖ
1125 477 1255 541 Att.
1302 478 1375 542 X
1414 481 1471 542 5.
1515 483 1557 543 3
1603 478 2124 558 stomachosius]

498 567 557 631 9.
596 566 751 631 Gell.
786 566 961 630 1719.
989 568 1070 630 15
1106 564 1213 630 Sic
1241 566 1339 630 M.
1373 566 1613 630 Tullius
1647 571 1706 629 et
1739 565 1803 631 Ο.
1834 565 2062 632 Caesar
2100 566 2385 650 ‘mordeo‚

365 656 675 732 memordi,
709 674 938 736 punyo‚
976 655 1217 737 pepu9i‚
1262 655 1542 736 spondeo,
1586 653 1897 736 spepondi’
1943 656 2249 719 dixerunt.

367 742 460 824 Cf.
515 704 793 807 Diomed.
849 742 898 805 I
941 762 1009 823 p.
1061 747 1207 807 367.
1266 747 1351 806 30
1413 742 1698 806 Primam
1759 743 2059 825 syllabam
2120 745 2381 807 iterant:
2438 767 2464 806 ⁵

367 832 604 912 curm,
657 828 933 894 cucuwi'
989 867 1076 874 —
1133 829 1388 911 puroyo,
1432 829 1722 913 pupuyi'.
1814 829 2023 896 Cicero
2063 830 2157 911 (S.
2205 831 2384 896 Rosc.

363 923 472 984 22.
494 920 637 1001 60).·
664 917 983 1000 Intellexi,
1013 917 1167 1000 quid
1189 939 1335 981 eum
1363 918 1748 1003 pupugisset
1767 917 1925 1001 (var.
1954 919 2385 1004 pepugisset.)

505 1006 603 1071 10.
631 1005 841 1071 Sidon.
872 1006 1077 1087 Apoll.
1106 1027 1293 1082 caym.
1324 1006 1506 1070 XIV
1531 1009 1698 1087 epist.
1735 1008 1920 1071 dedic.
1946 1027 2012 1088 Ρ.
2049 1028 2130 1071 m.
2162 1029 2228 1088 Ρ.
2256 1012 2386 1072 144

367 1095 508 1159 Sav.
555 1094 850 1159 Lecturus
894 1115 954 1158 es
996 1094 1095 1159 hic
1136 1095 1323 1158 etiam
1357 1114 1583 1159 novum
1617 1095 1879 1176 verbum,
1922 1096 1992 1159 id
2023 1100 2114 1159 est
2148 1094 2386 1159 ‘essen-

366 1181 585 1260 tiam';
649 1184 756 1247 sed
813 1183 971 1247 scias
1031 1183 1140 1247 hoc
1198 1184 1405 1264 ipsum
1466 1184 1695 1247 dixisse
1757 1180 2116 1248 Ciceronem.
2210 1184 2388 1248 Nam
2415 1205 2463 1245 10

369 1269 764 1335 ‘essentiam'
793 1291 900 1335 nec
924 1291 1052 1335 non
1087 1275 1146 1334 et
1179 1268 1614 1334 ‘indoloriam'
1651 1272 1900 1335 novavit
1930 1272 2191 1335 addens:
2231 1272 2388 1336 lieet

369 1360 538 1423 enim
585 1358 770 1423 novis
818 1359 1010 1423 rebus
1055 1380 1224 1423 nova
1269 1358 1532 1422 nomina
1583 1358 1930 1443 imponere.
1975 1395 2063 1405 -—-
2110 1358 2251 1423 Sen.
2298 1381 2387 1441 ep.

367 1450 467 1514 58.
506 1453 546 1511 6
584 1447 731 1512 Non
766 1448 962 1511 celabo
999 1452 1085 1510 te:
1130 1448 1324 1529 cupi0‚
1368 1448 1426 1510 si
1462 1447 1601 1527 fieri
1633 1452 1847 1529 potest,
1878 1448 2175 1529 propitiis
2217 1451 2387 1511 auri·

368 1537 479 1601 bus
523 1537 648 1600 tuis
694 1533 1105 1598 ‘essentiam'
1161 1536 1385 1611 dicere,·
1438 1536 1499 1598 si
1542 1537 1775 1617 minus,
1830 1536 2033 1599 dicam
2084 1541 2144 1599 et
2183 1537 2385 1600 iratis

370 1623 716 1689 Ciceronem
760 1628 1064 1688 auctorem
1108 1622 1293 1687 huius
1346 1621 1510 1685 verbi
1560 1622 1770 1705 habeo,
1811 1629 1966 1704 puto
2023 1623 2385 1704 locupletem,
2416 1645 2459 1684 ιε,

381 1750 386 1753 -
509 1714 605 1776 11.
642 1712 903 1793 Auqust.
939 1731 987 1775 c.
1024 1711 1260 1775 Iulian.
1294 1711 1504 1792 Pelay.
1543 1710 1635 1774 II
1652 1717 1751 1776 10.
1777 1715 1866 1776 37
1896 1711 1965 1776 Τ.
1992 1710 2063 1775 Χ
2084 1731 2153 1792 Ρ.
2178 1716 2311 1777 363
2339 1710 2395 1777 Ο

366 1802 454 1865 ed.
499 1801 686 1864 Antv.
731 1804 901 1863 1700
946 1798 1269 1877 Numquid
1309 1798 1610 1862 Irenaeus
1662 1803 1720 1862 et
1772 1796 2121 1880 Qprmnus
2167 1835 2252 1846 —-
2304 1837 2380 1848 -

367 1894 425 1951 et
458 1887 768 1950 Iohannes
813 1885 913 1947 ‘tle
958 1883 1215 1970 plebeia
1262 1885 1437 1951 faece
1475 1885 1995 1970 sellulariorum',
2039 1889 2197 1951 sicut
2237 1888 2383 1952 Tul-

369 1977 533 2038 liane
577 1975 826 2055 iocaris,
871 1975 942 2037 in
985 1979 1245 2038 vestram
1289 1976 1595 2039 invidiam
1639 1977 1924 2040 concitati
1965 1976 2156 2040 sunt?

507 2063 602 2126 12.
659 2059 900 2127 Charis.
945 2062 1037 2125 II
1071 2083 1138 2144 Ρ.
1184 2065 1329 2127 219.
1374 2066 1464 2127 24
1523 2060 1931 2146 ‘Singularie'
1974 2083 2097 2145 pro
2155 2062 2385 2148 ‘sinque
2412 2087 2458 2124 20

368 2148 603 2216 lariter’
650 2151 829 2231 quasi
873 2148 1091 2215 ‘unice’
1140 2149 1372 2228 Cicera,
1416 2155 1487 2214 ut
1527 2152 1857 2216 Maximus
1898 2157 2089 2216 notat.

505 2239 605 2303 13.
671 2238 793 2303 Vel.
848 2239 1038 2320 Lony.
1093 2240 1165 2302 de
1218 2238 1478 2320 orthoyr.
1528 2238 1597 2303 Τ.
1656 2239 1798 2303 VII
1831 2260 1900 2321 Ρ.
1947 2245 2048 2305 79.
2090 2245 2132 2306 1
2189 2240 2384 2320 Quas·

366 2330 513 2392 dam
560 2328 796 2392 litteras
841 2327 1110 2391 lenitatis
1154 2346 1345 2391 causa
1389 2328 1747 2410 omiserunt,
1789 2329 1949 2392 sicut
1989 2326 2223 2406 Cicero,
2277 2331 2386 2411 qui

371 2414 653 2480 foresia'
692 2420 749 2478 et
785 2412 1187 2498 Megalesia'
1226 2420 1283 2477 et
1319 2412 1669 2477 Hortesia'
1706 2416 1838 2479 sine
1872 2437 1918 2479 n
1955 2416 2160 2481 littera
2198 2417 2384 2481 liben-

370 2510 457 2568 ter
501 2505 745 2568 dicebat.
2411 2526 2456 2564 25

509 2592 604 2655 14.
654 2591 821 2671 Vera.
858 2592 1108 2671 interpr.
1144 2594 1277 2655 vett.
1314 2590 1559 2654 adEcl.
1611 2590 1753 2655 VII
1779 2597 1866 2656 33
1898 2613 1966 2674 Ρ.
2006 2595 2104 2657 75.
2142 2599 2183 2658 6
2219 2595 2384 2658 Keil.

369 2680 601 2759 Asper:
642 2675 914 2741 Sinum'
942 2684 1029 2742 est
1053 2698 1162 2742 vas
1186 2679 1518 2759 vinarium,
1553 2683 1625 2741 ut
1650 2676 1856 2744 Cicero
1881 2682 2204 2762 siynificat,
2242 2703 2385 2764 non,

368 2773 439 2831 ut
480 2768 760 2848 quidam,
807 2766 1150 2829 lactarium.

508 2853 603 2919 15.
655 2853 858 2933 Quint.
905 2854 954 2917 I
989 2856 1046 2918 5.
1087 2858 1169 2918 13
1216 2852 1420 2919 Cicero
1467 2851 1959 2939 ‘Canopltarum
2006 2857 2384 2922 exereitum’

367 2945 532 3025 dicit,
578 2945 700 3023 ipsi
748 2940 1084 3005 ‘Canobon'⁸
1126 2947 1356 3006 vocant.
1409 2977 1484 2986 —
1537 2941 1644 3005 ‘In
1688 2963 1774 3007 or.
1819 2945 1892 3008 de
1934 2965 2071 3026 reye
2113 2945 2384 3011 Aleoean-
2412 2964 2461 3003 so

368 3030 616 3095 drino?
665 3030 881 3093 Halm.

466 3117 470 3122 ’
508 3119 605 3182 16.
658 3118 888 3181 Terent.
935 3118 1150 3181 Maur.
1199 3119 1325 3180 657
1373 3117 1441 3180 Τ.
1502 3118 1602 3182 VI
1628 3140 1693 3199 Ρ.
1739 3124 1868 3183 344
1916 3122 1999 3185 K.

544 3207 637 3270 Et
678 3205 895 3270 Iolaus
941 3206 1044 3269 ille
1100 3206 1371 3281 Violens;
1419 3208 1589 3270 crede
1632 3208 1853 3272 Marco
1904 3209 2126 3273 Tullio.

509 3294 605 3357 17.
645 3293 926 3357 Gramm.
970 3294 1042 3357 de
1084 3294 1221 3357 dub.
1256 3314 1420 3358 nom.
1463 3294 1529 3357 Τ.
1582 3294 1724 3376 Vp.
1761 3298 1903 3361 584.
1940 3299 2027 3361 25
2065 3296 2386 3363 ‘Nucleus'

366 3382 602 3460 qeneris
646 3382 1008 3457 masculini;
1054 3402 1202 3445 nam
1240 3381 1445 3445 Cicero
1483 3383 1814 3462 pluraliter
1852 3383 2162 3449 nucleos'
2209 3387 2389 3452 dixit.
2414 3401 2463 3442 ⁸⁵

508 3467 603 3529 18.
663 3467 868 3545 Quint.
926 3468 977 3532 I
1021 3473 1213 3534 4.11
1267 3468 1441 3533 Sciat
1500 3471 1685 3533 etiam
1749 3469 2025 3536 Ciceroni
2075 3474 2390 3554 placuisse

372 3549 522 3611 aiio
568 3551 857 3617 Maiiam’
861 3575 973 3635 que
1020 3558 1337 3637 yeminata
1389 3559 1414 3620 i
1457 3559 1724 3622 scribere.
1777 3596 1851 3605 —
1907 3560 2024 3624 Vel.
2072 3561 2266 3644 Lony.
2320 3563 2389 3626 Τ.
