2630 3913
314 152 443 213 408
1092 151 1185 205 FR
1198 150 1450 204 AGMEN
1453 151 1549 205 TA

455 313 552 375 16.
609 311 804 377 Schol.
859 311 1041 393 Gruq.
1096 312 1256 376 Hor.
1308 318 1424 377 sat.
1479 311 1570 375 II
1615 317 1673 377 6.
1720 318 1804 376 79
1846 333 1914 394 p.
1967 317 2098 377 484
2152 311 2346 392 Oruq.

315 400 594 463 Divitiae
630 421 756 466 non
787 400 1036 481 faciunt
1068 400 1517 482 beatitudinem,
1551 402 1658 465 sed
1690 402 1941 465 animus
1963 420 2163 482 parvo
2202 420 2344 464 eon-

317 493 530 566 tentus,
571 509 726 568 quae
760 490 957 553 virtus
993 489 1220 553 dicitur
1256 483 1645 594 αὐτάρκεια;
1691 508 1847 569 quae
1881 489 2176 569 quoniam
2212 488 2344 551 La·

318 578 443 639 tine
485 597 608 641 uno
652 577 825 641 verbo
870 578 992 641 elici
1035 597 1162 642 non
1194 581 1408 659 potest,
1455 570 1830 677 αὐτάρκεια,
1872 577 2080 656 inquit
2113 573 2345 656 CicerO,

317 668 437 747 est,
467 685 629 748 quae
657 686 859 749 parvo
890 666 1196 728 contenta
1225 686 1414 728 omne
1443 664 1509 727 id
1535 663 1801 748 respuit,
1831 664 2004 748 quod
2030 663 2343 729 abundat.
2398 679 2423 718 ⁶

455 753 553 816 17.
612 751 817 832 Quint.
862 751 956 815 II
992 757 1093 817 17.
1136 756 1224 818 21
1280 752 1411 817 Nee
1464 750 1698 836 Oicero,
1757 772 1896 816 cum
1946 771 2010 818 se
2064 753 2344 816 tenebras

317 839 607 941 offudisse
649 840 951 905 indicibus
1001 841 1071 904 in
1124 860 1313 905 causa
1360 839 1609 905 Cluenti
1643 841 1960 922 yloriatus
2012 846 2123 918 est,
2179 839 2345 904 nihil

318 930 446 1009 ipse
488 928 658 992 vidit.

457 1016 553 1080 18.
600 1015 724 1081 Iul.
760 1016 1087 1099 Rufinian.
1124 1023 1207 1082 19
1241 1037 1309 1097 p.
1346 1021 1447 1082 43.
1482 1020 1571 1082 29
1607 1017 1825 1081 Halm.
1866 1011 2342 1099 Ἀποφώνημα,

317 1105 613 1168 sententia
665 1107 1043 1186 responsiva,
1105 1109 1176 1169 ut
1227 1141 1311 1150 —-
1368 1106 1539 1185 apud
1593 1104 1905 1168 Tullium:
1967 1103 2344 1170 Literarum
2373 1120 2421 1158 1⁰

319 1191 565 1257 radices
624 1214 905 1276 amarae,
963 1192 1214 1257 fructus
1270 1192 1505 1256 dulces.
1567 1227 1642 1237 —
1704 1191 1800 1272 Of.
1853 1191 2135 1258 Diomed.
2186 1192 2238 1255 I
2270 1215 2343 1274 p.

318 1286 457 1344 310.
485 1283 532 1345 2
561 1279 903 1346 Chr-iarum
938 1282 1283 1346 exercitatio
1318 1282 1389 1344 in
1424 1300 1603 1345 casus
1636 1282 1726 1345 sic
1757 1282 2072 1344 variatur:
2119 1281 2343 1345 Nomi·

319 1369 526 1432 nativo
590 1389 736 1434 casu
788 1389 1040 1435 numero
1102 1369 1443 1450 sinyulari:
1506 1368 1602 1432 M.
1657 1367 1916 1432 Porcius
1969 1367 2121 1435 Cat-o
2179 1370 2347 1434 dixit

321 1457 667 1522 litterarum
701 1459 937 1522 radices
971 1477 1228 1523 amaras
1262 1476 1400 1539 esse,
1436 1455 1680 1536 fructus
1714 1458 2119 1533 iocundiores;
2159 1477 2342 1539 yene-

321 1546 441 1608 tivo
496 1565 676 1610 casu:
734 1546 829 1610 M.
885 1545 1096 1611 Porcii
1149 1544 1404 1610 Catonis
1457 1544 1687 1608 dictum
1735 1544 1938 1624 fertum
1990 1545 2339 1609 litterarum
2369 1558 2417 1599 1⁶

318 1633 555 1697 radices
589 1652 636 1697 e.
670 1654 725 1716 q.
759 1653 808 1699 s.
847 1669 930 1680 ——
968 1633 1069 1698 De
1103 1653 1220 1714 quo
1264 1655 1318 1696 v.
1354 1631 1608 1696 Jordan.
1649 1630 1899 1697 Catonis
1931 1653 2086 1714 quae
2129 1639 2345 1698 extant

459 1809 556 1871 19.
597 1807 761 1872 Suet.
804 1809 925 1872 div.
960 1807 1085 1872 Iul.
1125 1811 1214 1873 42
1232 1829 1322 1872 ex.
1359 1809 1601 1873 Poenas
1640 1808 1994 1889 facinorum
2037 1811 2238 1893 auxit,
2284 1816 2344 1874 et

319 1916 458 1961 cum
504 1896 814 1977 locupletes
858 1915 923 1960 eo
965 1895 1219 1978 facilius
1263 1897 1477 1962 scelere
1518 1916 1581 1963 se
1623 1897 1981 1980 obliyarent,
2040 1899 2203 1980 quod
2244 1900 2339 1963 in-

322 1985 503 2066 tegris
525 1984 932 2065 patrimoniis
964 1985 1311 2067 exulabant,
1345 1987 1719 2069 parricidas,
1762 1991 1836 2051 ut
1870 1983 2074 2052 Oicero
2108 1987 2338 2065 scribit,
2368 2000 2416 2040 2⁰

320 2072 493 2140 bonis
537 2072 834 2155 omnibuS,
878 2071 1143 2155 reliquos
1185 2074 1451 2138 dimidia
1483 2080 1667 2153 parte
1709 2074 2009 2139 multavit.

454 2160 557 2226 20.
612 2159 836 2226 Isidor.
882 2160 1108 2240 Differ.
1157 2167 1285 2226 179
1334 2162 1404 2226 T.
1462 2162 1525 2227 V
1554 2183 1623 2243 p.
1666 2166 1758 2227 24
1802 2162 2048 2227 Areval.
2096 2160 2338 2227 Cicero:

319 2249 491 2314 hunc
535 2250 872 2333 loquacem
920 2270 1059 2314 esse
1104 2249 1430 2332 habitum,
1475 2271 1828 2333 numquam
1877 2250 2206 2314 disertum.

455 2339 558 2402 21.
586 2337 780 2403 Schol.
808 2337 1043 2402 Lucan.
1071 2338 1187 2402 IV
1203 2344 1327 2403 819
1353 2338 1591 2403 Cicero:
1629 2360 1774 2403 cum
1813 2337 1902 2402 sis
1942 2341 2091 2422 post
2130 2338 2335 2403 vitam

324 2425 461 2492 sine
507 2429 835 2490 momento
882 2426 1138 2490 futurus
1147 2475 1165 2508 ,
1211 2428 1251 2489 i.
1298 2446 1345 2489 e.
1388 2426 1627 2489 nullius
1671 2428 1973 2491 momenti.
2364 2442 2411 2483 2⁵

455 2515 557 2578 22.
621 2514 786 2579 Serv.
855 2513 1026 2595 Very.
1082 2512 1159 2578 G.
1215 2513 1266 2577 I
1312 2519 1436 2578 130
1491 2512 1729 2579 Cicero:
1794 2514 1974 2578 Mare
2038 2518 2337 2580 movetur

321 2603 532 2666 ventis
542 2652 560 2685 ,
604 2624 686 2667 ne
731 2605 1047 2686 putescat.

453 2690 557 2753 23.
604 2688 799 2754 Schol.
836 2689 975 2753 Iuv.
1010 2689 1060 2754 I
1087 2693 1216 2755 128
1260 2689 1466 2755 Cicero
1509 2691 1761 2754 domum
1806 2690 2126 2756 Scaevolae
2173 2690 2337 2755 ‘ora—

321 2776 559 2841 culum'
608 2778 774 2842 dixit
816 2776 1166 2842 ‘civitatis'.

454 2868 557 2930 24.
607 2865 886 2931 Gramm.
941 2867 1013 2930 de
1066 2866 1201 2931 dub.
1247 2886 1407 2930 nom.
1459 2866 1527 2929 Τ.
1587 2867 1648 2931 V
1670 2888 1736 2948 p.
1783 2870 1928 2932 592.
1974 2870 2059 2931 21
2107 2865 2336 2931 eVeter-
2362 2883 2410 2922 80

319 2954 492 3019 num'
516 2956 756 3035 yeneris
785 2955 1004 3032 neutri,
1040 2959 1113 3018 ut
1138 2953 1376 3019 Cicero:
1413 2953 1634 3019 Liceat
1662 2956 1953 3018 fenerare
1981 2957 2336 3019 veternum.

453 3043 556 3108 25.
602 3043 798 3107 Mart.
846 3040 993 3122 Gap.
1053 3042 1114 3106 V
1146 3045 1274 3107 520
1314 3063 1383 3124 p.
1430 3047 1574 3107 476.
1620 3046 1701 3107 15
1755 3043 1973 3108 Halm.
2027 3041 2102 3107 Si
2156 3043 2339 3125 lon-qa

319 3136 407 3194 est
450 3132 897 3213 (monosyllaba
940 3130 1210 3213 finalis),
1254 3131 1504 3211 praeire
1549 3130 1715 3195 debet
1758 3131 2093 3207 trochaeus,
2137 3136 2211 3194 ut
2254 3137 2342 3195 est

320 3217 659 3283 Ciceronis:
706 3216 858 3282 Non
905 3218 1165 3302 scripta,
1212 3219 1324 3282 secl
1368 3220 1525 3282 naba
1571 3219 1676 3281 lex
1722 3219 1896 3300 (Mil.
1942 3223 2001 3283 4.
2037 3219 2150 3301 10)
2194 3226 2336 3283 aut:

319 3305 530 3369 Debet
576 3327 716 3370 esse
762 3306 981 3391 legum
1030 3306 1097 3369 in
1143 3328 1213 3370 re
1259 3306 1520 3390 publiea
1566 3306 1778 3390 prima
1824 3328 1965 3371 VOX.
2360 3322 2406 3362 ⁸⁵

452 3393 553 3455 26.
617 3393 897 3457 Diomed.
961 3394 1052 3457 II
1102 3414 1165 3474 p.
1228 3398 1375 3459 421.
1438 3398 1479 3459 5
1532 3394 1618 3458 Κ.
1685 3395 1930 3460 Tullius
1990 3394 2101 3459 hoc
2161 3397 2337 3459 modo

319 3497 452 3537 eam
506 3478 760 3561 (artem)
814 3481 1055 3561 definit:
1110 3480 1236 3544 Ars
1294 3486 1394 3545 est
1448 3483 1973 3565 praeceptionum
2029 3484 2335 3547 exercita-
