2630 3913
361 250 486 312 194
832 252 843 263 '
954 249 1259 303 LAELIUS
1295 250 1392 304 DE
1434 248 1763 303 AMICITIA

356 418 458 476 est
499 411 703 497 igitur
747 410 906 477 haec
953 411 1256 493 amicitia,
1301 433 1448 476 cum
1494 411 1661 475 alter
1706 432 1930 475 verum
1974 411 2196 477 audire
2233 432 2370 478 non

356 500 524 583 vult,
579 500 746 564 alter
792 499 874 563 ad
928 461 1363 564 mentiendum
1419 503 1689 584 paratus
1736 504 1852 564 est.
1942 497 2080 565 Nec
2124 501 2367 584 parasi-

355 592 574 653 torum
617 588 686 651 in
732 587 1077 654 comoediis
1124 588 1492 668 adsentatio
1542 586 1756 652 faceta
1791 586 1981 652 nobis
2019 588 2363 671 videretur,

356 677 482 740 nisi
529 679 745 741 essent
790 676 1032 740 milites
1080 663 1369 760 gloriosi.

443 764 764 850 Magnas
809 785 1015 829 vero
1043 786 1268 849 agere
1317 765 1618 849 gratias
1665 762 1900 837 Thais
1948 763 2178 829 mihi?
2420 785 2446 824 ⁵

358 851 530 916 Satis
577 856 720 917 erat
768 851 1182 936 respondere.
1231 851 1622 937 magnas'3
1669 851 2096 938 ingentes’,
2137 852 2366 936 inquit.

357 938 623 1024 Semper
668 944 865 1026 auget
911 941 1285 1006 adsentator
1330 941 1423 1024 id,
1470 940 1641 1024 quod
1686 940 1764 1024 ie,
1807 941 1987 1005 cuius
2026 903 2107 1005 ad
2144 941 2366 1006 volun

252 1037 319 1086 99
354 1033 560 1092 tatem
633 1028 895 1112 dicitur,
963 1030 1106 1094 vult
1171 1051 1310 1093 esse
1376 1050 1702 1114 magnum.
1793 1028 2000 1103 Quam
2062 1030 2145 1093 ob
2211 1051 2367 1111 rem,

358 1139 750 1200 quamquam
793 1117 1034 1182 blanda
1086 1117 1216 1182 ista
1268 1117 1522 1182 vanitas
1580 1116 1751 1201 apud
1816 1138 1924 1181 eos
1989 1119 2191 1201 valet,
2255 1119 2366 1201 qui

354 1205 481 1290 ipsi
525 1206 708 1270 illam
746 1205 1074 1271 adlectant
1108 1210 1174 1270 et
1210 1205 1510 1289 invitant,
1546 1210 1764 1269 tamen
1794 1205 1992 1270 etiam
2030 1206 2362 1290 graviores
2394 1228 2444 1266 ιο

355 1294 954 1378 constantioresque
1019 1293 1403 1358 admonendi
1457 1299 1638 1377 sunt,
1698 1297 1773 1357 ut
1829 1294 2365 1378 animadvertant,

353 1404 434 1447 ne
479 1382 717 1447 callida
762 1382 1208 1466 adsentatione
1255 1383 1612 1466 capiantur.
1701 1382 1947 1466 Aperte
2004 1383 2176 1447 enim
2215 1383 2364 1448 adu·

354 1471 601 1535 lantem
645 1492 835 1536 nemo
880 1492 1013 1536 non
1047 1470 1242 1555 videt,
1276 1471 1404 1534 nisi
1441 1471 1552 1555 qui
1589 1469 1935 1535 admodum
1974 1474 2075 1534 est
2111 1493 2365 1556 excors3

355 1559 628 1624 callidus
673 1559 787 1624 ille
834 1563 900 1624 et
955 1560 1244 1624 occultus
1289 1580 1371 1623 ne
1426 1579 1496 1622 se
1549 1559 1858 1641 insinuet,
1923 1558 2210 1624 studiose
2265 1581 2363 1625 ca·

353 1647 630 1712 vendum
675 1650 807 1730 est3
869 1668 986 1712 nec
1041 1647 1208 1710 enim
1262 1646 1573 1712 facillime
1627 1646 2071 1732 adgnoscitur,
2125 1648 2363 1733 quippe
2392 1666 2442 1707 ιε

355 1737 466 1820 qui
513 1736 711 1799 etiam
758 1734 1155 1800 adversando
1203 1755 1394 1820 saepe
1442 1734 1816 1800 adsentetur
1860 1739 1926 1800 et
1975 1736 2237 1821 litigare
2295 1758 2363 1801 se

355 1824 667 1888 simulans
720 1823 1094 1887 blandiatur
1154 1828 1350 1907 atque
1405 1824 1487 1888 ad
1552 1828 1910 1889 extremum
1975 1823 2084 1888 det
2134 1845 2362 1889 manus

353 1911 648 1995 vincique
685 1932 755 1977 se
781 1912 1089 1996 patiatur,
1135 1916 1210 1977 ut
1244 1914 1321 1995 ia,
1364 1912 1475 1996 qui
1510 1911 1761 1978 inlusus
1799 1913 1903 1997 sit,
1939 1912 2088 1998 plus
2126 1913 2363 1979 vidisse

352 2001 665 2065 videatur.
738 1999 905 2075 Quid
951 2005 1169 2065 autem
1214 2003 1470 2086 turpius
1518 2023 1713 2085 quam
1758 2001 2008 2067 inludi?
2068 1999 2252 2076 Quod
2288 2007 2362 2067 ut

351 2110 433 2153 ne
480 2088 746 2173 accidat,
791 2090 1001 2173 magis
1048 2089 1401 2155 cavendum
1449 2093 1564 2169 est.
2388 2109 2444 2150 ιο

445 2175 548 2242 Ut
588 2199 712 2242 me
766 2177 993 2242 hodie
1048 2182 1222 2243 ante
1278 2200 1535 2291 omnes
1592 2178 1921 2243 comicos
1981 2179 2270 2243 stultos

1875 2287 2094 2331 senes

440 2352 802 2419 Versaris
851 2360 1082 2438 atque
1127 2354 1546 2419 inlusseris
1598 2354 2079 2420 lautissume.

251 2459 350 2507 100
379 2441 555 2507 Haec
602 2443 771 2507 enim
827 2444 1024 2507 etiam
1068 2444 1137 2507 in
1180 2442 1423 2508 fabulis
1480 2442 1873 2507 stultissima
1925 2464 2205 2546 persona
2258 2450 2360 2509 est

351 2522 835 2615 inprovidorum
882 2535 948 2596 et
1002 2531 1409 2597 credulorum
1465 2552 1706 2596 senum.
1797 2529 1922 2597 Sed
1965 2532 2182 2598 nescio
2229 2554 2357 2617 quo

352 2622 541 2702 pacto
589 2620 670 2682 ab
718 2619 1020 2684 amicitiis
1074 2619 1506 2704 perfectorum
1560 2618 1922 2703 hominum,
1984 2620 2052 2684 id
2107 2625 2208 2685 est
2262 2643 2359 2686 sa·
2388 2640 2442 2680 πε»

351 2706 665 2790 pientium
712 2704 819 2791 (de
864 2707 986 2772 hac
1032 2707 1171 2772 dico
1220 2708 1564 2791 sapientia,
1624 2729 1787 2791 quae
1833 2708 2087 2773 videtur
2130 2710 2201 2773 in
2244 2709 2357 2775 ho·

354 2794 589 2858 minem
626 2794 851 2860 cadere
887 2794 1125 2881 posse),
1162 2795 1243 2860 ad
1271 2796 1445 2860 leves
1475 2795 1793 2861 amicitias
1827 2797 2093 2861 defluxit
2128 2798 2357 2862 oratio.

352 2881 559 2957 Quam
614 2882 697 2948 ob
761 2905 899 2948 rem
963 2884 1045 2948 ad
1106 2883 1223 2948 illa
1282 2884 1496 2968 prima
1550 2885 1885 2950 redeamus
1950 2907 2152 2970 eaque
2213 2886 2360 2971 ipsa

266 3014 272 3019 -
351 2970 804 3036 concludamus
852 2970 1215 3055 aliquando.

247 3059 326 3125 27
481 3058 730 3143 Virtus,
772 3060 1007 3144 virtus,
1052 3061 1344 3143 inquam,
1391 3060 1459 3125 O.
1504 3060 1736 3145 Fanni,
1782 3067 1848 3126 et
1892 3065 1992 3146 tu,
2052 3060 2123 3136 Q.
2171 3061 2360 3145 Muci,
2389 3081 2446 3120 ³0

352 3151 418 3211 et
471 3148 774 3213 conciliat
830 3111 1148 3214 amicitias
1204 3154 1271 3213 et
1326 3154 1681 3214 conservat.
1770 3149 1849 3214 In
1900 3171 1978 3215 ea
2032 3154 2133 3214 est
2188 3150 2359 3214 enim

350 3237 796 3301 convenientia
840 3258 1072 3321 rerum,
1117 3237 1185 3301 in
1222 3259 1298 3302 ea
1332 3238 1687 3315 stabilitas,
1733 3238 1800 3302 in
1845 3259 1922 3303 ea
1967 3239 2363 3321 constantia3

352 3345 514 3405 quae
560 3345 706 3388 cum
752 3346 821 3389 se
868 3326 1102 3389 extulit
1148 3330 1213 3389 et
1258 3326 1543 3390 ostendit
1589 3347 1775 3390 suum
1822 3327 2042 3391 lumen
2087 3331 2153 3391 et
2188 3327 2360 3391 idem

353 3411 605 3493 aspexit
651 3412 1087 3497 adgnovitque
1131 3414 1200 3477 in
1246 3414 1404 3515 alio,
1460 3414 1542 3479 ad
1595 3414 1662 3479 id
1708 3436 1775 3479 se
1823 3415 2126 3479 admovet
2170 3415 2357 3480 vicis·

354 3498 601 3580 simque
648 3500 881 3584 accipit
924 3501 1106 3585 illud,
1152 3502 1324 3585 quod
1368 3502 1438 3565 in
1483 3503 1689 3568 altero
1728 3506 1855 3586 est3
1901 3524 1977 3567 ex
2017 3524 2143 3585 quo
2182 3524 2361 3568 exar-
2392 3522 2447 3562 ω

353 3583 555 3648 descit
592 3585 726 3651 sive
764 3610 945 3653 amor
983 3590 1118 3654 sive
1158 3590 1471 3672 amicitia3
1517 3595 1860 3671 utrumque
1898 3591 2068 3655 enim
2116 3590 2362 3656 dictum
2410 3661 2427 3676 ⁴
