2630 3913
329 157 454 220 184
924 153 1227 207 LAELIUS
1264 153 1361 206 DE
1399 152 1725 207 AMICITIA

323 317 516 383 amici
563 319 915 401 anteponat
963 314 1121 380 suo?
1195 313 1404 388 Quid?
1450 314 1608 379 haec
1654 318 1729 378 ut
1773 316 2092 399 omittam,
2140 338 2336 399 quam

324 427 573 492 graves,
620 427 811 489 quam
851 403 1143 467 difficiles
1181 403 1506 487 plerisque
1552 402 1852 467 videntur
1888 404 2331 469 calamitatum

324 494 691 561 societates!
741 492 821 557 ad
868 513 1027 575 quas
1073 512 1204 555 non
1250 494 1351 555 est
1394 491 1585 555 facile
1630 479 1897 557 inventu
1935 493 2044 575 qui
2082 492 2333 558 descen-

324 583 497 647 dant.
589 580 992 664 Quamquam
1037 578 1285 644 Ennius
1334 583 1531 644 recte.

411 667 722 734 Amicus
769 672 1030 734 certus
1076 665 1155 732 1‘n
1198 689 1277 732 re
1323 668 1621 732 incerta
1667 669 2041 752 cernitur,
2394 687 2424 727 s

321 763 544 823 tamen
585 758 745 822 haec
783 757 908 821 duo
946 756 1231 821 levitatis
1270 759 1336 820 et
1371 756 1770 821 infirmitatis
1808 757 2151 858 plerosque
2188 749 2333 823 con·

322 847 605 930 vincunt,
641 849 755 910 aut
791 846 847 909 si
882 845 952 909 ιιι
978 845 1165 909 bonis
1203 845 1394 909 rebus
1434 848 1855 909 contemnunt
1894 849 2007 909 aut
2042 846 2111 908 ιιι
2140 846 2331 910 malis

223 937 302 1000 18
324 934 642 999 deserunt.
733 932 856 1008 Qui
899 933 1102 1019 igitur
1147 936 1422 1016 utraque
1467 933 1536 997 ιιι
1579 954 1649 998 re
1695 953 1988 1018 gravem,
2034 938 2332 998 constan-

324 1027 482 1106 tem,
547 1022 848 1087 stabilem
914 1043 982 1086 se
1043 1021 1114 1084 in
1178 1021 1465 1085 amicitia
1525 1021 1958 1106 praestiterit,
2019 1022 2190 1087 hunc
2254 1045 2331 1086 ex

323 1111 599 1176 maxime
652 1132 801 1175 raro
867 1130 1098 1196 genere
1150 1109 1485 1174 hominum
1551 1109 1830 1175 iudicare
1897 1110 2199 1174 debemus
2266 1114 2332 1174 et
2368 1130 2419 1169 ιο

216 1198 992 1352 (18)Pae1i¹(irrdnigffigntum
1021 1288 1237 1350 autem
1258 1286 1641 1351 stabilitatis
1675 1288 2204 1371 constantiaeque
2232 1293 2334 1351 est

236 1344 306 1394 ⁶⁶
326 1377 487 1459 ciue,
553 1397 746 1460 quam
808 1376 878 1439 ιιι
941 1374 1228 1439 amicitia
1296 1375 1691 1458 quaerimus,
1754 1375 1941 1458 fides3
2002 1375 2168 1439 nihil
2232 1381 2334 1440 est

323 1465 492 1530 enim
538 1463 793 1548 stabile,
839 1462 1010 1547 quod
1055 1462 1323 1526 infidum
1370 1466 1490 1527 est.
1579 1460 1949 1547 Simplicem
1995 1468 2333 1548 praeterea

321 1557 386 1617 et
423 1574 826 1618 communem
865 1555 930 1616 et
966 1551 1491 1635 consentientem,
1527 1551 1593 1615 id
1630 1555 1731 1616 est
1760 1552 1870 1635 qui
1897 1552 2089 1616 rebus
2125 1552 2330 1617 isdem
2365 1572 2415 1612 ιε

321 1645 675 1724 moveatur,
722 1640 878 1725 eligi
921 1661 1043 1724 par
1079 1643 1196 1722 est,
1243 1660 1408 1722 quae
1445 1640 1662 1704 omnia
1698 1640 2026 1724 pertinent
2064 1640 2145 1705 ad
2181 1641 2329 1705 fide-

321 1730 603 1813 litatem3
662 1750 868 1811 neque
924 1727 1094 1792 enim
1147 1727 1345 1790 fidum
1402 1732 1620 1811 potest
1666 1750 1807 1793 esse
1853 1729 2194 1814 multiplex
2238 1730 2330 1793 in-

323 1818 582 1903 genium
621 1820 687 1881 et
722 1820 1108 1900 tortuosum,
1142 1836 1349 1899 neque
1386 1837 1557 1900 vero,
1597 1817 1707 1899 qui
1733 1838 1865 1882 non
1894 1817 2100 1882 isdem
2137 1817 2329 1882 rebus

322 1909 618 1974 movetur
669 1908 1031 1988 naturaque
1087 1904 1436 1988 consentit,
1500 1909 1612 1970 aut
1674 1905 1839 1971 fidus
1894 1909 2008 1971 aut
2071 1906 2329 1971 stabilis

320 1999 541 2081 potest
586 2015 742 2059 esse.
832 1993 1215 2057 Addendum
1263 1993 1484 2058 eodem
1533 1998 1657 2077 est,
1706 1997 1779 2060 ut
1822 2016 1904 2059 ne
1950 1995 2327 2060 criminibus
2357 2015 2413 2055 ιο

325 2087 437 2148 aut
481 2082 830 2147 inferendis
878 2081 1230 2147 delectetur
1276 2086 1389 2146 aut
1426 2082 1645 2147 credat
1682 2083 1942 2167 oblatis,
1989 2105 2151 2167 quae
2192 2106 2330 2168 per-

322 2172 533 2237 tinent
579 2171 796 2236 omnia
842 2170 922 2234 ad
969 2192 1139 2254 eam,
1192 2192 1385 2253 quam
1432 2171 1564 2235 iam
1611 2171 1849 2236 dudum
1893 2175 2132 2255 tracto,
2187 2193 2331 2237 con·

323 2259 652 2324 stantiam.
742 2258 845 2323 Ita
888 2259 975 2323 fit‘
1010 2279 1233 2324 verum
1279 2258 1469 2343 illud,
1516 2260 1688 2344 quod
1732 2259 1918 2325 initio
1966 2259 2123 2343 dixi,
2171 2261 2330 2324 ami-

323 2348 544 2414 citiam
607 2348 733 2412 nisi
791 2348 962 2412 inter
1025 2347 1232 2412 bonos
1298 2368 1438 2412 esse
1499 2369 1631 2412 non
1683 2369 1893 2432 posse.
1982 2347 2105 2412 Est
2160 2349 2328 2412 enim

321 2438 478 2503 boni
523 2436 673 2520 viri,
728 2456 918 2519 quem
965 2435 1234 2499 eundem
1281 2435 1640 2537 sapientem
1686 2436 1839 2502 licet
1884 2436 2117 2520 dicere,
2170 2437 2331 2502 haec
2358 2455 2408 2495 π

325 2525 448 2590 duo
502 2528 720 2589 tenere
773 2524 844 2587 in
908 2523 1217 2588 amicitia.
1279 2524 1562 2608 primum
1623 2546 1704 2588 ne
1759 2524 1912 2608 quid
1965 2525 2188 2590 fictum
2245 2526 2332 2589 sit

322 2634 482 2677 neve
521 2613 922 2695 simulatum3
964 2614 1190 2695 aperte
1223 2612 1394 2676 enim
1431 2612 1535 2676 vel
1573 2612 1784 2677 odisse
1821 2613 2032 2714 magis
2069 2613 2330 2698 ingenui

324 2705 424 2766 est
489 2722 682 2783 quam
744 2699 959 2764 fronte
1033 2700 1353 2764 occultare
1429 2701 1845 2784 sententiam3
1917 2700 2142 2766 deinde
2201 2723 2330 2766 non

324 2789 535 2854 solum
583 2788 665 2852 ab
713 2787 932 2871 aliquo
990 2787 1226 2853 allatas
1283 2787 1764 2854 criminationes
1818 2789 2159 2875 repellere,
2219 2791 2330 2854 sed

321 2899 403 2942 ne
468 2876 683 2960 ipsum
747 2876 1004 2960 quidem
1069 2897 1208 2940 esse
1272 2877 1699 2962 suspiciosum
1765 2899 2016 2963 semper
2088 2878 2330 2961 aliquid
2357 2895 2409 2935 ω

216 2980 284 3030 66
324 2965 803 3030 existimantem
860 2965 940 3029 ab
998 2964 1204 3030 amico
1260 2986 1401 3030 esse
1455 2965 1789 3031 violatum.
1880 2966 2164 3031 Accedat
2209 2965 2331 3032 huc

324 3054 611 3119 suavitas
678 3053 994 3136 quaedam
1059 3057 1319 3138 oportet
1384 3075 1752 3119 sermonum
1807 3058 2001 3155 atque
2062 3076 2331 3137 morum,

320 3142 820 3226 haudquaquam
866 3140 1184 3207 mediocre
1241 3142 1719 3207 condimentum
1777 3142 2115 3208 amicitiae.
2196 3142 2332 3206 'rri-

324 3231 507 3294 stitia
561 3234 779 3295 autem
834 3233 900 3295 et
953 3229 1022 3295 in
1077 3230 1253 3295 omni
1306 3251 1377 3294 re
1429 3231 1740 3296 severitas
1785 3231 1986 3296 habet
2030 3232 2149 3296 illa
2194 3231 2332 3315 qui-

325 3318 466 3381 dem
516 3318 934 3402 gravitatem,
979 3317 1092 3383 sed
1138 3317 1425 3383 amicitia
1470 3319 1801 3385 remissior
1846 3341 1986 3384 esse
2033 3319 2224 3385 debet
2271 3323 2334 3383 et
2358 3336 2405 3377 ει

323 3404 589 3468 liberior
619 3410 683 3468 et
713 3405 958 3471 dulcior
996 3408 1062 3470 et
1098 3405 1180 3470 ad
1219 3428 1475 3471 omnem
1514 3407 1885 3473 comitatem
1921 3407 2333 3473 facilitatem-

326 3512 449 3573 que
495 3491 863 3574 proclivior.
