2630 3913
352 203 484 268 330
1129 201 1581 256 FRAGMENTA

353 365 468 428 bat
524 364 587 427 in
648 385 750 445 eo,
816 363 988 448 quod
1040 363 1369 446 plerisque
1433 366 1661 427 eontra
1726 363 1919 446 solet,
1982 366 2057 428 ut
2122 364 2382 428 maiora

353 452 571 516 omnia
616 473 686 516 re
733 474 924 535 quam
970 450 1146 514 fama
1201 450 1600 534 viderentur,
1658 450 1726 514 id
1782 449 1953 534 quod
1998 472 2131 515 non
2177 472 2378 535 saepe

353 539 592 622 evenit,
638 542 712 604 ut
758 538 1120 622 expectatio
1168 537 1571 623 cognitione,
1617 559 1805 602 aures
1852 537 1934 602 ab
1983 538 2184 603 oculis
2232 538 2377 603 vin-

352 631 665 692 cerentur.

491 716 587 779 15.
626 715 933 779 Priscian.
971 713 1043 778 X
1073 720 1131 778 3.
1169 718 1253 778 18
1281 735 1348 795 p.
1385 717 1524 778 510.
1560 719 1643 779 16
1677 715 1766 778 Η.
1805 714 2102 797 ‘Iynosca
2146 716 2378 798 iynovi,
2435 738 2461 777 5

350 801 666 884 iynotum’‚
706 838 779 848 —
812 804 973 866 unde
997 807 1055 866 et
1070 802 1478 883 participium
1500 801 1705 882 futuri
1733 800 2115 884 ‘iynoturusff
2163 801 2378 867 Cicero

351 893 419 954 in
477 888 703 955 Catone
757 890 1095 973 [maiore]:
1160 889 1535 975 ignoturum
1593 890 1808 973 alteri,
1870 890 2043 974 quod
2095 893 2378 975 patrem,

207 1017 224 1042 κ
353 978 574 1061 alteri,
620 978 792 1061 quod
837 981 1119 1043 tutorem
1168 980 1425 1042 secutus
1473 983 1659 1042 esset.

846 1332 979 1393 vn.
1045 1331 1390 1392 PoRolAE
1437 1293 1872 1394 LAUDATloss

490 1470 543 1534 1.
606 1468 727 1534 Cic.
785 1469 915 1532 Att.
970 1468 1170 1531 XIII
1216 1474 1321 1533 37.
1373 1473 1418 1533 3
1478 1469 1933 1533 Laudationem
1992 1467 2376 1551 (funebrem)
2406 1492 2459 1532 ιο

351 1557 609 1622 Porciae
651 1556 776 1638 (M.
824 1555 1077 1622 Catonis
1127 1557 1383 1637 sororis,
1436 1558 1649 1621 uxoris
1698 1557 1775 1621 L.
1828 1556 2073 1621 Domiti
2126 1556 2374 1622 Aheno-

351 1645 556 1727 barbi)
605 1646 839 1726 9audeo
894 1664 989 1708 me
1039 1648 1182 1708 ante
1232 1645 1464 1708 dedisse
1505 1645 1734 1727 Leptae
1787 1645 2128 1722 tabellaria,
2181 1665 2371 1725 quam

352 1739 491 1797 tuas
552 1734 881 1813 acceperim
947 1732 1195 1796 litteras,
1284 1732 1452 1796 Eam
1508 1737 1575 1796 tu
1629 1734 1848 1815 iyitur,
1908 1733 1967 1797 si
2021 1752 2117 1796 me
2171 1752 2375 1815 amas,

351 1820 611 1902 curabis,
654 1821 714 1884 si
756 1820 932 1883 modo
977 1820 1263 1897 mittetur,
1310 1822 1425 1884 isto
1467 1822 1644 1885 modo
1688 1820 2045 1885 mittendam
2089 1818 2375 1885 Domitio

350 1912 409 1973 et
448 1907 671 1973 Bruto.
2403 1927 2456 1968 15

485 1996 544 2060 2.
598 1994 720 2061 Cic.
776 1996 906 2059 Att.
953 1995 1156 2060 XIII
1190 2000 1295 2061 48.
1341 1999 1390 2061 2
1442 1996 1893 2061 Laudationem
1945 1996 2204 2061 Porciae
2260 1999 2376 2063 tibi

352 2085 498 2149 misi
551 2088 908 2162 correctam;
963 2104 1029 2148 eo
1063 2086 1421 2166 properavi,
1473 2089 1566 2162 ut,
1620 2086 1679 2149 si
1725 2086 1885 2164 forte
1936 2091 2050 2150 aut
2090 2084 2375 2152 Domitio

351 2172 482 2253 fiilio
526 2177 640 2236 aut
681 2172 889 2237 Bruto
933 2174 1301 2253 mitteretur,
1345 2171 1490 2236 haec
1532 2174 1887 2237 mitteretur.

1006 2509 1173 2570 VIII.
1237 2511 1345 2569 DE
1394 2509 1713 2569 GLORIA.

490 2651 544 2710 1.
600 2645 722 2711 Cic.
776 2646 849 2710 de
900 2645 1058 2726 offic.
1102 2646 1189 2709 II
1231 2652 1289 2710 9.
1333 2651 1416 2710 31
1461 2646 1648 2709 Nunc
1698 2646 1976 2711 dicamus
2026 2647 2101 2711 de
2145 2647 2379 2731 yloria,
2406 2664 2462 2705 20
2578 2656 2579 2717 1

350 2753 725 2816 quamquam
770 2752 841 2796 ea
886 2752 1118 2813 quoque
1160 2734 1234 2798 de
1276 2753 1342 2796 re
1386 2734 1506 2797 duo
1551 2737 1699 2797 sunt
1737 2734 1936 2798 nostri
1981 2734 2143 2798 libri.

485 2822 544 2885 2.
601 2820 722 2886 Cic.
780 2821 911 2884 Att.
967 2820 1110 2885 XV
1142 2824 1243 2885 14.
1291 2826 1333 2884 4
1387 2821 1518 2886 His
1571 2821 1791 2886 litteris
1842 2823 2087 2903 scriptis
2139 2842 2237 2887 me
2287 2825 2384 2888 ad

353 2905 693 2986 συντάξεις
744 2909 907 2990 dedi,
960 2929 1115 2991 quae
1166 2910 1409 2990 quidem
1460 2929 1665 2973 vereor
1713 2929 1791 2974 ne
1842 2911 2110 2974 miniata
2164 2912 2381 2975 cerula

352 3003 461 3062 tua
501 2998 793 3079 pluribus
846 2997 992 3061 locis
1043 2998 1350 3061 notandae
1402 2999 1557 3073 sint;
1617 3000 1709 3061 ita
1762 3018 1900 3062 sum
1946 2996 2272 3082 μετέωρος
2320 3005 2384 3063 et

351 3087 596 3169 maynis
639 3085 1104 3168 coyitationibus
1149 3086 1490 3165 impeditus,
1582 3084 1707 3169 (Cf.
1748 3087 1870 3168 fry.
1918 3085 2006 3167 6.)
2409 3104 2464 3142 25

483 3173 543 3237 3.
590 3171 711 3238 Cic.
757 3174 888 3237 Att.
934 3172 1077 3237 XV
1109 3177 1219 3238 27.
1262 3177 1309 3237 2
1355 3172 1615 3237 Librum
1662 3173 1774 3237 tibi
1817 3174 2082 3237 celeriter
2124 3174 2381 3238 mittam

349 3263 422 3324 de
467 3261 703 3343 yloria‚·
759 3262 1052 3326 excudam
1106 3261 1348 3342 aliquid
1391 3255 1915 3344 Ἡρακλείδειον,
1970 3261 2133 3343 quod
2185 3261 2385 3325 lateat

350 3349 418 3411 in
464 3348 772 3413 thesauris
817 3351 953 3414 tuis.
2572 3388 2573 3397 ¹

405 3520 415 3530 ⁶
481 3435 541 3497 4.
589 3434 709 3499 cie.
757 3436 887 3499 Att.
934 3437 1117 3500 XVI
1151 3441 1214 3502 2.
1261 3442 1301 3501 e
1349 3435 1471 3500 ‘De
1507 3435 1734 3519 qloria'
1779 3437 1927 3501 misi
1973 3436 2099 3500 tibi.
2162 3434 2384 3502 austo-
2572 3408 2573 3503 Ν

350 3520 478 3582 dies
519 3522 727 3604 igitur,
770 3528 841 3586 ut
883 3525 1066 3599 soles;
1113 3525 1218 3589 sed
1257 3529 1545 3589 notentur
1589 3525 1891 3606 ecloyarii}
1936 3544 2085 3605 quos
2119 3522 2384 3590 Salvius
2415 3544 2471 3584 so
