2630 3913
358 205 400 265 3
413 206 434 264 1
447 205 489 265 4
1133 198 1585 253 FRAGMENTA

497 367 593 427 11.
640 363 834 428 Schol.
872 362 1135 427 Gronov.
1175 361 1295 427 Cic.
1334 382 1453 442 pro
1500 363 1604 444 leq.
1642 361 1823 426 Man.
1860 368 1959 426 10.
1995 366 2087 427 28
2117 383 2186 444 p.
2228 366 2375 426 441.

358 459 439 516 10
475 452 648 515 Bait.
693 450 946 517 Constat
978 450 1308 514 Lucullum
1352 470 1540 530 usque
1583 451 1669 514 ad
1711 456 1982 531 tempora
2025 451 2379 515 consulatus

355 546 652 622 expertem
693 540 887 619 fuisse
930 539 1238 621 bellorum,
1270 543 1417 618 post
1456 539 1527 601 in
1571 539 1889 602 consulatu
1931 538 2204 602 historiis
2247 543 2375 602 stu·

358 630 577 705 (luisse,
621 633 694 692 ut
735 627 890 691 bella
929 627 1213 691 destituta
1250 632 1628 707 coynosceret.
1692 625 1831 690 Hoc
1867 627 1931 689 in
1970 626 2079 690 illo
2115 627 2378 709 dialoqo‚

356 719 465 797 qui
510 715 868 780 inscribitur
912 714 1234 790 Lucullus,
1289 713 1496 777 Cicero
1541 715 1727 797 docet,
1781 715 1942 779 unde
1994 719 2053 778 et
2094 715 2164 777 in
2207 715 2378 778 Hor·
2436 736 2459 773 5

362 806 551 868 tensio
598 802 894 866 Lucullus
939 802 1261 867 historiam
1307 803 1597 866 laudavit.

498 892 595 954 12.
634 891 913 954 Lactant.
959 891 1100 954 inst.
1136 892 1252 954 div.
1290 890 1422 953 III
1450 895 1546 954 16.
1584 895 1625 954 9
1662 889 1970 956 Ciceronis
2004 890 2382 955 Hortensius

356 984 570 1043 contra
600 979 1049 1061 philosophiam
1075 980 1373 1042 disserens
1398 979 1867 1042 circumvenitur
1893 984 2115 1061 aryuta
2143 980 2380 1043 conclu-

359 1069 543 1149 sione,
587 1068 762 1149 quod,
807 1087 944 1131 cum
989 1068 1207 1131 diceret
1236 1066 1796 1148 philosophandum
1830 1086 1958 1131 non
1996 1086 2135 1144 esse,
2179 1066 2381 1131 nihilo

359 1157 569 1220 minu-s
603 1153 1029 1236 philosophari
1079 1155 1420 1235 videbatur,
1472 1156 1763 1235 quoniam
1808 1153 2159 1235 philosophi
2211 1160 2381 1239 esset,
2414 1176 2462 1215 ιο

353 1245 514 1325 quid
545 1245 615 1307 in
649 1244 778 1306 vita
810 1244 1162 1322 laciendum
1205 1243 1297 1306 vel
1341 1262 1466 1306 non
1507 1242 1860 1321 faciendum
1904 1243 2004 1326 sit,
2047 1243 2381 1325 disputare.

501 1331 598 1396 13.
653 1328 820 1395 Serv
877 1331 1046 1412 Very.
1101 1330 1254 1394 Aen.
1301 1330 1353 1392 I
1395 1335 1520 1395 331
1576 1330 1698 1408 Qui
1750 1330 2121 1414 (Epicurei)
2162 1331 2384 1412 plures

358 1420 573 1484 volunt
614 1439 738 1484 esse
781 1420 998 1494 caelos,
1044 1422 1116 1482 ut
1159 1417 1365 1483 Cicero
1410 1419 1481 1481 in
1525 1418 1874 1482 Hortensio.

500 1509 599 1570 14.
647 1507 818 1570 Lact.
864 1507 1002 1571 inst.
1048 1507 1165 1571 cliv.
1214 1505 1318 1570 VI
1343 1508 1522 1570 2.15
1568 1506 1760 1587 Apud
1801 1504 2145 1571 Ciceronem
2191 1505 2380 1571 Catu-

364 1596 459 1660 lus
503 1597 573 1658 in
618 1594 950 1658 Hortensio
985 1592 1439 1675 philosophiam
1484 1595 1659 1658 rebus
1708 1595 1989 1659 omnibus
2018 1595 2383 1676 praeferens
2413 1617 2463 1656 ιε

352 1684 547 1747 malle
590 1703 653 1747 sc
696 1683 844 1746 dicit
886 1682 977 1745 vel
1011 1702 1205 1745 unum
1235 1701 1503 1762 parvum
1538 1683 1610 1746 de
1648 1682 1850 1763 officio
1888 1682 2154 1747 libellum
2190 1702 2381 1764 quam

361 1772 608 1852 lonyam
662 1770 997 1833 orationem
1040 1788 1161 1849 pro
1212 1770 1491 1833 seditioso
1552 1770 1795 1834 homine
1848 1769 2158 1848 Cornelio;
2222 1792 2384 1851 quae

365 1858 660 1922 sententia
701 1877 828 1920 non
871 1858 1078 1938 utique
1108 1855 1335 1939 Catuli,
1379 1858 1502 1938 qui'
1527 1857 1790 1937 fortasse
1831 1858 1993 1922 illud
2032 1878 2159 1922 non
2201 1860 2381 1942 dixit,

361 1947 466 2012 secl
510 1943 817 2010 Ciceronis
861 1950 949 2010 est
979 1947 1291 2029 putanda,
1337 1947 1446 2027 qui
1488 1947 1746 2028 scripsit.

503 2034 601 2098 15.
648 2033 895 2098 Nonius
935 2055 1005 2115 p.
1048 2038 1189 2098 356.
1232 2037 1273 2098 5
1326 2034 1422 2098 M.
1473 2034 1719 2099 Tullius
1770 2036 1841 2098 in
1886 2035 2254 2100 Hortensio:
2311 2040 2382 2099 et
2409 2058 2463 2097 20

359 2121 629 2207 paulum
677 2121 875 2206 agelli
921 2120 1350 2207 occupavisse.

502 2210 598 2274 16.
647 2210 809 2273 Non.
843 2230 912 2291 p.
949 2214 1093 2275 438.
1131 2215 1213 2275 13
1247 2211 1344 2274 M.
1386 2211 1631 2275 Tullius
1672 2212 1744 2274 in
1788 2211 2157 2276 Hortensio:
2205 2212 2381 2293 quod

359 2319 509 2362 cum
546 2301 815 2380 uterque
850 2301 1147 2362 nostrum
1184 2298 1560 2362 adnuissent
1598 2320 1947 2381 omnesque
1985 2299 2062 2362 ad
2106 2299 2172 2362 id
2218 2305 2382 2363 tem-

362 2385 731 2537 pusivqu‘fss
777 2386 1231 2536 egwicgm,
1276 2389 1539 2535 P⁰S13⁶r⁰
1589 2386 2218 2534 Ἢωὲἳωὲω
2281 2472 2373 2533 20

734 2522 746 2534 .
984 2521 997 2535 .
1152 2491 1323 2534 onov.
1432 2490 1549 2533 err.
1791 2518 1805 2533 .
2032 2518 2045 2531 .
2221 2516 2234 2529 .
2400 2486 2457 2526 25

361 2555 527 2623 Bait.
562 2522 967 2623 'Hortensium
991 2560 1325 2639 praecipue
1357 2559 1595 2622 videtur
1629 2489 2030 2639 siqnificaref
2041 2557 2150 2637 qui
2184 2544 2374 2620 huius

349 2647 517 2710 modi
559 2647 754 2727 sionis
798 2652 855 2710 et
895 2646 1119 2710 tabulis
1143 2646 1333 2727 pictis
1364 2645 1769 2725 familiariter
1803 2644 2222 2708 delectabatur.
2285 2643 2379 2706 Id

351 2733 740 2813 manifestius
775 2735 845 2797 in
880 2734 1215 2798 Hortensio
1249 2734 1510 2798 ostendit
1541 2733 1814 2814 dialoyo:
1852 2753 1999 2796 cum
2035 2731 2106 2794 in
2139 2731 2373 2796 villam

352 2821 607 2886 Luculli
653 2826 918 2885 ventum
965 2824 1136 2885 esset
1182 2820 1361 2885 omni
1407 2823 1728 2905 apparatu
1771 2819 2132 2884 venustatis
2185 2841 2375 2884 orna.-

353 2916 491 2975 tam
528 2911 859 2991 (Arusian.
896 2910 1079 2974 Mess.
1114 2929 1182 2990 p.
1218 2913 1352 2973 232
1392 2910 1577 2973 Lind.
1617 2907 1821 2973 Cicero
1866 2909 1936 2971 in
1971 2908 2304 2972 Hortensio
2316 2908 2374 2990 .·)
2407 2925 2461 2965 so

353 2998 751 3081 Luculloque
820 2999 1044 3061 noster
1118 2997 1430 3061 adventus
1498 2999 1563 3060 et
1627 3000 1852 3082 gratus
1918 2999 1984 3059 et
2054 2995 2373 3060 iucundus

353 3088 602 3150 fuisset.

492 3175 590 3239 19.
638 3175 826 3239 Arus.
865 3195 929 3254 p.
974 3178 1110 3239 224
1155 3173 1333 3237 Idem
1385 3175 1455 3237 in
1501 3173 1874 3237 Hortensio:
1928 3170 2033 3236 hic
2086 3172 2375 3256 primum

352 3261 629 3327 Catulus
676 3262 1034 3326 delectatus
1079 3262 1223 3346 ipso
1271 3261 1432 3326 loco,

486 3351 590 3414 20.
620 3351 868 3415 Nonius
883 3372 950 3432 p.
978 3355 1122 3415 128.
1141 3354 1187 3414 2
1204 3349 1299 3413 M.
1325 3350 1568 3413 Tullius
1596 3385 1679 3395 —
1707 3350 1777 3411 in
1803 3348 2168 3412 Hortensio:
2195 3345 2375 3412 Nam
2409 3367 2466 3407 35

355 3459 500 3499 cum
539 3437 746 3500 omnis
777 3438 1071 3502 sollertia
1099 3437 1477 3501 admiranda
1508 3440 1624 3519 est,
1662 3440 1802 3499 tum
1832 3458 1924 3519 ea,
1962 3456 2127 3518 quae
2154 3434 2378 3519 efficit,

357 3526 456 3602 ut,
500 3524 788 3587 inanima
834 3546 996 3607 quae
1044 3525 1176 3588 sint
1181 3574 1201 3615 7
1247 3525 1464 3588 vivere
1512 3527 1577 3587 et
1625 3524 1871 3608 spirare
1917 3523 2275 3588 videantur.
