2630 3913
817 208 1235 267 PHILOSOPH.
1272 208 1333 263 F.
1371 211 1397 263 Ι
1438 210 1654 263 11--111
1690 216 1740 263 3.
2168 209 2291 273 311

293 396 331 437 o
388 371 696 438 Socrate?
751 372 799 454 †
851 394 936 437 an
991 371 1249 457 quidem
1302 393 1437 436 non
1489 370 1754 434 dubium
1811 374 1936 454 est,
2001 370 2155 454 quin
2217 371 2301 436 ab

294 460 675 527 Alcibiade?

425 550 485 614 3.
530 548 726 614 Prisc.
783 548 969 613 VIII
1008 552 1065 613 7.
1099 550 1183 613 35
1214 568 1281 629 Ρ.
1318 552 1467 613 402.
1503 551 1595 613 22
1629 545 1827 629 (Plat.
1858 568 1920 628 p.
1954 552 2081 612 336
2107 548 2304 630 Asq.)

294 637 313 666 ‘
329 636 532 702 Verso'
576 637 862 703 similiter
904 638 1185 712 activum,
1229 656 1304 700 ex
1346 656 1463 717 quo
1502 634 1953 700 ‘coutroversor'
1990 636 2304 716 deponens.

240 747 265 787 5
295 724 499 791 ascero
551 726 624 789 in
676 724 1053 806 Protaqora:
1115 722 1305 788 Nunc
1360 745 1400 787 a
1452 722 1666 806 vobiS,
1730 745 1767 788 o
1820 722 2186 807 Protagora
2239 726 2305 786 et

295 812 611 896 SocrateS,
656 813 939 898 postulo,
984 815 1058 876 ut
1103 812 1180 875 de
1225 811 1355 875 isto
1401 810 1766 875 concedatis
1805 811 1973 876 alter
2010 812 2201 875 alteri
2240 814 2305 874 et

292 903 463 967 inter
507 922 624 966 vos
670 901 749 965 de
793 900 1057 965 huiusce
1096 899 1271 963 modi
1306 900 1499 963 rebus
1541 899 2130 981 controversemini‚
2175 920 2306 964 non

294 990 695 1056 concertetiS.

425 1079 487 1142 4.
532 1078 725 1142 Prisc.
774 1077 836 1141 V
864 1081 967 1142 12.
1013 1080 1097 1140 64
1131 1096 1199 1157 Ρ.
1244 1080 1390 1141 182.
1428 1082 1466 1138 1
1501 1075 1697 1158 (Plat.
1731 1097 1799 1157 Ρ.
1833 1080 1962 1141 357
1987 1078 2084 1159 A)
2130 1076 2306 1141 Vetu-

219 1189 269 1228 10
296 1167 556 1232 stissimi
608 1170 810 1228 tamen
864 1170 922 1229 et
974 1162 1202 1228 ‘altera
1253 1162 1429 1227 utra'
1485 1169 1543 1228 et
1605 1162 1898 1228 ‘alterum
1957 1163 2199 1228 utrum'
2253 1169 2311 1227 et

298 1254 575 1318 ‘alterius
617 1250 842 1316 utrius'
898 1252 1170 1316 solebant
1207 1251 1490 1332 proferre
1537 1286 1636 1315 —.
1727 1250 1932 1316 ascero
1977 1252 2047 1315 in
2092 1250 2308 1316 Prota·

289 1362 479 1425 yora:
527 1339 703 1415 Quae
746 1339 953 1425 igitur
995 1342 1214 1424 potest
1259 1360 1401 1403 esse
1437 1338 1791 1424 indignitas
1829 1339 2189 1423 voluptatis
2228 1340 2307 1403 ad

297 1428 666 1516 molestiam
701 1427 829 1492 nisi
862 1427 933 1491 in
967 1428 1415 1513 magnitudine
1452 1430 1567 1491 aut
1598 1426 2003 1512 longitudine
2040 1428 2307 1492 alterius

297 1517 507 1582 utrius
553 1516 814 1601 posita?
861 1551 939 1561 —
987 1515 1165 1579 Idem
1209 1514 1287 1579 ib.
1345 1515 1448 1580 VI
1486 1519 1544 1579 7.
1586 1518 1671 1579 35
1704 1537 1770 1596 Ρ.
1815 1519 1965 1581 226.
2012 1521 2070 1581 8.

217 1626 269 1666 15
430 1605 489 1670 5.
533 1605 766 1670 Donat.
815 1604 949 1669 Ter.
995 1602 1113 1667 Ph.
1149 1603 1266 1669 IV
1296 1608 1357 1669 3.
1404 1608 1445 1667 6
1488 1601 1594 1668 Sic
1635 1603 2032 1687 (compluria)
2075 1609 2309 1683 veteres,

295 1696 458 1777 quod
496 1694 696 1759 nostri
738 1693 980 1774 demffia
1024 1691 1262 1774 syllaba
1306 1689 1667 1773 ‘complura’
1710 1693 1937 1756 dicunt.
1988 1711 2062 1739 -‘-
2105 1689 2310 1758 Oicero

296 1786 368 1848 iu
413 1781 787 1864 Protaqora:
833 1779 1257 1845 confirmandi
1304 1799 1544 1865 genera
1589 1780 1967 1864 compluria.

401 2139 509 2199 ΙΙΙ.
573 2140 680 2197 DE
726 2138 917 2198 IURE
966 2136 1216 2196 CIVILI
1260 2137 1350 2195 IN
1394 2137 1674 2196 ARTEM
1719 2136 2203 2198 REDIGENDO.

439 2277 494 2340 1.
544 2274 799 2354 Quintil.
844 2270 1006 2337 XII
1041 2278 1099 2338 3.
1143 2279 1225 2337 10
1268 2273 1362 2336 Et
1402 2273 1498 2337 M.
1548 2273 1792 2337 Tullius
1843 2293 1970 2337 nou
2021 2273 2197 2336 modo
2242 2273 2311 2336 iu

218 2384 273 2423 20
301 2364 531 2448 ayendo
576 2381 916 2443 numquam
960 2366 1048 2426 est
1089 2361 1408 2425 destitutus
1450 2362 1704 2425 scientia
1747 2361 1909 2424 iuris
1922 2408 1938 2440 ‚
1980 2361 2087 2424 sed
2127 2361 2312 2423 etiam

301 2450 1025 2604 comgffaellqlpzzdss
1069 2469 1163 2600 331.
1180 2453 1531 2601 eamdam
1586 2536 1765 2618 libra,
1821 2537 1930 2616 qui
1982 2535 2313 2616 inscrzptus

300 2635 390 2695 est
432 2627 527 2691 ‘de
570 2627 704 2690 iure
748 2626 916 2690 civili
959 2625 1028 2688 in
1073 2629 1269 2688 artem
1307 2622 1651 2706 redv'yeudo'
1687 2623 1867 2687 verba
1900 2623 2045 2687 haec
2068 2624 2310 2709 posuit.-

299 2716 438 2781 Nec
464 2736 614 2779 vero
645 2713 915 2779 scientia
949 2711 1108 2777 iuris
1147 2711 1502 2776 maioribus
1540 2712 1673 2775 suis
1703 2709 1775 2786 Q.
1803 2710 2028 2776 Aelius
2057 2710 2311 2775 Tubero

220 2822 276 2862 25
304 2804 533 2886 defuit,
589 2801 881 2867 doctrina
936 2800 1135 2865 etiam
1181 2798 1516 2884 superfuit.
1605 2800 1690 2863 In
1734 2820 1852 2881 quo
1908 2800 2029 2864 loco
2077 2798 2311 2880 ‘super-

297 2891 454 2973 fuit'
500 2891 849 2974 siquificare
892 2889 1129 2954 videtur
1175 2886 1398 2969 ‘supra
1448 2887 1578 2967 fuit
1619 2893 1676 2951 et
1708 2888 2023 2969 praestitit
2063 2907 2311 2968 supera·

298 2982 498 3063 vitque
549 2979 813 3043 maiores
855 2997 996 3043 suos
1040 2977 1319 3041 doctrina
1372 2995 1513 3055 sua,
1568 2975 1965 3057 superfluenti
2010 2979 2213 3039 tamen
2257 2980 2313 3038 et

299 3069 493 3134 nimis
536 3064 921 3132 abundanti&

434 3157 493 3221 3.
542 3154 787 3220 Charis,
822 3153 874 3218 I
896 3174 965 3235 Ρ.
1001 3158 1141 3217 138.
1176 3156 1260 3217 13
1292 3151 1458 3216 Keil.
1506 3150 1768 3217 ‘Nobile'
1816 3149 2019 3217 Cicero
2064 3152 2135 3216 de
2178 3151 2311 3216 iure

220 3261 275 3302 ³0
302 3245 501 3311 civili:
549 3243 768 3327 aliquo
818 3241 1171 3306 excellente
1218 3261 1290 3304 ac
1336 3240 1555 3304 nobile
1600 3239 1761 3307 viro.

1095 3454 1515 3462 m*—
