2630 3913
358 179 487 242 266
1133 176 1582 232 FRAGMENTA

445 361 601 422 quae
645 345 733 405 est
774 345 949 404 extra
981 343 1232 420 portam
1267 337 1717 404 Carmentalem
1762 341 1923 403 inter
1962 340 2173 419 forum
2215 339 2367 403 holi-

448 430 673 492 torium
717 434 774 492 et
816 429 1043 492 circum
1086 427 1156 490 F
1160 427 1521 503 laminium,·
1578 448 1650 492 ea
1704 430 1867 492 enim
1921 428 2052 492 sola
2099 433 2227 491 tum
2269 429 2366 493 de-

445 537 616 582 mum
660 516 895 581 Romae
936 519 1070 579 erat
1111 516 1429 596 Apollinis
1473 517 1659 580 aedes.

578 606 885 684 Loquitur
927 623 1067 667 oum
1110 603 1423 668 Catilina:

491 693 592 758 20.
641 691 806 766 Quid
860 694 933 754 tu
987 695 1175 775 potes
1221 691 1288 754 in
1335 690 1703 755 defensione
1747 694 1862 755 tua
1906 690 2144 775 dicere,
2197 692 2369 775 quod
2428 709 2455 749 ⁵

358 781 459 844 illi
513 802 643 844 non
697 781 1010 844 dixerint?
1101 779 1193 844 At
1243 781 1342 843 illi
1395 780 1592 843 multa
1647 778 1970 862 dixerunt,
2028 801 2191 864 quae
2244 780 2368 844 tibi

359 869 568 933 dicere
613 889 744 932 non
789 868 1027 933 licebit.

578 962 635 1021 et
666 957 863 1038 paulo
897 961 1071 1037 post:

492 1046 593 1109 21.
640 1044 931 1127 Denique
984 1044 1084 1108 illi
1136 1065 1376 1130 negare
1429 1046 1782 1129 potuerunt
1838 1046 1904 1107 et
1948 1047 2367 1128 negaverunt,

358 1137 431 1197 tu
484 1133 609 1197 tibi
662 1154 742 1197 ne
797 1132 1116 1196 infitiandi
1173 1133 1428 1216 quidem
1482 1132 1919 1216 impudentiae
1966 1132 2179 1195 locum
2224 1131 2366 1195 reli·
2402 1151 2455 1190 10

361 1222 576 1305 quisti.
669 1218 879 1297 Quare
933 1221 1266 1305 praeclara
1322 1220 1612 1286 dicentur
1673 1220 1910 1285 iudicia
1972 1219 2227 1303 tulisse,
2292 1219 2367 1302 si,

361 1311 469 1393 qui
515 1309 903 1374 infitiantem
944 1309 1246 1374 Luscium
1291 1308 1816 1392 condemnarunt,
1861 1306 2212 1373 Catilinam
2260 1308 2368 1372 ab·

361 1399 679 1462 solverint
726 1397 1158 1462 confitentem.

579 1486 731 1564 Hic,
793 1506 969 1567 quem
1021 1488 1329 1568 nominat,
1383 1486 1457 1549 L.
1512 1487 1801 1568 Luscius,
1863 1490 2044 1550 notus
2098 1487 2366 1549 centurio

446 1575 745 1639 Sullanus
806 1575 1081 1654 divesque
1150 1594 1225 1638 ex
1285 1574 1541 1638 victoria
1600 1577 1802 1654 factus
1854 1573 2034 1654 (nam
2097 1574 2366 1654 amplius
2398 1592 2451 1632 15

446 1664 661 1728 centies
718 1662 1116 1744 possederat),
1179 1663 1513 1726 damnatus
1574 1667 1708 1726 erat
1765 1682 1890 1726 non
1957 1663 2148 1726 multo
2209 1668 2366 1743 ante,

445 1771 633 1832 quam
677 1749 882 1814 Cicero
934 1751 1108 1813 dixit.
1201 1748 1474 1814 Obiectae
1524 1755 1672 1815 sunt
1721 1752 1779 1814 ei
1823 1755 1941 1814 tres
1984 1751 2189 1815 caedes
2220 1770 2365 1831 pro·

446 1840 826 1919 scriptorum.
917 1836 1099 1902 Circa
1157 1839 1388 1902 eosdem
1450 1839 1578 1903 dies
1630 1837 1704 1901 L.
1765 1858 1996 1920 quoque
2047 1838 2367 1903 Bellienus

444 1929 777 1991 damnatus
827 1931 937 2003 est,
990 1945 1166 2008 quem
1212 1925 1417 1991 Cicero
1469 1928 1564 1991 ait
1614 1927 1983 1992 avunculum
2037 1946 2160 1993 esse
2204 1925 2363 1993 Cati-

449 2017 626 2080 linae.
697 2015 826 2078 Hic
868 2020 1071 2079 autem
1106 2015 1461 2080 Lucretium
1500 2016 1764 2096 Ofellam
1806 2016 2188 2081 consulatum
2232 2036 2361 2080 con·
2389 2034 2445 2073 20

446 2109 547 2167 tra
609 2103 976 2168 voluntatem
1039 2102 1252 2168 Sullae
1322 2105 1409 2169 ad
1479 2104 1849 2169 turbandum
1919 2109 2147 2168 statum
2219 2105 2358 2168 civi-

448 2194 592 2256 tatis
635 2196 933 2273 petentem
987 2192 1283 2257 occiderat
1334 2193 1506 2258 iussu
1560 2191 1772 2257 Sullae
1835 2197 1976 2257 tunc
2036 2193 2361 2257 dictatoris.

445 2281 574 2345 His
618 2301 753 2363 erqo
796 2286 977 2363 neyat
1017 2282 1291 2363 iqnotum
1336 2301 1484 2364 esse,
1528 2300 1665 2345 oum
1708 2286 1766 2345 et
1807 2281 2116 2361 imperitos
2157 2300 2222 2346 se
2262 2279 2363 2345 ho·

447 2371 640 2433 mines
684 2389 807 2433 esse
850 2375 922 2452 et,
967 2370 1023 2434 si
1066 2389 1241 2450 quem
1285 2370 1472 2433 etiam
1515 2368 1966 2448 interfecissent,
2010 2370 2366 2450 imperatori

446 2479 519 2521 ac
554 2458 838 2521 dictatori
860 2459 1148 2539 paruisse
1182 2458 1447 2521 dicerent
1477 2477 1552 2522 ae
1585 2463 1876 2538 negarent
1907 2477 2155 2540 quoque,
2201 2455 2365 2521 Cati·
2394 2474 2450 2515 25

446 2546 644 2609 linam
687 2566 824 2609 vero
869 2546 1136 2626 infitiari
1178 2565 1301 2609 non-
1336 2565 1529 2626 posse.
1598 2546 1813 2610 Huius
1847 2550 2050 2609 autem
2085 2546 2366 2609 criminis

435 2633 795 2714 periculum,
839 2634 1001 2713 quod
1033 2633 1211 2696 obicit
1244 2633 1467 2711 Cicero,
1498 2653 1732 2715 paucos
1756 2639 1900 2714 post
1931 2653 2163 2698 menses
2199 2631 2363 2698 Cati·

445 2721 580 2784 lina
633 2721 835 2784 subiit.
926 2720 1076 2784 Post
1128 2720 1338 2798 effecta
1391 2723 1553 2785 enim
1605 2723 1855 2786 comitia
1908 2722 2258 2786 consularia
2311 2726 2369 2785 et

445 2808 752 2872 Catilinae
803 2809 1112 2890 repulsam
1160 2810 1307 2889 fecit
1356 2829 1494 2873 eum
1546 2829 1717 2874 reum
1770 2811 1930 2874 inter
1981 2811 2237 2875 sicarios
2289 2809 2364 2873 L.

443 2896 738 2961 Lucceius
777 2901 1049 2978 paratus
1101 2898 1511 2979 eruditusque,
1569 2900 1676 2979 qui
1717 2904 1933 2980 postea
1985 2899 2365 2963 consulatum
2396 2915 2452 2956 so

399 3034 404 3039 .
443 3005 674 3066 quoque
705 2986 903 3066 petiit.

489 3074 590 3136 22.
638 3072 824 3137 Hanc
867 3076 941 3136 tu
981 3073 1184 3137 habes
1224 3072 1628 3156 dignitatem,
1675 3096 1802 3158 qua
1835 3074 2042 3138 fretus
2081 3095 2184 3138 me
2221 3094 2366 3138 con-

356 3162 593 3225 temnis
659 3166 724 3225 et
788 3161 1093 3245 despiciS,
1157 3182 1242 3225 an
1304 3183 1478 3244 eam,
1544 3183 1732 3245 quam
1800 3162 2051 3246 reliqua
2103 3162 2241 3227 vita
2296 3183 2363 3225 es

357 3250 779 3314 consecutus?
842 3271 986 3314 cum
1031 3249 1126 3313 ita
1170 3248 1420 3332 vixisti,
1474 3253 1548 3314 ut
1600 3272 1731 3315 non
1786 3254 1956 3314 esset
2002 3252 2180 3315 locus
2226 3255 2364 3314 tam

356 3341 647 3418 sanctus,
712 3359 838 3419 quo
903 3359 1032 3402 non
1090 3337 1402 3401 adventus
1457 3342 1639 3421 tuuS,
1704 3338 1900 3402 etiam
1964 3360 2110 3403 cum
2174 3338 2367 3423 culpa
2397 3355 2455 3397 ω

356 3423 535 3485 nulla
585 3423 905 3505 subesset,
952 3426 1194 3489 crimen
1241 3426 1526 3508 afferret3

574 3511 796 3594 Fabia,
841 3514 1008 3593 viryo
1057 3513 1331 3596 Vestalis,
1376 3533 1625 3577 causam
1669 3516 1882 3580 incesti
1924 3517 2181 3593 dixerat,
2226 3534 2366 3579 cum
