2630 3913
882 252 1032 307 cAP.
1074 257 1298 307 24—26.
1364 259 1395 318 ς
1432 258 1655 307 90—98.
1789 263 1797 272 ·
2145 254 2270 317 193

141 407 143 411 ⁴
260 435 556 479 severum
603 417 668 476 et
716 434 997 498 gravem.
1063 414 1307 489 Quibus
1345 414 1682 479 blanditiis
1720 412 1788 480 C.
1821 414 2120 499 Papirius
2156 436 2269 480 nu·
2306 433 2374 480 90

259 523 376 588 per
419 501 733 565 influebat
777 502 846 565 in
893 503 1067 566 auris
1114 503 1452 586 contionis»,
1498 525 1643 568 cum
1687 501 1887 567 ferret
1933 503 2143 588 legem
2193 504 2268 568 de

258 590 541 655 tribunis
586 589 797 675 plebis
843 590 1226 656 reficiendis!
1273 591 1717 655 Dissuasimus
1762 613 1909 673 nos3
1956 591 2068 655 sed
2102 592 2268 656 nihil

262 680 339 743 de
386 700 506 761 me,
554 679 630 743 de
677 676 974 761 Scipione
1022 679 1230 744 dicam
1274 680 1622 745 lubentius.
1713 678 1970 754 Quanta
2013 680 2157 763 illa,
2205 680 2269 744 di

208 794 233 835 5
259 767 668 849 inmortales,
713 766 841 845 fuit
867 768 1184 852 gravitaS,
1213 772 1457 852 quanta
1491 769 1560 832 in
1598 768 1889 833 oratione
1929 769 2267 833 maiestas!

261 860 334 920 ut
378 855 568 920 facile
616 855 840 920 ducem
885 857 1134 958 populi·
1155 857 1452 940 Romani,
1494 878 1627 921 non
1669 857 1970 922 comitem
2008 857 2266 922 diceres,

261 942 386 1008 Sed
436 943 773 1026 adfuistis,
837 949 903 1007 et
958 949 1057 1010 est
1114 944 1183 1010 in
1238 946 1536 1010 manibus
1573 945 1801 1010 oratio.
1891 945 2120 1029 Itaque
2166 946 2269 1009 lex

261 1033 595 1117 popularis
644 1032 971 1117 suffragiis
1033 1033 1259 1118 populi
1304 1034 1643 1118 repudiata
1688 1038 1807 1098 est.
1896 1034 2141 1117 Atque,
2194 1039 2269 1097 ut

261 1121 343 1186 ad
389 1142 492 1185 me
537 1120 812 1204 redeam,
859 1122 1264 1203 meministis,
1310 1121 1383 1197 Q.
1412 1122 1734 1204 Maxumo,
1778 1122 1981 1186 fratre
2028 1120 2267 1207 Scipio·

179 1237 232 1275 ιο
260 1210 381 1292 nis,
426 1213 492 1273 et
536 1208 606 1272 L.
651 1208 951 1275 Mancino
997 1210 1371 1275 consulibus
1417 1232 1611 1293 quam
1655 1210 1988 1295 popularis
2038 1210 2142 1274 lex
2191 1209 2267 1275 de

261 1296 640 1362 sacerdotiis
687 1295 755 1363 C.
806 1297 1014 1364 Licini
1051 1297 1270 1364 Crassi
1306 1299 1672 1363 videbatur!
1728 1298 2057 1382 cooptatio
2096 1299 2264 1362 enim

260 1385 683 1487 collegiorum
711 1386 791 1451 ad
821 1386 1046 1470 populi
1082 1387 1461 1453 beneficium
1493 1386 2034 1470 transferebatur3
2072 1391 2265 1470 atque

261 1474 318 1538 is
366 1474 611 1557 primus
657 1474 944 1539 instituit
981 1476 1049 1538 in
1082 1475 1296 1539 forum
1331 1496 1554 1540 versus
1595 1496 1785 1560 agere
1823 1497 1967 1539 cum
2003 1475 2265 1559 populo.

261 1562 507 1627 Tamen
550 1562 725 1628 illius
772 1563 1160 1628 vendibilem
1208 1565 1569 1628 orationem
1605 1564 1834 1648 religio
1873 1563 2194 1628 deorum'
2175 1585 2267 1627 ln·

183 1677 231 1716 ιε
261 1651 634 1715 mortalium
679 1652 868 1716 nobis
916 1651 1403 1717 defendentibus
1439 1651 1629 1717 facile
1665 1651 1981 1716 vincebat.
2048 1652 2265 1735 Atque

257 1740 324 1803 id
371 1744 587 1805 actum
643 1745 743 1804 est
806 1744 1104 1824 praetore
1160 1762 1262 1805 me
1328 1740 1762 1825 quinquennio
1828 1744 2005 1823 ante,
2070 1762 2264 1823 quam

259 1829 480 1893 consul
530 1850 672 1893 sum
716 1827 956 1910 factus3
1000 1829 1096 1892 ita
1139 1850 1209 1893 re
1255 1829 1464 1913 magis
1512 1850 1707 1912 quam
1754 1850 2006 1893 summa
2051 1832 2265 1893 aucto·

257 1918 452 1982 ritate
499 1938 694 1982 causa
738 1915 857 1982 illa
902 1916 1164 1983 defensa
1209 1921 1327 1982 est.

391 2005 634 2080 Quodsi
678 2006 745 2069 in
792 2027 1041 2087 scaena,
1085 2005 1151 2070 id
1188 2010 1289 2070 est
1332 2006 1402 2069 in
1443 2006 1758 2090 contione,
1802 2006 1872 2071 in
1909 2028 2037 2090 qua
2072 2008 2264 2072 rebus
2284 1966 2433 2092 ξς

178 2121 231 2160 20
259 2095 429 2157 fictis
477 2097 544 2156 et
589 2093 987 2158 adumbratis
1025 2056 1160 2158 loci
1204 2094 1553 2180 plurimum
1599 2098 1729 2177 est,
1775 2098 1996 2159 tamen
2040 2116 2262 2160 verum

260 2182 456 2262 valet,
502 2180 557 2243 si
604 2181 793 2245 modo
840 2181 905 2244 id
941 2181 1339 2265 patefactum
1386 2186 1451 2246 et
1496 2182 1915 2250 inlustratum
1955 2187 2072 2267 est,
2112 2184 2263 2267 quid

259 2269 328 2333 in
375 2268 661 2332 amicitia
706 2268 845 2332 fieri
891 2272 1166 2353 oportet,
1213 2292 1376 2353 quae
1422 2273 1565 2335 tota
1610 2272 1883 2335 veritate
1933 2272 2263 2356 perpendi·

258 2356 412 2421 tur?
476 2357 544 2420 in
592 2379 719 2440 qua
762 2357 916 2438 nisi,
968 2361 1042 2420 ut
1096 2358 1355 2436 dicitur,
1420 2363 1715 2445 apertum
1769 2364 1991 2442 pectus
2045 2359 2263 2424 videas

259 2451 570 2528 tuumque
617 2445 946 2527 ostendas,
999 2444 1163 2509 nihil
1209 2446 1434 2528 fidum,
1491 2446 1656 2511 nihil
1704 2448 2108 2531 exploratum
2155 2449 2263 2512 ha·
2332 2470 2342 2477 ·

179 2559 230 2599 25
260 2536 433 2616 beas,
478 2554 559 2597 ne
605 2555 822 2598 amare
869 2534 1133 2617 quidem*
1173 2539 1285 2599 aut
1323 2536 1546 2618 amari,
1583 2557 1744 2619 cum,
1780 2535 1846 2598 id
1884 2556 2078 2618 quam
2114 2556 2264 2600 vere

260 2623 393 2705 fiat,
436 2622 714 2707 ignores.
775 2621 1177 2706 Quamquam
1214 2623 1345 2688 ista
1375 2624 1757 2708 adsentatio,
1804 2624 2097 2708 quamvis
2125 2645 2264 2709 per·
2351 2645 2357 2651 ·

257 2711 502 2775 niciosa
557 2711 673 2788 sit,
735 2732 964 2776 nocere
1020 2715 1239 2775 tamen
1291 2712 1532 2776 nemini
1577 2716 1797 2796 'potest
1848 2713 1976 2776 nisi
2022 2713 2107 2796 ei,
2155 2713 2264 2796 qui

259 2821 402 2863 eam
446 2799 676 2883 recipit
721 2803 915 2882 atque
962 2821 1038 2863 ea
1084 2800 1455 2865 delectatur.
1528 2800 1632 2865 Ita
1677 2801 1777 2884 fit,
1824 2805 1897 2865 ut
1941 2801 1997 2865 is
2046 2802 2264 2866 adsen-

257 2886 583 2952 tatoribus
629 2888 980 2971 patefaciat
1026 2908 1212 2952 aures
1260 2909 1409 2953 suas
1456 2889 1750 2967 maxime,
1798 2890 1906 2972 qui
1951 2890 2090 2973 ipse
2138 2889 2264 2954 sibi

206 2976 632 3043 soadsentetur
688 2980 752 3039 et
807 2997 874 3040 se
931 2976 1207 3040 maxime
1252 2976 1392 3061 ipse
1450 2976 1738 3042 delectet.
1830 2976 2107 3042 Omnino
2163 2981 2263 3041 est
2300 2993 2367 3041 98

260 3085 484 3128 amans
532 3064 631 3127 sui
676 3065 912 3147 virtus;
958 3067 1221 3148 optume
1268 3065 1440 3128 enim
1487 3087 1554 3129 se
1599 3066 1743 3149 ipsa
1786 3065 1997 3148 novit,
2043 3086 2262 3148 quam-

260 3174 382 3235 que
429 3152 729 3216 amabilis
778 3152 889 3235 sit,
945 3152 1285 3238 intellegit.
1376 3152 1519 3238 Ego
1577 3157 1796 3218 autem
1839 3174 1969 3218 non
2018 3152 2095 3217 de
2140 3153 2264 3217 vir-

257 3244 398 3304 tute
442 3262 609 3305 nunc
665 3241 926 3324 loquor,
982 3240 1092 3305 sed
1148 3241 1224 3305 de
1280 3241 1541 3305 virtutis
1598 3242 1913 3326 opinione.
2003 3239 2264 3305 Virtute

159 3400 163 3403 γ
258 3329 428 3392 enim
473 3329 618 3412 ipsa
663 3350 793 3394 non
837 3333 976 3394 tam
1032 3329 1222 3393 multi
1277 3330 1557 3412 praediti
1616 3351 1755 3395 esse
1813 3351 2007 3414 quam
2062 3329 2263 3394 videri

182 3440 232 3480 ιε
257 3417 503 3482 volunt.
569 3416 705 3481 Hos
756 3417 1031 3482 delectat
1077 3418 1462 3501 adsentatio,
1498 3419 1610 3483 his
1647 3419 1835 3484 fictus
1865 3417 1992 3483 ad
1973 3439 2262 3503 1psorum

257 3505 660 3569 voluntatem
708 3526 918 3570 sermo
956 3527 1100 3570 cum
1138 3469 1497 3589 adhibetur,
1545 3507 1903 3572 orationem
1939 3507 2118 3571 illam
2160 3529 2264 3571 va-

256 3614 407 3657 nam
456 3593 898 3657 testimonium
947 3614 1085 3657 esse
1132 3593 1395 3657 laudum
1442 3615 1702 3669 suarum
1740 3599 1991 3680 putant.
2065 3593 2265 3659 Nulla

365 3703 472 3745 cro.
500 3704 580 3746 ιν.
610 3705 649 3745 a.
1777 3705 1840 3751 13
