2630 3913
344 209 472 274 218
1187 210 1507 265 TIMAEUS

243 345 306 469 15
274 368 483 473 4tur)
529 371 984 457 conparatio
1038 373 1549 457 proportiove
1597 373 1722 437 dici
1766 376 2001 458 potest.
2086 371 2354 448 Quando

346 462 517 525 enim
552 461 753 524 trium
789 460 892 524 vel
928 481 1343 525 numerorum
1381 461 1485 525 vel
1521 461 1877 547 figurarum
1916 461 2020 525 vel
2061 483 2356 545 quorum·

345 570 616 633 cumque
663 569 973 634 generum
1025 549 1349 634 contingit
1392 552 1493 632 ut,
1550 549 1721 634 quod
1776 549 2057 614 medium
2115 550 2228 633 sit,
2282 554 2357 614 ut

345 638 405 702 ei
450 637 732 722 primum
776 636 1220 722 proportione,
1279 638 1376 702 ita
1428 638 1495 701 id
1540 642 1870 722 postremo
1927 643 2355 722 comparetur,

346 725 772 809 vicissimque,
818 728 893 789 ut
929 729 1286 789 extremum
1315 748 1460 790 cum
1489 726 1719 811 medio,
1765 726 1857 791 sic
1893 726 2175 791 medium
2212 742 2372 791 cum·
2413 744 2439 783 5

344 814 556 899 primo
602 813 988 898 conferatur,
1035 813 1119 899 id,
1165 814 1337 899 quod
1380 814 1661 879 medium
1709 818 1835 898 est,
1889 819 2030 879 tum
2074 815 2356 900 primum

344 902 440 986 fit,
485 905 627 966 tum
671 905 1090 986 postremum,
1135 906 1469 987 postrema
1514 908 1731 967 autem
1778 907 1845 966 et
1891 902 2104 987 prima
2146 904 2357 967 media

340 990 537 1073 fiunt3
599 990 696 1055 ita
747 990 1099 1055 necessitas
1155 991 1360 1077 cogit,
1422 994 1497 1055 ut
1561 991 1783 1055 eadem
1840 992 1971 1054 sint
2026 1013 2127 1075 ea,
2194 1014 2356 1076 quae

347 1078 632 1143 diiuncta
676 1078 966 1163 fuerant3
1013 1079 1235 1143 eadem
1282 1083 1502 1143 autem
1548 1102 1692 1145 cum
1736 1078 1914 1144 facta
1960 1079 2117 1163 sint,
2164 1079 2356 1144 effici-

343 1170 480 1251 tur,
543 1171 618 1232 ut
681 1168 900 1231 omnia
960 1167 1092 1231 sint
1152 1189 1369 1232 unum.
1460 1166 1704 1243 Quodsi
1765 1168 2049 1233 universi
2122 1190 2353 1252 corpus
2386 1186 2440 1223 10

344 1255 613 1340 planum
669 1259 735 1320 et
789 1256 1126 1340 aequabile
1182 1256 1612 1340 explicaretur
1670 1278 1877 1341 neque
1931 1257 1999 1320 in
2054 1278 2128 1321 eo
2186 1257 2355 1340 quic-

347 1366 541 1428 quam
580 1348 753 1408 esset
778 1343 826 1426 †
861 1344 1262 1428 requisitum,
1297 1366 1497 1408 unum
1525 1345 1933 1409 interiectum
1971 1344 2252 1409 medium
2290 1350 2354 1409 et

346 1454 414 1496 se
460 1433 674 1518 ipsum
721 1436 788 1496 et
833 1454 926 1513 ea,
973 1433 1206 1516 quibus
1246 1436 1418 1497 esset
1454 1433 1930 1518 interpositum,
1976 1434 2354 1519 conligaret.

242 1537 306 1585 15
347 1519 470 1584 Sed
517 1543 662 1585 cum
721 1520 1016 1584 soliditas
1074 1520 1310 1585 mundo
1368 1525 1813 1606 quaereretur,
1868 1521 2077 1586 solida
2136 1526 2354 1586 autem

346 1609 563 1673 omnia
607 1630 735 1672 uno
785 1608 994 1673 medio
1038 1630 1419 1693 numquam,
1467 1609 1715 1674 duobus
1763 1632 2016 1694 semper
2057 1611 2437 1694 copulen-15

345 1701 470 1781 tur,
516 1698 612 1761 ita
649 1696 945 1781 contigit,
988 1700 1062 1760 ut
1105 1697 1275 1761 inter
1320 1698 1538 1783 ignem
1586 1702 1778 1782 atque
1824 1704 2065 1762 terram
2119 1720 2354 1783 aquam

345 1786 499 1849 deus
557 1784 963 1867 animamque
1027 1789 1299 1868 poneret
1366 1808 1565 1869 eaque
1621 1787 1792 1850 inter
1848 1808 1917 1850 se
1972 1791 2356 1888 conpararet

345 1877 410 1936 et
454 1872 875 1958 proportione
923 1872 1360 1960 coniungeret,
1404 1878 1496 1958 ut,
1535 1896 1724 1959 quem
1764 1874 1844 1938 ad
1882 1875 2199 1939 modum
2180 1876 2353 1962 ignis

344 1962 623 2042 animae,
670 1961 762 2026 sic
818 1961 1033 2026 anima
1079 1984 1310 2046 aquae,
1359 1964 1653 2047 quodque
1723 1964 1939 2028 anima
1995 1986 2226 2048 aquae,
2286 1965 2354 2029 id

343 2072 512 2134 aqua
556 2054 768 2114 terrae
795 2050 1213 2135 proportione
1240 2051 1552 2116 redderet.
1618 2051 1759 2127 Qua
1795 2074 1872 2116 ex
1908 2053 2353 2117 coniunctione
2383 2069 2438 2109 2⁰

343 2138 594 2202 caelum
649 2139 744 2202 ita
800 2142 1024 2223 aptum
1089 2143 1216 2222 est,
1279 2143 1355 2204 ut
1418 2140 1537 2203 sub
1598 2144 1929 2225 aspectum
1987 2144 2051 2204 et
2107 2145 2354 2206 tactum

343 2227 550 2291 cadat.
624 2225 852 2311 Itaque
898 2230 964 2290 et
1012 2228 1094 2292 ob
1142 2249 1284 2292 earn
1331 2250 1590 2292 causam
1629 2234 1695 2292 et
1740 2251 1816 2293 ex
1869 2229 1951 2293 iis
1997 2229 2189 2294 rebus
2242 2252 2354 2293 nu-

342 2336 519 2380 mero
587 2320 896 2399 quattuor
958 2316 1179 2380 mundi
1245 2320 1345 2381 est
1408 2338 1639 2401 corpus
1706 2317 2001 2382 effectum
2070 2339 2147 2382 ea
2210 2340 2353 2383 con-

345 2403 643 2468 strictum
690 2404 1177 2488 conparatione,
1225 2426 1351 2488 qua
1397 2405 1552 2488 dixi3
1613 2427 1689 2469 ex
1738 2427 1863 2489 quo
1909 2407 2048 2489 ipse
2095 2428 2163 2470 se
2209 2427 2353 2471 con-

343 2492 522 2556 cordi
568 2492 845 2576 quadam
892 2492 1178 2557 amicitia
1233 2496 1301 2557 et
1356 2493 1626 2558 caritate
1673 2494 2103 2578 conplectitur
2158 2498 2352 2578 atque
2382 2510 2435 2550 25

341 2580 438 2644 ita
475 2585 636 2664 apte
683 2579 1013 2664 cohaeret,
1070 2584 1145 2644 ut
1192 2580 1461 2645 dissolvi
1513 2583 1692 2646 nullo
1749 2582 1939 2646 modo
1987 2587 2183 2666 queat
2226 2584 2354 2647 nisi

239 2685 303 2732 16
343 2668 425 2732 ab
474 2668 713 2750 eodem,
760 2691 799 2731 a
844 2688 970 2751 quo
1019 2671 1119 2732 est
1164 2669 1548 2754 conligatus
1620 2669 1865 2734 Earum
1912 2674 2129 2734 autem
2171 2675 2354 2754 quat-

341 2759 492 2820 tuor
536 2777 778 2838 rerum,
825 2777 986 2840 quas
1034 2778 1230 2841 supra
1277 2757 1425 2841 dixi,
1472 2758 1565 2823 sic
1608 2759 1677 2821 in
1723 2759 1899 2822 omni
1937 2759 2173 2824 mundo
2209 2782 2354 2844 par-

341 2848 440 2908 tes
489 2865 710 2908 omnes
757 2844 1131 2909 conlocatae
1177 2849 1346 2929 sunt,
1391 2850 1467 2910 ut
1508 2847 1693 2910 nulla
1737 2868 1889 2931 pars
1936 2846 2201 2912 huiusce
2248 2869 2351 2933 ge-

338 2931 512 2996 neris
560 2932 892 2997 excederet
937 2937 1146 3016 extra,
1201 2938 1395 3018 atque
1441 2938 1518 2998 ut
1561 2936 1630 2998 in
1675 2934 1798 3000 hoc
1840 2935 2142 3000 universo
2189 2936 2351 2999 ines·
2381 2951 2437 2992 ³0

340 3024 505 3085 sent
533 3041 771 3105 genera
814 3021 932 3084 illa
977 3021 1304 3106 universa,
1359 3023 1426 3086 id
1473 3024 1555 3088 ob
1605 3045 1713 3087 eas
1760 3045 1986 3089 causas
1998 3074 2014 3105 ,
2069 3025 2351 3109 primum

338 3114 413 3173 ut
458 3109 733 3173 mundus
783 3109 1076 3174 animans
1123 3114 1348 3195 posset
1394 3133 1471 3175 ex
1516 3112 1819 3196 perfectis
1866 3113 2164 3196 partibus
2212 3134 2353 3177 esse

336 3198 680 3282 perfectuS,
729 3197 955 3262 deinde
1000 3201 1074 3262 ut
1110 3221 1274 3263 unus
1315 3203 1485 3264 esset
1520 3201 1705 3264 nulla
1739 3205 1944 3285 parte,
1989 3201 2156 3265 unde
2186 3202 2354 3265 alter

339 3285 732 3370 gigneretur,
778 3285 1026 3370 relicta,
1071 3291 1402 3371 postremo
1448 3310 1529 3352 ne
1574 3289 1683 3373 qui
1720 3289 1985 3353 morbus
2025 3311 2170 3353 eum
2207 3311 2351 3374 pos·

232 3389 297 3434 17
339 3377 440 3435 set
486 3376 600 3437 aut
646 3377 940 3438 senectus
987 3376 1328 3461 attingere.
1398 3374 1623 3440 Omnis
1662 3377 1832 3441 enim
1870 3379 2350 3462 coagmentatio
2380 3394 2434 3434 ³⁵

337 3461 626 3542 corporis
674 3461 779 3525 vel
826 3463 1062 3526 caloris
1117 3465 1221 3528 vel
1272 3462 1540 3549 frigoris
1594 3467 1658 3529 vi
1708 3466 1814 3530 vel
1870 3465 2091 3549 aliqua
2143 3467 2352 3550 inpul-

338 3545 519 3609 sione
555 3548 922 3612 vehementi
958 3550 1393 3616 labefactatur
1422 3556 1487 3616 et
1512 3552 1840 3638 frangitur
1868 3557 1934 3618 et
1970 3554 2051 3618 ad
2087 3555 2352 3620 morbos
