2630 3913
816 216 1235 272 PHILOSOPH.
1274 218 1334 271 F.
1373 218 1423 271 V
1460 225 1684 272 32—42.
2133 219 2259 281 317

247 382 436 462 meri,
492 381 674 461 idque
716 401 913 444 unum
956 400 1078 445 esse
1119 381 1431 463 dixerunt,
1487 381 1651 460 quod
1690 380 2097 461 disputatione
2139 401 2265 444 non

248 474 438 551 eqeat,
490 470 653 549 quod
701 488 876 532 nemo
930 473 1020 533 est
1069 470 1178 549 qui
1229 488 1356 532 non
1408 473 1659 549 expetat.
1713 505 1800 515 —
1857 465 1951 547 Of.
2008 468 2264 548 Quintil.

261 557 323 619 V
356 561 456 620 14.
501 561 584 620 13
628 556 805 620 Haeo
843 558 1184 638 propositio
1239 561 1353 619 aut
1402 556 1676 635 confessa
1719 562 1806 620 est
1854 592 1929 601 —-
1978 561 2090 619 aut
2125 576 2265 636 pro-

250 645 471 726 banda,
513 649 615 707 ut:
665 643 811 723 ‘Qui
855 646 1092 708 beatam
1135 646 1327 708 vitam
1369 646 1564 708 vivere
1606 645 1777 723 volet,
1810 643 2267 725 philosophetur

196 749 222 785 ⁵
249 731 530 813 oportet',·
585 753 712 796 non
765 734 928 796 enim
979 733 1355 809 conceditur;
1408 737 1602 796 cetera
1652 735 1823 813 sequi
1875 734 2001 797 nisi
2052 733 2266 814 confir-

249 825 421 883 mata
454 821 671 901 prima
705 826 887 901 parte
928 840 1056 884 non
1089 825 1368 902 possunt.
1439 820 1599 884 Item
1634 822 1981 902 adsumptio
2020 821 2268 884 interim

250 908 522 987 confessa
584 914 696 991 est,
756 913 858 971 ut:
928 907 947 935 ‘
964 908 1186 972 Omnes
1247 913 1453 972 autem
1509 909 1720 972 volunt
1780 910 2017 972 beatam
2078 910 2270 972 vitam

248 994 489 1059 vivere’.
538 1033 620 1041 -
668 993 829 1060 Inde
871 996 998 1061 Iul.
1057 995 1261 1060 Victor
1303 1002 1346 1060 9
1379 1017 1447 1077 p.
1493 1000 1635 1060 410.
1675 1001 1759 1060 14
1803 997 2021 1061 Halm.

384 1101 488 1165 37.
527 1101 689 1165 Non.
716 1122 784 1182 p.
818 1105 971 1166 284.
1011 1105 1101 1166 32
1135 1101 1230 1166 M.
1273 1101 1518 1165 Tunius
1553 1104 1624 1165 in
1660 1101 2025 1166 Hortensio:
2073 1081 2268 1184 quan-

175 1207 224 1244 ιυ
249 1192 393 1251 tum
447 1188 619 1252 inter
675 1209 742 1252 se
796 1188 1092 1253 homines
1149 1189 1410 1271 studiis,
1475 1190 1791 1273 moribus,
1856 1191 2031 1252 omni
2096 1189 2270 1253 vitae

250 1275 504 1339 ratione
552 1276 870 1340 differant.

386 1381 490 1445 38.
529 1381 693 1445 Non.
726 1402 793 1462 p.
830 1384 966 1446 155.
1002 1387 1084 1446 13
1118 1382 1214 1446 M.
1246 1382 1493 1446 Tullius
1535 1418 1610 1428 —
1651 1383 1722 1446 in
1757 1382 2118 1446 Hortensio:
2163 1381 2266 1445 his

252 1468 615 1533 contrarius
655 1468 881 1534 Aristo
920 1468 1138 1552 Chius,
1174 1469 1598 1553 praefractam,
1637 1468 1908 1533 ferreus:
1954 1470 2119 1534 nihil
2157 1470 2268 1533 bo-

250 1578 435 1639 num,
481 1557 607 1620 nisi
657 1557 827 1641 quod
873 1561 1120 1622 rectum
1168 1562 1363 1642 atque
1410 1558 1759 1622 honestum
1807 1562 1924 1622 est.

173 1681 222 1718 ¹⁵
384 1662 487 1726 39.
543 1663 934 1744 Auyustinus
997 1665 1069 1727 de
1130 1664 1305 1728 beata
1357 1665 1484 1727 vita
1544 1664 1613 1728 T.
1666 1663 1718 1726 Ι
1749 1685 1819 1745 p.
1863 1666 1995 1729 225
2047 1664 2135 1747 F,
2198 1666 2270 1727 de

252 1752 444 1815 trinit.
499 1750 704 1814 XIII
738 1754 795 1816 5.
841 1756 885 1816 8
932 1752 1002 1816 Τ.
1060 1752 1162 1815 VI
1200 1773 1270 1833 p.
1318 1757 1441 1816 660
1484 1751 1555 1815 B
1606 1751 1837 1816 Bened.
1883 1753 2070 1816 Antv.
2120 1752 2265 1815 Tul-

252 1839 373 1903 lius
418 1840 489 1902 in
532 1839 891 1919 Hortensio,
949 1861 1126 1921 quem
1170 1842 1242 1903 de
1287 1840 1466 1903 laude
1509 1860 1583 1903 ao
1625 1839 1969 1919 defensione
2002 1839 2267 1920 philoso-

238 1926 429 2008 phiae
482 1926 709 1992 librum
758 1928 931 2008 fecit:
994 1927 1161 1993 Ecce
1222 1933 1466 2011 autem,
1524 1929 1641 2012 ait,
1704 1949 1833 1993 non
1890 1928 2265 2014 philosophi

253 2015 538 2098 quidem,
601 2016 710 2079 sed
766 2017 1054 2100 prompti
1110 2020 1331 2080 tamen
1384 2017 1464 2080 ad
1521 2016 1978 2100 disputandum
2045 2039 2266 2082 omnes

170 2120 221 2158 20
252 2103 435 2166 aiunt
481 2124 619 2167 esse
665 2104 912 2188 beatOS,
960 2104 1069 2188 qui
1114 2104 1358 2186 vivant,
1402 2107 1477 2168 ut
1521 2104 1648 2188 ipsi
1694 2105 1915 2168 velint.
1998 2104 2264 2169 Falsum

249 2189 314 2253 id
372 2189 658 2273 quidem3
723 2191 891 2255 velle
948 2192 1146 2276 enim,
1206 2192 1379 2276 quod
1431 2213 1565 2256 non
1618 2192 1866 2275 deceat,
1929 2193 1995 2256 id
2049 2193 2263 2277 ipsum

252 2277 686 2342 miserrimum
741 2282 867 2362 est,
921 2300 1039 2343 nec
1093 2284 1231 2344 tam
1286 2280 1594 2344 miserum
1653 2283 1754 2343 est
1801 2301 1933 2344 non
1979 2280 2265 2364 adipisci,

253 2366 424 2449 quod
470 2366 658 2449 velis,
715 2388 909 2450 quam
957 2367 1226 2452 adipisci
1271 2369 1465 2450 velle,
1526 2368 1696 2451 quod
1750 2389 1882 2431 non
1939 2372 2264 2451 oporteat3

249 2455 398 2537 plus
428 2453 598 2517 enim
628 2454 782 2518 mali
820 2455 1110 2538 pravitas
1144 2456 1503 2521 voluntatis
1543 2455 1731 2519 affert
1769 2476 1963 2539 quam
2000 2455 2266 2519 fortuna

168 2559 221 2598 25
252 2542 550 2626 cuiquam
598 2543 767 2607 boni.

382 2631 485 2694 40.
532 2631 814 2696 Laetant.
859 2633 1001 2697 inst.
1047 2634 1165 2696 div.
1211 2631 1262 2695 I
1300 2638 1358 2696 7.
1404 2636 1446 2696 4
1490 2633 1783 2696 Fortasse
1839 2637 2098 2713 quaerat
2148 2632 2264 2696 ali-

248 2719 387 2799 quis
439 2739 482 2781 a
533 2720 706 2784 nobis
757 2721 917 2783 idem
968 2721 1130 2784 illud
1134 2771 1152 2804 ‚
1204 2722 1366 2801 quod
1415 2722 1586 2801 apud
1627 2719 1970 2786 Ciceronem
2027 2721 2270 2802 quaerit

250 2806 648 2885 Hortensius,
708 2806 787 2871 ‘si
838 2809 983 2872 deus
1026 2829 1190 2873 unus
1233 2813 1343 2891 est,
1402 2829 1557 2889 quae
1612 2829 1735 2873 esse
1788 2808 1961 2873 beata
2003 2808 2267 2874 solitudo

246 2893 467 2976 queat'.
536 2895 880 2977 Tamquam
919 2915 1047 2973 nos,
1083 2897 1233 2977 quia
1266 2917 1464 2960 unum
1499 2917 1622 2961 esse
1657 2897 1932 2973 dicimuS,
1968 2896 2266 2961 desertum

166 2999 218 3037 ³0
248 3002 323 3046 ae
366 2984 716 3047 solitarium
759 3004 881 3049 esse
923 2985 1217 3049 dieamus.

380 3090 484 3152 41.
537 3088 699 3153 Non.
742 3110 811 3171 p.
854 3094 1006 3154 372.
1051 3095 1134 3154 10
1182 3090 1278 3155 M.
1330 3090 1575 3154 Tullius
1630 3126 1712 3135 —
1769 3090 1838 3153 in
1897 3089 2264 3153 Hortensio:

247 3175 661 3260 Praecipiunt
704 3177 864 3242 haec
908 3177 1048 3260 isti,
1095 3178 1206 3241 sed
1252 3177 1411 3241 facit
1455 3198 1665 3241 nemo.

380 3282 484 3345 42.
522 3283 805 3347 Laetant.
849 3284 990 3346 inst.
1036 3285 1152 3347 div.
1189 3284 1324 3347 III
1351 3288 1449 3347 16.
1486 3286 1526 3347 5
1564 3283 1713 3347 Non
1756 3302 1892 3363 erqo
1938 3282 2265 3346 utilitatem

246 3390 322 3433 ex
361 3369 788 3451 philosophia,
846 3372 953 3435 sed
1003 3371 1450 3436 oblectationem
1497 3375 1715 3451 petunt
1723 3391 1746 3447 ‚·
1810 3371 1974 3451 quod
2021 3372 2265 3452 quidem

163 3474 216 3514 35
246 3455 451 3521 Cicero
515 3462 765 3523 testatus
825 3464 948 3522 est:
1019 3457 1320 3523 Profecto
1335 3509 1353 3541 ,
1415 3460 1647 3540 inquit,
1711 3458 1921 3522 omnis
1986 3458 2264 3523 istorum

246 3544 602 3627 disputatio
679 3567 1071 3629 quamquam
1142 3547 1503 3610 uberrimos
1577 3544 1791 3610 fontes
1870 3546 2134 3611 virtutis
2197 3550 2264 3610 et
