2630 3913
342 196 469 259 120
1122 190 1220 245 DE
1257 190 1558 246 OFFICIIS

339 360 513 423 emat
561 354 840 437 denario,
887 353 1058 438 quod
1104 353 1190 418 sit
1235 353 1413 417 mille
1460 351 1858 417 denarium?'
1930 351 2346 437 Perspicuum

341 450 440 510 est
483 445 633 527 iam,
680 449 745 508 et
792 443 944 526 quid
991 441 1151 506 mihi
1195 442 1522 523 videatur,
1569 445 1634 505 et
1681 462 1843 524 quae
1889 441 1977 505 sit
2019 441 2189 506 inter
2234 463 2345 507 eos

339 531 790 619 philosophos,
837 551 998 614 quos
1045 530 1402 614 nominavi,
1449 530 1903 595 controversia.

237 624 321 689 24
467 621 670 686 Pacta
714 623 779 683 et
824 618 1147 703 promissa
1203 639 1536 703 semperne
1584 617 1900 682 servanda
1946 617 2102 701 sint,
2159 635 2342 695 QUAE:

340 726 474 775 nac
521 726 593 774 v1
638 723 776 772 nuc
824 723 1014 772 Dono
1062 723 1280 789 MALO,
1338 710 1413 770 ut
1458 710 1789 790 praetores
1836 706 2074 788 solent,
2121 723 2348 773 FACTA
2399 722 2428 764 ο

341 815 517 864 SINT.
582 794 650 860 Si
679 795 822 880 quis
850 795 1387 859 medicamentum
1415 794 1693 878 cuipiam
1722 794 1967 858 dederit
1995 794 2076 857 ad
2113 816 2348 878 aquam

338 887 722 951 intercutem
759 882 1223 969 pepigeritque,
1270 883 1328 946 si
1364 904 1438 947 eo
1477 882 1944 946 medicamento
1982 903 2176 947 sanus
2220 883 2346 948 fac·

341 979 448 1040 tus
496 977 685 1057 esset,
729 994 808 1036 ne
854 972 970 1036 illo
1019 971 1482 1036 medicamento
1530 992 1833 1054 umquam
1880 973 2107 1056 postea
2142 976 2345 1036 utere·

343 1067 480 1144 tur,
527 1061 583 1127 si
628 1082 703 1126 eo
751 1060 1215 1125 medicamento
1262 1080 1457 1124 sanus
1504 1058 1711 1123 factus
1759 1059 1845 1122 sit
1892 1062 1956 1123 et
2004 1059 2187 1124 annis
2235 1059 2346 1124 ali·

344 1154 504 1237 quot
566 1154 715 1234 post
777 1147 1073 1214 inciderit
1133 1148 1201 1212 in
1265 1148 1535 1212 eundem
1596 1148 1891 1212 morbum
1946 1168 2061 1212 nec
2116 1148 2198 1212 ab
2253 1168 2346 1228 e0,
2377 1163 2429 1204 ιο

346 1240 602 1323 quicum
647 1237 1011 1323 pepigerat,
1066 1236 1399 1321 impetret,
1455 1240 1528 1301 ut
1578 1236 1813 1299 iterum
1869 1256 1942 1299 eo
1994 1235 2187 1300 liceat
2231 1235 2345 1317 uti,

347 1327 499 1412 quid
546 1325 906 1391 faciendum
954 1325 1058 1390 sit.
1148 1322 1310 1389 Cum
1359 1324 1444 1388 sit
1490 1324 1546 1388 is
1591 1324 2007 1405 inhumanuS,
2064 1324 2174 1407 qui
2219 1345 2349 1387 non

345 1415 670 1497 concedat,
713 1435 830 1479 nec
876 1413 935 1478 ei
978 1412 1317 1497 quicquam
1357 1413 1472 1476 fiat
1508 1411 1796 1495 iniuriae,
1840 1412 2013 1475 vitae
2050 1416 2115 1475 et
2153 1412 2350 1476 saluti

243 1522 307 1572 93
347 1502 825 1570 consulendum.
924 1499 1133 1575 Quid?
1200 1501 1255 1564 si
1312 1501 1422 1583 qui
1480 1500 1733 1585 sapiens
1788 1504 2057 1585 rogatus
2115 1500 2201 1564 sit
2265 1501 2346 1564 ab

347 1614 441 1676 e0,
489 1592 597 1675 qui
636 1612 779 1655 eum
821 1589 1118 1653 heredem
1156 1587 1373 1671 faciat,
1418 1610 1560 1653 cum
1599 1588 1658 1652 ei
1695 1591 2083 1654 testamento
2122 1592 2350 1652 sester-
2379 1604 2431 1644 1⁵

347 1682 512 1745 tium
566 1678 776 1743 milies
832 1677 1259 1761 relinquatur,
1314 1679 1414 1758 ut,
1473 1680 1623 1740 ante
1679 1697 1871 1759 quam
1925 1676 2351 1741 hereditatem

349 1769 562 1848 adeat,
618 1766 758 1831 luce
803 1766 1020 1850 palam
1067 1765 1133 1828 in
1186 1763 1331 1829 foro
1386 1765 1607 1847 saltet,
1663 1764 1853 1848 idque
1909 1786 1977 1828 se
2029 1763 2351 1829 facturum

347 1854 744 1942 promiserit,
805 1854 976 1936 quod
1030 1852 1220 1917 aliter
1273 1851 1573 1917 heredem
1629 1873 1774 1916 eum
1829 1852 2185 1937 scripturus
2240 1852 2352 1918 ille

349 1966 479 2009 non
525 1946 712 2025 esset,
756 1941 973 2025 faciat,
1020 1941 1189 2026 quod
1226 1940 1614 2026 promiserit,
1659 1942 1904 2007 necne?
1968 1939 2351 2007 Promisisse

349 2033 590 2097 nollem
637 2035 702 2095 et
747 2030 811 2094 id
857 2029 1140 2095 arbitror
1185 2029 1383 2094 fuisse
1430 2030 1802 2115 gravitatis3
1857 2029 2161 2114 quoniam
2208 2052 2352 2115 pro·
2381 2046 2436 2086 ²⁰

351 2120 554 2202 misit,
614 2119 669 2184 si
716 2119 954 2183 saltare
1000 2119 1066 2182 in
1111 2116 1253 2183 foro
1301 2122 1489 2203 turpe
1536 2118 1748 2202 ducet,
1804 2118 2136 2183 honestius
2183 2141 2354 2183 men·

350 2209 565 2291 tietur,
612 2208 668 2272 si
713 2229 789 2272 ex
837 2206 1194 2271 hereditate
1237 2206 1403 2271 nihil
1450 2207 1708 2292 ceperit,
1755 2228 1946 2290 quam
1994 2207 2050 2271 si
2096 2209 2354 2292 ceperit,

350 2298 475 2362 nisi
521 2297 689 2361 forte
737 2318 877 2360 eam
923 2294 1259 2381 pecuniam
1305 2295 1374 2359 in
1417 2295 1512 2359 rei
1555 2295 1850 2380 publicae
1898 2315 2203 2380 magnum
2242 2296 2355 2361 ali·

352 2386 521 2470 quod
569 2389 822 2469 tempus
869 2384 1240 2467 contulerit,
1297 2387 1374 2447 ut
1426 2383 1530 2447 vel
1584 2384 1850 2467 saltare,
1906 2405 2048 2448 cum
2105 2383 2355 2468 patriae

352 2474 761 2540 consulturus
809 2472 924 2555 sit,
970 2477 1159 2556 turpe
1204 2493 1336 2537 non
1382 2471 1485 2535 sit.
2383 2487 2435 2526 nn

487 2564 580 2626 Ac
626 2583 706 2625 ne
751 2561 869 2624 illa
916 2560 1172 2643 quidem
1217 2561 1538 2644 promissa
1592 2559 1906 2624 servanda
1960 2563 2137 2643 sunt,
2193 2580 2355 2644 quae

352 2671 483 2715 non
529 2653 680 2713 sunt
723 2648 804 2712 iis
850 2648 1010 2732 ipsis
1056 2647 1275 2731 utilia,
1323 2648 1555 2730 quibus
1602 2647 1717 2711 illa
1761 2647 2152 2731 promiseris.
2243 2645 2356 2713 Sol

351 2735 747 2802 Phaethonti
792 2735 946 2819 filio,
990 2739 1064 2799 ut
1109 2735 1443 2800 redeamus
1490 2735 1571 2800 ad
1611 2734 1886 2820 fabulaS,
1931 2736 2252 2801 facturum
2289 2757 2357 2800 se

353 2847 491 2891 esse
517 2861 523 2866 ·
548 2823 734 2908 dixit,
790 2823 1090 2908 quicquid
1137 2827 1457 2907 optasset3
1512 2824 1795 2908 optavit,
1850 2828 1925 2888 ut
1977 2824 2047 2888 in
2100 2846 2355 2890 currum

353 2913 559 2999 patris
614 2913 977 2995 tolleretur3
1037 2911 1334 2977 sublatus
1383 2915 1497 2977 est.
1586 2911 1792 2996 Atqui
1837 2913 1919 2995 is,
1966 2915 2116 2977 ante
2163 2931 2356 2996 quam
2385 2927 2441 2969 ⁸0

353 3001 678 3085 constitit,
749 3000 881 3066 ictu
952 2999 1242 3064 fulminis
1307 3000 1703 3086 deflagravit.
1811 2997 2065 3075 Quanto
2130 3000 2359 3065 melius

352 3091 566 3155 fuerat
619 3090 689 3153 in
741 3089 865 3154 hoc
918 3088 1310 3174 promissum
1366 3088 1572 3173 patris
1625 3110 1755 3153 non
1810 3110 1950 3154 esse
2006 3091 2357 3154 servatum!

356 3178 548 3261 Quid,
621 3177 791 3262 quod
846 3176 1133 3241 Theseus
1202 3177 1418 3263 exegit
1470 3176 1861 3261 promissum
1918 3199 1957 3242 a
2008 3175 2359 3262 Neptuno?

356 3267 456 3332 cui
516 3288 659 3331 cum
723 3270 856 3330 tres
923 3265 1289 3350 optationes
1343 3263 1684 3350 Neptunus
1742 3265 2045 3348 dedisset,
2110 3263 2363 3350 optavit

354 3354 689 3418 interitum
724 3352 1071 3439 Hippolyti
1115 3353 1252 3436 filii,
1299 3375 1444 3419 cum
1488 3353 1546 3418 is
1593 3353 1766 3438 patri
1811 3357 2145 3439 suspectus
2193 3357 2363 3417 esset
2391 3369 2445 3412 ω

358 3440 433 3504 de
471 3462 772 3524 noverca3
818 3463 943 3524 quo
984 3444 1209 3525 optato
1249 3441 1596 3526 impetrato
1626 3441 1911 3506 Theseus
1940 3441 2008 3506 in
2046 3440 2362 3506 maxumis

256 3543 319 3591 95
355 3526 483 3591 fuit
520 3527 818 3592 luctibus.
901 3526 1084 3610 Quid,
1128 3531 1289 3611 quod
1322 3530 1774 3615 Agamemnon
1811 3552 1955 3595 cum
1999 3529 2364 3595 devovisset

251 2535 333 2598 25

250 2613 316 2661 94
