2630 3913
521 198 969 253 FRAGMENTA
1005 198 1537 256 EPISTULARUM.
1577 200 1639 257 E.
1676 201 1871 255 I—IIl
1909 208 1957 255 6.
2117 201 2246 267 293

373 361 432 425 5.
476 361 854 426 Ammianus
889 361 1166 426 Marcell.
1203 361 1390 425 XXI
1417 367 1516 425 16.
1553 368 1636 426 13
1693 361 1775 429 Ut
1819 363 2064 428 Tullius
2106 384 2244 445 quo·

240 470 354 530 que
395 450 560 515 docet
602 451 976 515 crudelitatis
1019 452 1341 531 increpans
1377 448 1696 515 Caesarem
1740 452 1809 515 iu
1853 453 2121 532 quadam
2165 454 2250 517 ad

242 538 533 619 Nepotem
575 539 865 619 epistula:
911 536 1137 621 Neque
1175 537 1345 602 enim
1383 538 1722 622 quicquam
1762 538 1936 602 aliud
1975 543 2075 603 est
2110 539 2246 604 feli-

241 626 403 690 citas
414 676 431 709 ,
487 628 706 708 iuquit,
753 626 877 691 nisi
921 626 1340 690 honestarum
1386 648 1602 691 rerum
1646 628 2078 711 prosperitas,
2125 629 2246 711 vel,

189 731 214 771 5
242 718 316 777 ut
360 714 488 778 alio
536 715 724 779 modo
777 714 1103 789 definiam,
1156 714 1435 779 felicitas
1493 719 1592 779 est
1643 714 1908 779 fortuna
1967 716 2245 780 adiutrix

243 803 657 867 consiliorum
692 803 1026 886 bonorum,
1066 802 1297 886 quibus
1339 803 1447 886 qui
1482 825 1617 867 non
1651 804 1875 885 utitur,
1913 802 2068 868 felix
2106 826 2247 869 esse

239 892 422 955 nullo
475 895 666 975 pacto
721 895 953 976 potest.
1044 890 1222 976 Ergo
1277 890 1347 954 in
1396 891 1664 975 perditis
1710 891 2058 975 impiisque
2104 915 2247 958 con-

243 978 434 1062 siliis,
494 979 724 1061 quibus
771 977 1010 1044 Caesar
1054 1000 1210 1043 usus
1256 982 1383 1061 est,
1436 979 1620 1043 nulla
1662 981 1879 1064 potuit
1926 1002 2065 1045 esse
2112 981 2248 1045 feli-

243 1067 432 1149 citaS‚
492 1066 864 1151 feliciorque
909 1089 1051 1132 meo
1096 1066 1330 1131 iudicio
1378 1064 1692 1131 Camillus
1741 1068 2004 1132 exulans
2055 1091 2246 1153 quam

170 1174 215 1213 ιο
243 1156 643 1239 temporibus
688 1156 891 1219 isdem
936 1154 1233 1239 ManliuS‚
1281 1155 1562 1239 etiamsi,
1613 1155 1679 1219 id
1727 1156 1896 1240 quod
1942 1158 2247 1241 cupierat,

244 1247 981 1397 regzarqffeffiumigctw
1032 1338 1088 1397 1.
1149 1334 1199 1397 2
1252 1332 1427 1396 Haec
1487 1333 1737 1413 quidam
1799 1338 2061 1397 veterum
2120 1334 2245 1413 for-

244 1420 546 1484 midantes
596 1421 955 1501 eoyuitioues
1006 1425 1253 1484 actuum
1295 1421 1611 1484 variorum
1665 1420 1824 1485 stilis
1872 1420 2250 1487 uberior-ibus

245 1508 575 1588 explicatas
618 1528 743 1573 nou
786 1509 1017 1573 edidere
1056 1509 1419 1589 superstites,
1463 1513 1536 1572 ut
1579 1509 1645 1572 iu
1680 1509 1949 1590 quadam
1985 1512 2071 1574 ad
2105 1509 2246 1576 Cor-

168 1612 218 1652 15
243 1596 473 1660 uelium
508 1596 798 1679 Nepotem
833 1597 1090 1679 epistula
1129 1596 1372 1661 Tullius
1414 1616 1645 1678 quoque
1688 1602 1852 1662 testis
1895 1600 2248 1664 reverendus

243 1685 554 1767 adfirmat.

573 1990 681 2050 III.
746 1990 856 2049 AD
905 1989 1333 2050 CAESAREM
1379 1989 1621 2050 EPIST.
1670 1991 1820 2050 LIB.
1867 1991 1910 2050 I.

384 2125 437 2186 1.
484 2125 731 2189 Nouius
765 2147 830 2206 p.
874 2129 1023 2190 270.
1069 2129 1148 2191 15
1192 2131 1247 2190 et
1280 2148 1346 2207 p.
1391 2132 1514 2191 319
1533 2147 1615 2207 sq.
1689 2128 1782 2192 M
1834 2129 2077 2194 Tullius
2125 2133 2247 2212 epi-

246 2212 551 2275 stularum
595 2214 681 2276 ad
724 2212 1041 2278 Caesarem
1095 2214 1194 2279 lib
1238 2215 1313 2277 1.-
1369 2214 1560 2296 Tum,
1615 2236 1758 2279 cum
1807 2238 1907 2296 ea,
1963 2239 2122 2301 quae
2179 2241 2246 2283 es

166 2316 220 2356 20
248 2298 332 2363 ab
380 2303 607 2364 senatu
654 2321 904 2364 summo
951 2323 1094 2366 cum
1139 2301 1383 2366 honore
1429 2305 1541 2367 tuo
1590 2308 1982 2368 consecutus

379 2388 439 2451 2.
485 2386 646 2452 Nou.
677 2410 739 2470 p
775 2393 925 2455 287.
962 2393 1048 2454 25
1084 2391 1175 2454 Μ.
1217 2390 1458 2454 Tullius
1503 2392 1568 2454 in
1612 2392 1870 2472 epistula
1913 2394 1998 2456 ad
2032 2392 2246 2459 Caesa-

244 2495 373 2540 rem
402 2476 501 2540 lib.
530 2476 597 2540 I:
633 2476 911 2541 Balbum
951 2478 1174 2562 quanti
1206 2476 1440 2542 faciam
1471 2500 1788 2562 quamque
1818 2480 1876 2544 ei
1905 2502 2005 2545 me
2033 2485 2244 2545 totum

247 2563 619 2647 dicaverim‚
667 2586 743 2629 ex
789 2565 931 2650 ipso
979 2566 1160 2631 scies.

378 2653 437 2717 3.
467 2652 628 2718 Nou.
644 2675 712 2735 p.
739 2658 886 2720 327.
914 2658 954 2719 5
980 2656 1074 2719 M
1106 2655 1350 2720 Tullius
1385 2657 1783 2736 epistularum
1818 2659 1903 2721 ad
1928 2655 2246 2722 Gaesarem

165 2756 220 2798 25
246 2740 345 2805 lib.
383 2741 452 2804 I.-
489 2739 699 2806 Debes
737 2741 948 2807 odisse
983 2742 1469 2827 improbitatem
1507 2744 1662 2827 eiuS,
1700 2745 1851 2828 quia
1886 2746 2246 2831 impruden·

247 2828 569 2894 tissimum
614 2852 846 2895 nomen
897 2831 1226 2917 delegerit.

376 2919 436 2981 4.
483 2918 643 2983 Nou.
678 2941 745 3001 p.
791 2924 931 2984 413.
974 2923 1064 2984 29
1108 2921 1203 2984 Μ
1244 2920 1488 2984 Tullius
1533 2921 1933 3002 epistularum
1979 2923 2065 2986 ad
2098 2890 2244 2987 Cae-

242 3026 443 3071 sarem
480 3007 577 3070 lib.
615 3006 688 3070 I.-
732 3010 812 3071 ut
844 3007 1037 3072 sciret
1078 3008 1315 3072 tuenda
1363 3008 1603 3072 maiore
1649 3030 1802 3074 cura
1847 3030 2005 3093 esse,
2052 3030 2244 3092 quam

243 3098 436 3178 parta
481 3098 649 3158 sunt.

163 3199 216 3238 ⁸0
377 3182 436 3247 5.
483 3184 645 3247 Nou.
678 3204 746 3265 p.
791 3186 929 3248 305.
975 3189 1018 3249 8
1061 3185 1155 3248 Μ
1205 3184 1448 3249 Tullius
1497 3184 1756 3265 epistula
1799 3187 1885 3250 ad
1926 3184 2245 3250 Caesarem

244 3269 344 3336 lib.
391 3269 441 3334 I
443 3291 464 3334 .·
516 3270 744 3355 Itaque
800 3293 1049 3353 vereor,
1102 3293 1183 3336 ne
1237 3271 1614 3337 ferociorem
1659 3271 1904 3338 faciant
1947 3277 2061 3338 tua
2108 3277 2244 3338 tam

241 3359 575 3443 praeclara
620 3359 855 3424 iudicia
900 3360 976 3424 de
1024 3381 1115 3424 e0.

376 3447 435 3512 6.
481 3448 641 3512 Nou.
676 3469 743 3530 p.
778 3453 921 3513 369.
956 3453 1039 3513 30
1074 3449 1167 3512 Μ
1205 3448 1449 3514 Tullius
1482 3450 1552 3513 iu
1595 3450 1870 3532 epistulis
1910 3452 1994 3515 ad
2028 3449 2242 3516 Caesa-

238 3554 370 3599 rem
408 3534 505 3600 lib.
543 3534 615 3599 I:
663 3536 831 3619 quod
878 3536 1199 3619 sapientes
1245 3536 1539 3601 homines
1588 3559 1660 3603 ac
1707 3538 1858 3602 boni
1905 3542 2156 3623 putant.
