2630 3913
736 222 1158 278 POEMATUM.
1195 222 1265 276 H.
1301 222 1380 276 lv
1415 239 1451 276 a
1487 240 1539 277 v.
1582 230 1874 279 130—195.
2179 225 2311 289 365

298 388 839 467 Haedorumque
881 386 1093 467 simul,
1137 406 1399 468 quorum
1441 388 1562 450 duo
1608 385 1848 449 lumina
1890 391 2147 451 cernunt

299 475 490 556 Saepe
522 494 642 555 per
684 474 918 537 iratum
962 475 1196 538 iactata
1239 476 1539 538 cadavera
1575 478 1831 555 pontum
1844 523 1863 557 ,

300 562 431 627 Sub
480 561 667 626 laeva
712 561 1129 625 Geminorum
1177 562 1491 627 obductus
1536 565 1723 646 parte
1767 561 2026 626 feretur.
2208 576 2308 627 165

300 651 665 715 Adversum
712 653 907 733 caput
954 649 1101 714 huie
1146 648 1412 715 Helicae
1450 649 1826 714 truculenta
1869 652 2107 714 tuetur.

300 739 393 803 At
439 736 652 822 Capra
706 739 960 802 laevum
1007 760 1300 802 umerum
1347 739 1524 802 clara
1569 738 1846 802 obtinet:
1899 739 2016 802 illa
2049 742 2310 820 putatur

311 828 514 894 Ubera
556 827 757 891 adhuc
788 846 987 907 parvo
1032 827 1308 891 lactenda
1353 827 1580 891 dedisse
1628 828 1930 903 Tonanti‚·

299 917 488 979 Hanc
532 915 702 979 Iovis
749 913 1031 978 Oleniam
1075 935 1329 996 capram
1372 916 1581 979 dixere
1623 916 1912 980 ministri.

301 1004 544 1068 Verum
572 1003 731 1067 haee
761 1006 860 1066 est
888 1022 1126 1087 magno
1149 1006 1344 1086 atque
1362 1002 1623 1066 inlustri
1639 1002 1934 1086 praedita
1953 1003 2160 1089 signo,
2207 1021 2310 1069 170

391 1090 635 1156 Contra
678 1090 889 1154 Haedi
934 1091 1234 1176 exiguum
1280 1090 1526 1155 iaciunt
1570 1090 1956 1155 mortalibus
2002 1092 2219 1177 ignem

302 1180 580 1262 Auriqae
621 1181 693 1244 in
736 1180 1055 1243 manibus:
1100 1181 1275 1244 euius
1315 1180 1573 1260 vestigia
1613 1200 1866 1244 servans

304 1267 618 1352 Corniger
663 1270 762 1330 est
807 1266 1020 1331 valido
1069 1266 1334 1331 conixus
1381 1289 1648 1352 corpore
1693 1267 1986 1332 Taurus
1996 1318 2014 1351 ‚

306 1357 497 1435 Quem
539 1377 665 1420 non
706 1356 955 1437 difficili
996 1357 1235 1419 ratione
1276 1375 1593 1438 aqnoscere
1623 1357 1842 1437 possis.

306 1444 589 1524 Namque
631 1444 812 1508 illum
856 1449 1157 1508 exornant
1197 1445 1431 1508 externi
1472 1443 1644 1508 haud
1682 1445 1897 1525 indiga
1940 1445 2107 1526 siyni
2206 1461 2307 1510 175

304 1526 553 1613 Sidera,
597 1551 750 1613 quae
790 1533 998 1596 vivum
1040 1537 1225 1613 caput
1266 1533 1376 1596 olli
1418 1534 1720 1613 utrimque
1763 1533 2062 1615 fiqurant,

305 1620 538 1684 Inclita
570 1640 686 1700 per
729 1625 918 1684 totam
960 1621 1312 1701 sparqentia
1358 1621 1597 1684 lumina
1637 1620 1934 1698 frontem:

303 1708 443 1771 Has
491 1707 722 1772 Graeci
767 1708 992 1772 stellas
1038 1707 1347 1790 Hyadas
1393 1708 1679 1772 vocitare
1726 1712 2009 1772 suerunt.

301 1796 443 1861 Iam
489 1795 685 1861 Tauri
727 1796 984 1861 laevum
1031 1818 1230 1861 cornu
1274 1797 1622 1880 dexterque
1669 1796 1861 1860 simul
1906 1819 2021 1880 pes

302 1885 580 1968 Auriqae
622 1887 761 1968 iqne
804 1886 1039 1949 micant
1076 1905 1201 1949 uno
1235 1886 1590 1967 pariterque
1628 1885 1947 1967 feruntur;
2210 1902 2308 1950 180

306 1974 399 2038 At
430 1975 610 2055 prior
653 1974 902 2056 Auriqa
946 1975 1143 2038 latum
1175 1976 1336 2055 petit
1381 1973 1687 2039 Oceanum
1730 1976 1858 2053 bos,

307 2060 464 2126 oum
508 2067 709 2126 tamen
752 2082 785 2125 e
819 2063 1085 2143 pwcidis
1126 2068 1386 2145 surqant
1425 2064 1614 2127 simul
1656 2065 1935 2144 aequoris
1977 2065 2177 2129 undis,

400 2149 565 2228 Quin
607 2151 792 2214 etiam
834 2150 1087 2215 Iasidae
1128 2152 1344 2216 domus
1386 2151 1820 2231 antiquissima
1867 2150 2084 2231 Cephei

308 2237 646 2302 Aerumnis
688 2244 778 2303 est
816 2243 964 2303 nota
1006 2241 1162 2321 suis,
1206 2259 1393 2320 quam
1436 2238 1678 2320 Iupiter
1719 2244 1932 2302 auctor

308 2325 598 2407 Proqenii
638 2327 835 2390 subito
868 2328 1212 2408 praeclaris
1255 2327 1471 2391 intulit
1510 2327 1731 2391 astris:
2210 2341 2309 2390 185

307 2411 606 2497 Namque
650 2413 865 2497 ipsum
912 2416 993 2478 ad
1036 2418 1294 2500 tergum
1342 2413 1710 2498 Cynosurae
1755 2413 2029 2478 vertitur
2074 2413 2259 2479 Arcti

306 2502 550 2567 Iasides
582 2504 806 2584 pansis
849 2504 1189 2567 distendens
1234 2503 1482 2566 brachia
1517 2503 1750 2583 palmis
1756 2552 1774 2585 ‚

312 2590 632 2672 Tantaque
673 2591 751 2654 ab
796 2596 1064 2655 extrema
1106 2593 1306 2656 cauda
1349 2592 1736 2655 disterminat
1774 2591 1957 2655 Arcti

305 2678 546 2760 Requla
587 2685 911 2760 utrumque
945 2681 1182 2760 pedem,
1227 2685 1461 2761 quanta
1495 2700 1606 2761 pes
1649 2700 1691 2744 a
1723 2681 1877 2760 pede
1919 2679 2122 2744 distat.

310 2766 487 2845 Quod
527 2768 585 2831 si
626 2788 669 2830 a
713 2766 938 2848 Cepheo
971 2769 1239 2849 paulum
1283 2773 1392 2831 tua
1437 2769 1679 2833 lumina
1722 2768 1952 2832 baltheo
2209 2781 2310 2832 190

306 2854 663 2931 Dimoveas,
707 2875 914 2920 versus
955 2856 1120 2921 saevi
1161 2857 1417 2938 aymina
1447 2858 1663 2937 prima
1706 2855 2047 2937 DraconiS,

307 2943 440 3006 Hic
481 2943 623 3024 erit,
665 2942 836 3007 haud
864 2945 1056 3025 plena
1089 2945 1321 3025 poteris
1364 2964 1551 3025 quam
1594 2964 1830 3008 cernere
1874 2945 2051 3020 luna,

308 3028 601 3094 Obscura
647 3032 855 3115 speeie
902 3033 1240 3096 stellarum
1286 3030 1712 3116 Cassiepia:

308 3118 483 3183 Nam
524 3140 652 3184 non
685 3121 934 3185 >crebrae
975 3122 1075 3186 illi
1116 3121 1348 3202 stellae,
1390 3141 1580 3201 neque
1620 3122 1823 3185 sidera
1865 3122 2075 3184 iuncta

305 3206 645 3289 Eqreyium
686 3229 763 3272 ex
803 3210 999 3274 variis
1041 3214 1406 3290 componunt
1449 3208 1688 3291 iqnibus
1729 3209 2311 3291 iqnem:195

448 3431 515 3486 V.
557 3439 657 3488 165
679 3452 797 3502 sqq.
846 3434 919 3488 N.
967 3434 1041 3489 D.
1079 3434 1159 3486 ΙΙ
1186 3439 1274 3489 43.
1311 3439 1435 3489 110.
1474 3465 1540 3474 -
1582 3440 1682 3489 170
1702 3450 1782 3502 sq.
1829 3434 1889 3487 et
1925 3439 2027 3489 173
2069 3433 2204 3491 ibid.
2240 3465 2306 3476 -—

311 3508 413 3557 178
451 3504 522 3557 ib.
552 3509 672 3559 111.
713 3536 779 3544 —
823 3512 921 3559 179
952 3505 1162 3559 Probus
1196 3507 1263 3560 de
1295 3506 1394 3560 ult.
1432 3506 1550 3575 syll.
1588 3505 1646 3560 T.
1675 3504 1774 3557 IV
1795 3521 1856 3574 p.
1885 3509 2019 3561 223.
2057 3509 2126 3561 31
2163 3504 2303 3562 Keil.

309 3601 376 3615 ·-
419 3578 520 3628 186
559 3574 619 3627 et
657 3582 756 3630 193
797 3575 905 3630 Cic.
945 3576 1018 3628 N.
1059 3576 1132 3628 D.
1171 3575 1251 3628 II
1277 3579 1366 3630 43.
1406 3581 1523 3629 111.
