<?xml version="1.0" encoding="UTF-8"?>
<!DOCTYPE html PUBLIC "-//W3C//DTD XHTML 1.0 Transitional//EN"
    "http://www.w3.org/TR/xhtml1/DTD/xhtml1-transitional.dtd">
<html xmlns="http://www.w3.org/1999/xhtml" xml:lang="en" lang="en">
 <head>
  <title>
</title>
<meta http-equiv="Content-Type" content="text/html;charset=utf-8" />
  <meta name='ocr-system' content='tesseract 3.04.00' />
  <meta name='ocr-capabilities' content='ocr_page ocr_carea ocr_par ocr_line ocrx_word'/>
</head>
<body>
  <div class='ocr_page' id='page_1' title='image "./scriptaquaemans01cicegoog_0078.png"; bbox 0 0 2630 3913; ppageno 0'>
   <div class='ocr_carea' id='block_1_1' title="bbox 324 142 1580 241">
    <p class='ocr_par' dir='ltr' id='par_1_1' title="bbox 324 142 1580 241">
     <span class='ocr_line' id='line_1_1' title="bbox 324 142 1580 241; baseline 0.001 -11"><span class='ocrx_word' id='word_1_1' title='bbox 324 142 439 241; x_wconf 79' lang='lat'><strong>&#39;12</strong></span> <span class='ocrx_word' id='word_1_2' title='bbox 1142 175 1241 230; x_wconf 82' lang='lat' dir='ltr'><strong>DE</strong></span> <span class='ocrx_word' id='word_1_3' title='bbox 1277 174 1580 232; x_wconf 72' lang='lat' dir='ltr'><strong>ormcns</strong></span> 
     </span>
    </p>
   </div>
   <div class='ocr_carea' id='block_1_2' title="bbox 248 574 335 701">
    <p class='ocr_par' dir='ltr' id='par_1_2' title="bbox 248 574 335 701">
     <span class='ocr_line' id='line_1_2' title="bbox 248 574 335 701; baseline -0.011 0"><span class='ocrx_word' id='word_1_4' title='bbox 248 574 335 701; x_wconf 67' lang='grc' dir='ltr'><strong>ἐξ)</strong></span> 
     </span>
    </p>
   </div>
   <div class='ocr_carea' id='block_1_3' title="bbox 246 1414 313 1463">
    <p class='ocr_par' dir='ltr' id='par_1_3' title="bbox 246 1414 313 1463">
     <span class='ocr_line' id='line_1_3' title="bbox 246 1414 313 1463; baseline -0.03 0"><span class='ocrx_word' id='word_1_5' title='bbox 246 1414 313 1463; x_wconf 81' lang='lat'><strong>32</strong></span> 
     </span>
    </p>
   </div>
   <div class='ocr_carea' id='block_1_4' title="bbox 350 337 2448 1921">
    <p class='ocr_par' dir='ltr' id='par_1_4' title="bbox 353 337 2365 603">
     <span class='ocr_line' id='line_1_4' title="bbox 355 337 2364 440; baseline -0 -35"><span class='ocrx_word' id='word_1_6' title='bbox 355 362 548 424; x_wconf 89' lang='lat' dir='ltr'><strong>quam</strong></span> <span class='ocrx_word' id='word_1_7' title='bbox 603 361 794 426; x_wconf 89' lang='lat' dir='ltr'><strong>agere</strong></span> <span class='ocrx_word' id='word_1_8' title='bbox 791 380 832 440; x_wconf 59' lang='lat' dir='ltr'><em>l</em></span> <span class='ocrx_word' id='word_1_9' title='bbox 887 338 1058 422; x_wconf 91' lang='lat' dir='ltr'><strong>quod</strong></span> <span class='ocrx_word' id='word_1_10' title='bbox 1122 339 1376 403; x_wconf 88' lang='lat' dir='ltr'><strong>dubites</strong></span> <span class='ocrx_word' id='word_1_11' title='bbox 1441 360 1717 423; x_wconf 87' lang='lat' dir='ltr'><strong>aequum</strong></span> <span class='ocrx_word' id='word_1_12' title='bbox 1774 339 1863 402; x_wconf 89' lang='lat' dir='ltr'><strong>sit</strong></span> <span class='ocrx_word' id='word_1_13' title='bbox 1917 360 2002 402; x_wconf 90' lang='lat' dir='ltr'><strong>an</strong></span> <span class='ocrx_word' id='word_1_14' title='bbox 2053 337 2364 421; x_wconf 89' lang='lat' dir='ltr'><strong>iniquum.</strong></span> 
     </span>
     <span class='ocr_line' id='line_1_5' title="bbox 353 426 2365 512; baseline -0.001 -20"><span class='ocrx_word' id='word_1_15' title='bbox 353 429 669 512; x_wconf 77' lang='lat' dir='ltr'><strong>Aequitas</strong></span> <span class='ocrx_word' id='word_1_16' title='bbox 707 450 879 492; x_wconf 88' lang='lat' dir='ltr'><strong>emm</strong></span> <span class='ocrx_word' id='word_1_17' title='bbox 906 428 1080 492; x_wconf 92' lang='lat' dir='ltr'><strong>lucet</strong></span> <span class='ocrx_word' id='word_1_18' title='bbox 1106 427 1250 512; x_wconf 91' lang='lat' dir='ltr'><strong>ipsa</strong></span> <span class='ocrx_word' id='word_1_19' title='bbox 1276 448 1394 512; x_wconf 90' lang='lat' dir='ltr'><strong>per</strong></span> <span class='ocrx_word' id='word_1_20' title='bbox 1422 448 1509 511; x_wconf 90' lang='lat' dir='ltr'><strong>se,</strong></span> <span class='ocrx_word' id='word_1_21' title='bbox 1547 427 1870 492; x_wconf 70' lang='lat' dir='ltr'><strong>dubitatio</strong></span> <span class='ocrx_word' id='word_1_22' title='bbox 1900 426 2365 512; x_wconf 73' lang='lat' dir='ltr'><strong>cogitationem</strong></span> 
     </span>
     <span class='ocr_line' id='line_1_6' title="bbox 355 515 1018 603; baseline -0.003 -22"><span class='ocrx_word' id='word_1_23' title='bbox 355 516 681 603; x_wconf 88' lang='lat' dir='ltr'><strong>significat</strong></span> <span class='ocrx_word' id='word_1_24' title='bbox 725 515 1018 580; x_wconf 91' lang='lat' dir='ltr'><strong>iniuriae.</strong></span> 
     </span>
    </p>

    <p class='ocr_par' dir='ltr' id='par_1_5' title="bbox 350 602 2448 1921">
     <span class='ocr_line' id='line_1_7' title="bbox 486 602 2364 688; baseline -0.001 -19"><span class='ocrx_word' id='word_1_25' title='bbox 486 602 611 669; x_wconf 84' lang='lat' dir='ltr'><strong>Sed</strong></span> <span class='ocrx_word' id='word_1_26' title='bbox 645 604 935 669; x_wconf 87' lang='lat' dir='ltr'><strong>incidunt</strong></span> <span class='ocrx_word' id='word_1_27' title='bbox 974 625 1165 688; x_wconf 89' lang='lat' dir='ltr'><strong>saepe</strong></span> <span class='ocrx_word' id='word_1_28' title='bbox 1201 607 1516 687; x_wconf 88' lang='lat' dir='ltr'><strong>tempora,</strong></span> <span class='ocrx_word' id='word_1_29' title='bbox 1561 624 1708 667; x_wconf 92' lang='lat' dir='ltr'><strong>cum</strong></span> <span class='ocrx_word' id='word_1_30' title='bbox 1744 625 1857 686; x_wconf 46' lang='lat' dir='ltr'><strong>ea,</strong></span> <span class='ocrx_word' id='word_1_31' title='bbox 1887 624 2049 686; x_wconf 89' lang='lat' dir='ltr'><strong>quae</strong></span> <span class='ocrx_word' id='word_1_32' title='bbox 2086 603 2364 667; x_wconf 84' lang='lat' dir='ltr'><strong>maxime</strong></span> 
     </span>
     <span class='ocr_line' id='line_1_8' title="bbox 352 691 2421 781; baseline -0.001 -24"><span class='ocrx_word' id='word_1_33' title='bbox 352 693 652 757; x_wconf 82' lang='lat' dir='ltr'><strong>videntur</strong></span> <span class='ocrx_word' id='word_1_34' title='bbox 696 692 894 777; x_wconf 88' lang='lat' dir='ltr'><strong>digna</strong></span> <span class='ocrx_word' id='word_1_35' title='bbox 939 713 1079 756; x_wconf 89' lang='lat' dir='ltr'><strong>esse</strong></span> <span class='ocrx_word' id='word_1_36' title='bbox 1121 691 1294 756; x_wconf 90' lang='lat' dir='ltr'><strong>iusto</strong></span> <span class='ocrx_word' id='word_1_37' title='bbox 1342 691 1603 756; x_wconf 90' lang='lat' dir='ltr'><strong>homine</strong></span> <span class='ocrx_word' id='word_1_38' title='bbox 1649 712 1882 781; x_wconf 64' lang='lat' dir='ltr'><strong>eoque,</strong></span> <span class='ocrx_word' id='word_1_39' title='bbox 1917 713 2107 775; x_wconf 88' lang='lat' dir='ltr'><strong>quem</strong></span> <span class='ocrx_word' id='word_1_40' title='bbox 2152 691 2365 755; x_wconf 86' lang='lat' dir='ltr'><strong>virum</strong></span> <span class='ocrx_word' id='word_1_41' title='bbox 2392 708 2421 747; x_wconf 80' lang='lat'>⁵</span> 
     </span>
     <span class='ocr_line' id='line_1_9' title="bbox 352 779 2367 863; baseline -0.001 -18"><span class='ocrx_word' id='word_1_42' title='bbox 352 780 596 845; x_wconf 89' lang='lat' dir='ltr'><strong>bonum</strong></span> <span class='ocrx_word' id='word_1_43' title='bbox 651 781 919 845; x_wconf 81' lang='lat' dir='ltr'><strong>dicimus</strong></span> <span class='ocrx_word' id='word_1_44' title='bbox 929 831 947 863; x_wconf 90' lang='lat'><strong>,</strong></span> <span class='ocrx_word' id='word_1_45' title='bbox 1000 782 1484 845; x_wconf 80' lang='lat' dir='ltr'><strong>commutantur</strong></span> <span class='ocrx_word' id='word_1_46' title='bbox 1535 779 1825 862; x_wconf 89' lang='lat' dir='ltr'><strong>fiuntque</strong></span> <span class='ocrx_word' id='word_1_47' title='bbox 1879 779 2232 863; x_wconf 89' lang='lat' dir='ltr'><strong>contraria,</strong></span> <span class='ocrx_word' id='word_1_48' title='bbox 2291 784 2367 843; x_wconf 91' lang='lat' dir='ltr'><strong>ut</strong></span> 
     </span>
     <span class='ocr_line' id='line_1_10' title="bbox 352 867 2365 954; baseline -0.001 -22"><span class='ocrx_word' id='word_1_49' title='bbox 352 869 616 933; x_wconf 88' lang='lat' dir='ltr'><strong>reddere</strong></span> <span class='ocrx_word' id='word_1_50' title='bbox 672 868 1063 954; x_wconf 90' lang='lat' dir='ltr'><strong>depositum,</strong></span> <span class='ocrx_word' id='word_1_51' title='bbox 1126 867 1337 932; x_wconf 87' lang='lat' dir='ltr'><strong>facere</strong></span> <span class='ocrx_word' id='word_1_52' title='bbox 1399 868 1820 952; x_wconf 82' lang='lat' dir='ltr'><strong>promissum3</strong></span> <span class='ocrx_word' id='word_1_53' title='bbox 1883 889 2171 950; x_wconf 91' lang='lat' dir='ltr'><strong>quaeque</strong></span> <span class='ocrx_word' id='word_1_54' title='bbox 2226 888 2365 950; x_wconf 89' lang='lat' dir='ltr'><strong>per-</strong></span> 
     </span>
     <span class='ocr_line' id='line_1_11' title="bbox 352 955 2364 1040; baseline -0 -20"><span class='ocrx_word' id='word_1_55' title='bbox 352 958 564 1021; x_wconf 85' lang='lat' dir='ltr'><strong>tinent</strong></span> <span class='ocrx_word' id='word_1_56' title='bbox 611 957 692 1021; x_wconf 89' lang='lat' dir='ltr'><strong>ad</strong></span> <span class='ocrx_word' id='word_1_57' title='bbox 731 957 1074 1021; x_wconf 84' lang='lat' dir='ltr'><strong>veritatem</strong></span> <span class='ocrx_word' id='word_1_58' title='bbox 1114 959 1180 1019; x_wconf 87' lang='lat' dir='ltr'><strong>et</strong></span> <span class='ocrx_word' id='word_1_59' title='bbox 1216 956 1298 1019; x_wconf 89' lang='lat' dir='ltr'><strong>ad</strong></span> <span class='ocrx_word' id='word_1_60' title='bbox 1333 955 1545 1038; x_wconf 88' lang='lat' dir='ltr'><strong>fidem,</strong></span> <span class='ocrx_word' id='word_1_61' title='bbox 1592 977 1668 1019; x_wconf 88' lang='lat' dir='ltr'><strong>ea</strong></span> <span class='ocrx_word' id='word_1_62' title='bbox 1712 955 1995 1040; x_wconf 89' lang='lat' dir='ltr'><strong>migrare</strong></span> <span class='ocrx_word' id='word_1_63' title='bbox 2039 955 2364 1020; x_wconf 90' lang='lat' dir='ltr'><strong>interdum</strong></span> 
     </span>
     <span class='ocr_line' id='line_1_12' title="bbox 354 1042 2374 1135; baseline -0 -26"><span class='ocrx_word' id='word_1_64' title='bbox 354 1051 420 1109; x_wconf 89' lang='lat' dir='ltr'><strong>et</strong></span> <span class='ocrx_word' id='word_1_65' title='bbox 463 1066 595 1109; x_wconf 93' lang='lat' dir='ltr'><strong>non</strong></span> <span class='ocrx_word' id='word_1_66' title='bbox 641 1066 898 1109; x_wconf 84' lang='lat' dir='ltr'><strong>servare</strong></span> <span class='ocrx_word' id='word_1_67' title='bbox 942 1045 1020 1108; x_wconf 90' lang='lat' dir='ltr'><strong>fit</strong></span> <span class='ocrx_word' id='word_1_68' title='bbox 1055 1044 1314 1108; x_wconf 88' lang='lat' dir='ltr'><strong>iustum.</strong></span> <span class='ocrx_word' id='word_1_69' title='bbox 1398 1042 1652 1108; x_wconf 85' lang='lat' dir='ltr'><strong>Referri</strong></span> <span class='ocrx_word' id='word_1_70' title='bbox 1700 1044 1872 1107; x_wconf 90' lang='lat' dir='ltr'><strong>enim</strong></span> <span class='ocrx_word' id='word_1_71' title='bbox 1918 1043 2099 1109; x_wconf 84' lang='lat' dir='ltr'><strong>decet</strong></span> <span class='ocrx_word' id='word_1_72' title='bbox 2143 1044 2225 1108; x_wconf 88' lang='lat' dir='ltr'><strong>ad</strong></span> <span class='ocrx_word' id='word_1_73' title='bbox 2270 1065 2374 1135; x_wconf 65' lang='lat' dir='ltr'><strong>ea,</strong></span> 
     </span>
     <span class='ocr_line' id='line_1_13' title="bbox 354 1131 2448 1223; baseline -0.001 -26"><span class='ocrx_word' id='word_1_74' title='bbox 354 1154 518 1216; x_wconf 92' lang='lat' dir='ltr'><strong>quae</strong></span> <span class='ocrx_word' id='word_1_75' title='bbox 572 1133 762 1217; x_wconf 91' lang='lat' dir='ltr'><strong>posui</strong></span> <span class='ocrx_word' id='word_1_76' title='bbox 813 1132 1173 1223; x_wconf 54' lang='lat' dir='ltr'><strong>principio]</strong></span> <span class='ocrx_word' id='word_1_77' title='bbox 1221 1131 1643 1196; x_wconf 81' lang='lat' dir='ltr'><strong>fundamenta</strong></span> <span class='ocrx_word' id='word_1_78' title='bbox 1703 1131 2050 1216; x_wconf 68' lang='lat' dir='ltr'><strong>iustitiae,·.</strong></span> <span class='ocrx_word' id='word_1_79' title='bbox 2082 1132 2363 1216; x_wconf 89' lang='lat' dir='ltr'><strong>primum</strong></span> <span class='ocrx_word' id='word_1_80' title='bbox 2395 1150 2448 1190; x_wconf 84' lang='lat'><strong>10</strong></span> 
     </span>
     <span class='ocr_line' id='line_1_14' title="bbox 351 1218 2364 1304; baseline -0 -19"><span class='ocrx_word' id='word_1_81' title='bbox 351 1226 427 1285; x_wconf 87' lang='lat' dir='ltr'><strong>ut</strong></span> <span class='ocrx_word' id='word_1_82' title='bbox 460 1242 540 1285; x_wconf 91' lang='lat' dir='ltr'><strong>ne</strong></span> <span class='ocrx_word' id='word_1_83' title='bbox 578 1222 681 1285; x_wconf 87' lang='lat' dir='ltr'><strong>cui</strong></span> <span class='ocrx_word' id='word_1_84' title='bbox 714 1225 1042 1304; x_wconf 86' lang='lat' dir='ltr'><strong>noceatur,</strong></span> <span class='ocrx_word' id='word_1_85' title='bbox 1088 1219 1312 1283; x_wconf 89' lang='lat' dir='ltr'><strong>deinde</strong></span> <span class='ocrx_word' id='word_1_86' title='bbox 1350 1224 1425 1283; x_wconf 91' lang='lat' dir='ltr'><strong>ut</strong></span> <span class='ocrx_word' id='word_1_87' title='bbox 1446 1220 1785 1285; x_wconf 78' lang='lat' dir='ltr'><strong>communi</strong></span> <span class='ocrx_word' id='word_1_88' title='bbox 1815 1218 2093 1284; x_wconf 88' lang='lat' dir='ltr'><strong>utilitati</strong></span> <span class='ocrx_word' id='word_1_89' title='bbox 2128 1219 2364 1284; x_wconf 85' lang='lat' dir='ltr'><strong>servia-</strong></span> 
     </span>
     <span class='ocr_line' id='line_1_15' title="bbox 352 1308 2365 1392; baseline 0 -20"><span class='ocrx_word' id='word_1_90' title='bbox 352 1313 475 1373; x_wconf 88' lang='lat' dir='ltr'><strong>tur.</strong></span> <span class='ocrx_word' id='word_1_91' title='bbox 547 1309 647 1373; x_wconf 88' lang='lat' dir='ltr'><strong>Ea</strong></span> <span class='ocrx_word' id='word_1_92' title='bbox 692 1331 837 1374; x_wconf 91' lang='lat' dir='ltr'><strong>cum</strong></span> <span class='ocrx_word' id='word_1_93' title='bbox 882 1314 1174 1392; x_wconf 90' lang='lat' dir='ltr'><strong>tempore</strong></span> <span class='ocrx_word' id='word_1_94' title='bbox 1211 1312 1711 1391; x_wconf 84' lang='lat' dir='ltr'><strong>commutantur,</strong></span> <span class='ocrx_word' id='word_1_95' title='bbox 1756 1311 2192 1372; x_wconf 82' lang='lat' dir='ltr'><strong>commutatur</strong></span> <span class='ocrx_word' id='word_1_96' title='bbox 2228 1308 2365 1373; x_wconf 83' lang='lat' dir='ltr'><strong>offi-</strong></span> 
     </span>
     <span class='ocr_line' id='line_1_16' title="bbox 353 1395 2365 1480; baseline -0.001 -17"><span class='ocrx_word' id='word_1_97' title='bbox 353 1398 522 1463; x_wconf 87' lang='lat' dir='ltr'><strong>cium</strong></span> <span class='ocrx_word' id='word_1_98' title='bbox 569 1401 636 1462; x_wconf 90' lang='lat' dir='ltr'><strong>et</strong></span> <span class='ocrx_word' id='word_1_99' title='bbox 679 1419 811 1462; x_wconf 92' lang='lat' dir='ltr'><strong>non</strong></span> <span class='ocrx_word' id='word_1_100' title='bbox 856 1418 1109 1480; x_wconf 87' lang='lat' dir='ltr'><strong>semper</strong></span> <span class='ocrx_word' id='word_1_101' title='bbox 1155 1400 1256 1460; x_wconf 90' lang='lat' dir='ltr'><strong>est</strong></span> <span class='ocrx_word' id='word_1_102' title='bbox 1299 1396 1487 1460; x_wconf 86' lang='lat' dir='ltr'><strong>idern.</strong></span> <span class='ocrx_word' id='word_1_103' title='bbox 1574 1395 1805 1461; x_wconf 88' lang='lat' dir='ltr'><strong>Potest</strong></span> <span class='ocrx_word' id='word_1_104' title='bbox 1863 1397 2034 1460; x_wconf 91' lang='lat' dir='ltr'><strong>enim</strong></span> <span class='ocrx_word' id='word_1_105' title='bbox 2081 1396 2365 1461; x_wconf 86' lang='lat' dir='ltr'><strong>accidere</strong></span> 
     </span>
     <span class='ocr_line' id='line_1_17' title="bbox 350 1483 2364 1571; baseline -0 -22"><span class='ocrx_word' id='word_1_106' title='bbox 350 1485 743 1571; x_wconf 91' lang='lat' dir='ltr'><strong>promissum</strong></span> <span class='ocrx_word' id='word_1_107' title='bbox 773 1485 1035 1568; x_wconf 87' lang='lat' dir='ltr'><strong>aliquod</strong></span> <span class='ocrx_word' id='word_1_108' title='bbox 1064 1487 1130 1548; x_wconf 90' lang='lat' dir='ltr'><strong>et</strong></span> <span class='ocrx_word' id='word_1_109' title='bbox 1156 1489 1570 1569; x_wconf 63' lang='lat' dir='ltr'><strong>conventum,</strong></span> <span class='ocrx_word' id='word_1_110' title='bbox 1600 1489 1674 1547; x_wconf 91' lang='lat' dir='ltr'><strong>ut</strong></span> <span class='ocrx_word' id='word_1_111' title='bbox 1710 1485 1777 1547; x_wconf 88' lang='lat' dir='ltr'><strong>id</strong></span> <span class='ocrx_word' id='word_1_112' title='bbox 1813 1483 1982 1548; x_wconf 89' lang='lat' dir='ltr'><strong>effici</strong></span> <span class='ocrx_word' id='word_1_113' title='bbox 2020 1484 2109 1548; x_wconf 89' lang='lat' dir='ltr'><strong>sit</strong></span> <span class='ocrx_word' id='word_1_114' title='bbox 2134 1483 2364 1548; x_wconf 91' lang='lat' dir='ltr'><strong>inutile</strong></span> 
     </span>
     <span class='ocr_line' id='line_1_18' title="bbox 350 1570 2444 1673; baseline -0.001 -35"><span class='ocrx_word' id='word_1_115' title='bbox 350 1575 455 1639; x_wconf 82' lang='lat' dir='ltr'><strong>vel</strong></span> <span class='ocrx_word' id='word_1_116' title='bbox 495 1574 710 1673; x_wconf 47' lang='lat' dir='ltr'><strong>ei„·cui</strong></span> <span class='ocrx_word' id='word_1_117' title='bbox 746 1573 1140 1673; x_wconf 80' lang='lat' dir='ltr'><strong>promissum</strong></span> <span class='ocrx_word' id='word_1_118' title='bbox 1177 1570 1281 1655; x_wconf 90' lang='lat' dir='ltr'><strong>sit,</strong></span> <span class='ocrx_word' id='word_1_119' title='bbox 1327 1572 1431 1637; x_wconf 82' lang='lat' dir='ltr'><strong>vel</strong></span> <span class='ocrx_word' id='word_1_120' title='bbox 1470 1573 1548 1657; x_wconf 83' lang='lat' dir='ltr'><strong>ei,</strong></span> <span class='ocrx_word' id='word_1_121' title='bbox 1584 1572 1695 1655; x_wconf 91' lang='lat' dir='ltr'><strong>qui</strong></span> <span class='ocrx_word' id='word_1_122' title='bbox 1730 1572 2119 1657; x_wconf 84' lang='lat' dir='ltr'><strong>promiserit.</strong></span> <span class='ocrx_word' id='word_1_123' title='bbox 2189 1571 2363 1673; x_wconf 78' lang='lat' dir='ltr'><strong>Nam</strong></span> <span class='ocrx_word' id='word_1_124' title='bbox 2393 1587 2444 1629; x_wconf 74' lang='lat'><strong>1⁵</strong></span> 
     </span>
     <span class='ocr_line' id='line_1_19' title="bbox 350 1659 2364 1832; baseline -0 -19"><span class='ocrx_word' id='word_1_125' title='bbox 350 1665 667 1829; x_wconf 52' lang='lat' dir='ltr'><strong>{3523ss</strong></span> <span class='ocrx_word' id='word_1_126' title='bbox 702 1659 2364 1832; x_wconf 47' lang='lat' dir='ltr'><strong>ffaeffisssstfsztfissssiffimssssfflssssoTssfiifflnffifflssgsssst</strong></span> 
     </span>
     <span class='ocr_line' id='line_1_20' title="bbox 352 1836 2364 1921; baseline 0 -20"><span class='ocrx_word' id='word_1_127' title='bbox 352 1838 648 1920; x_wconf 84' lang='lat' dir='ltr'><strong>orbatus3</strong></span> <span class='ocrx_word' id='word_1_128' title='bbox 693 1858 771 1900; x_wconf 87' lang='lat' dir='ltr'><strong>ex</strong></span> <span class='ocrx_word' id='word_1_129' title='bbox 806 1836 1017 1901; x_wconf 90' lang='lat' dir='ltr'><strong>tribus</strong></span> <span class='ocrx_word' id='word_1_130' title='bbox 1057 1837 1228 1900; x_wconf 91' lang='lat' dir='ltr'><strong>enim</strong></span> <span class='ocrx_word' id='word_1_131' title='bbox 1266 1837 1531 1921; x_wconf 88' lang='lat' dir='ltr'><strong>optatis,</strong></span> <span class='ocrx_word' id='word_1_132' title='bbox 1575 1841 1649 1900; x_wconf 92' lang='lat' dir='ltr'><strong>ut</strong></span> <span class='ocrx_word' id='word_1_133' title='bbox 1686 1836 2008 1920; x_wconf 86' lang='lat' dir='ltr'><strong>scribitur,</strong></span> <span class='ocrx_word' id='word_1_134' title='bbox 2052 1838 2177 1902; x_wconf 88' lang='lat' dir='ltr'><strong>hoc</strong></span> <span class='ocrx_word' id='word_1_135' title='bbox 2222 1842 2364 1901; x_wconf 88' lang='lat' dir='ltr'><strong>erat</strong></span> 
     </span>
    </p>
   </div>
   <div class='ocr_carea' id='block_1_5' title="bbox 158 1923 2446 2114">
    <p class='ocr_par' dir='ltr' id='par_1_6' title="bbox 158 1923 2446 2114">
     <span class='ocr_line' id='line_1_21' title="bbox 158 1923 2363 2011; baseline -0 -21"><span class='ocrx_word' id='word_1_136' title='bbox 158 1952 181 1960; x_wconf 86' lang='lat'><strong>··</strong></span> <span class='ocrx_word' id='word_1_137' title='bbox 350 1925 647 2009; x_wconf 83' lang='lat' dir='ltr'><strong>tertium,</strong></span> <span class='ocrx_word' id='word_1_138' title='bbox 711 1925 882 2008; x_wconf 91' lang='lat' dir='ltr'><strong>quod</strong></span> <span class='ocrx_word' id='word_1_139' title='bbox 942 1925 1018 1989; x_wconf 88' lang='lat' dir='ltr'><strong>de</strong></span> <span class='ocrx_word' id='word_1_140' title='bbox 1072 1923 1420 2008; x_wconf 85' lang='lat' dir='ltr'><strong>Hippolyti</strong></span> <span class='ocrx_word' id='word_1_141' title='bbox 1481 1924 1751 1990; x_wconf 89' lang='lat' dir='ltr'><strong>interitu</strong></span> <span class='ocrx_word' id='word_1_142' title='bbox 1810 1925 2017 1991; x_wconf 89' lang='lat' dir='ltr'><strong>iratus</strong></span> <span class='ocrx_word' id='word_1_143' title='bbox 2082 1926 2363 2011; x_wconf 84' lang='lat' dir='ltr'><strong>optavit3</strong></span> 
     </span>
     <span class='ocr_line' id='line_1_22' title="bbox 270 2013 2446 2114; baseline -0.002 -35"><span class='ocrx_word' id='word_1_144' title='bbox 270 2023 275 2034; x_wconf 84' lang='lat'><strong><em>¹</em></strong></span> <span class='ocrx_word' id='word_1_145' title='bbox 317 2015 479 2097; x_wconf 56' lang='lat' dir='ltr'><strong>‘quo</strong></span> <span class='ocrx_word' id='word_1_146' title='bbox 533 2014 881 2114; x_wconf 83' lang='lat' dir='ltr'><strong>impetrato</strong></span> <span class='ocrx_word' id='word_1_147' title='bbox 936 2014 1007 2076; x_wconf 92' lang='lat' dir='ltr'><strong>in</strong></span> <span class='ocrx_word' id='word_1_148' title='bbox 1060 2013 1376 2077; x_wconf 86' lang='lat' dir='ltr'><strong>maximos</strong></span> <span class='ocrx_word' id='word_1_149' title='bbox 1433 2013 1644 2078; x_wconf 90' lang='lat' dir='ltr'><strong>luctus</strong></span> <span class='ocrx_word' id='word_1_150' title='bbox 1699 2014 1943 2080; x_wconf 89' lang='lat' dir='ltr'><strong>incidit.</strong></span> <span class='ocrx_word' id='word_1_151' title='bbox 2030 2013 2168 2079; x_wconf 87' lang='lat' dir='ltr'><strong>Nec</strong></span> <span class='ocrx_word' id='word_1_152' title='bbox 2217 2037 2361 2099; x_wconf 92' lang='lat' dir='ltr'><strong>pro·</strong></span> <span class='ocrx_word' id='word_1_153' title='bbox 2390 2033 2446 2074; x_wconf 74' lang='lat'><strong>20</strong></span> 
     </span>
    </p>
   </div>
   <div class='ocr_carea' id='block_1_6' title="bbox 244 3175 308 3224">
    <p class='ocr_par' dir='ltr' id='par_1_7' title="bbox 244 3175 308 3224">
     <span class='ocr_line' id='line_1_23' title="bbox 244 3175 308 3224; baseline -0.016 0"><span class='ocrx_word' id='word_1_154' title='bbox 244 3175 308 3224; x_wconf 74' lang='lat'><strong>33</strong></span> 
     </span>
    </p>
   </div>
   <div class='ocr_carea' id='block_1_7' title="bbox 343 2101 2443 3606">
    <p class='ocr_par' dir='ltr' id='par_1_8' title="bbox 346 2101 2443 3156">
     <span class='ocr_line' id='line_1_24' title="bbox 351 2101 2361 2204; baseline 0.001 -39"><span class='ocrx_word' id='word_1_155' title='bbox 351 2102 551 2166; x_wconf 88' lang='lat' dir='ltr'><strong>missa</strong></span> <span class='ocrx_word' id='word_1_156' title='bbox 594 2101 799 2187; x_wconf 79' lang='lat' dir='ltr'><strong>lgitur</strong></span> <span class='ocrx_word' id='word_1_157' title='bbox 845 2102 1159 2166; x_wconf 84' lang='lat' dir='ltr'><strong>servanda</strong></span> <span class='ocrx_word' id='word_1_158' title='bbox 1205 2105 1358 2165; x_wconf 90' lang='lat' dir='ltr'><strong>sunt</strong></span> <span class='ocrx_word' id='word_1_159' title='bbox 1403 2122 1479 2166; x_wconf 90' lang='lat' dir='ltr'><strong>ea</strong></span> <span class='ocrx_word' id='word_1_160' title='bbox 1471 2144 1518 2202; x_wconf 65' lang='lat' dir='ltr'><em>ss</em></span> <span class='ocrx_word' id='word_1_161' title='bbox 1566 2124 1729 2185; x_wconf 91' lang='lat' dir='ltr'><strong>quae</strong></span> <span class='ocrx_word' id='word_1_162' title='bbox 1785 2103 1918 2167; x_wconf 87' lang='lat' dir='ltr'><strong>sint</strong></span> <span class='ocrx_word' id='word_1_163' title='bbox 1962 2102 2043 2167; x_wconf 88' lang='lat' dir='ltr'><strong>iis</strong></span> <span class='ocrx_word' id='word_1_164' title='bbox 2043 2145 2086 2204; x_wconf 60' lang='lat'>7</span> <span class='ocrx_word' id='word_1_165' title='bbox 2129 2103 2361 2186; x_wconf 92' lang='lat' dir='ltr'><strong>quibus</strong></span> 
     </span>
     <span class='ocr_line' id='line_1_25' title="bbox 349 2189 2362 2280; baseline 0.001 -27"><span class='ocrx_word' id='word_1_166' title='bbox 349 2189 749 2280; x_wconf 76' lang='lat' dir='ltr'><strong>promiseriss</strong></span> <span class='ocrx_word' id='word_1_167' title='bbox 787 2190 1064 2273; x_wconf 89' lang='lat' dir='ltr'><strong>inutilia,</strong></span> <span class='ocrx_word' id='word_1_168' title='bbox 1107 2211 1242 2274; x_wconf 89' lang='lat' dir='ltr'><strong>nec,</strong></span> <span class='ocrx_word' id='word_1_169' title='bbox 1289 2190 1347 2254; x_wconf 90' lang='lat' dir='ltr'><strong>si</strong></span> <span class='ocrx_word' id='word_1_170' title='bbox 1389 2190 1539 2274; x_wconf 88' lang='lat' dir='ltr'><strong>plus</strong></span> <span class='ocrx_word' id='word_1_171' title='bbox 1577 2190 1700 2255; x_wconf 90' lang='lat' dir='ltr'><strong>tibi</strong></span> <span class='ocrx_word' id='word_1_172' title='bbox 1737 2213 1813 2254; x_wconf 91' lang='lat' dir='ltr'><strong>ea</strong></span> <span class='ocrx_word' id='word_1_173' title='bbox 1847 2198 2122 2256; x_wconf 84' lang='lat' dir='ltr'><strong>noceant</strong></span> <span class='ocrx_word' id='word_1_174' title='bbox 2168 2214 2362 2275; x_wconf 87' lang='lat' dir='ltr'><strong>quam</strong></span> 
     </span>
     <span class='ocr_line' id='line_1_26' title="bbox 353 2278 2361 2379; baseline 0.001 -37"><span class='ocrx_word' id='word_1_175' title='bbox 353 2278 451 2342; x_wconf 84' lang='lat' dir='ltr'><strong>illi</strong></span> <span class='ocrx_word' id='word_1_176' title='bbox 496 2278 777 2379; x_wconf 51' lang='lat' dir='ltr'><strong>prosint,</strong></span> <span class='ocrx_word' id='word_1_177' title='bbox 812 2279 915 2343; x_wconf 93' lang='lat' dir='ltr'><strong>cui</strong></span> <span class='ocrx_word' id='word_1_178' title='bbox 957 2278 1354 2363; x_wconf 79' lang='lat' dir='ltr'><strong>promiseriS,</strong></span> <span class='ocrx_word' id='word_1_179' title='bbox 1405 2282 1632 2343; x_wconf 88' lang='lat' dir='ltr'><strong>contra</strong></span> <span class='ocrx_word' id='word_1_180' title='bbox 1678 2278 1961 2344; x_wconf 86' lang='lat' dir='ltr'><strong>officium</strong></span> <span class='ocrx_word' id='word_1_181' title='bbox 2007 2284 2108 2343; x_wconf 88' lang='lat' dir='ltr'><strong>est</strong></span> <span class='ocrx_word' id='word_1_182' title='bbox 2153 2280 2361 2344; x_wconf 88' lang='lat' dir='ltr'><strong>maius</strong></span> 
     </span>
     <span class='ocr_line' id='line_1_27' title="bbox 350 2366 2361 2453; baseline 0 -21"><span class='ocrx_word' id='word_1_183' title='bbox 350 2367 658 2452; x_wconf 89' lang='lat' dir='ltr'><strong>anteponi</strong></span> <span class='ocrx_word' id='word_1_184' title='bbox 692 2366 956 2450; x_wconf 82' lang='lat' dir='ltr'><strong>minori3</strong></span> <span class='ocrx_word' id='word_1_185' title='bbox 1000 2370 1091 2450; x_wconf 91' lang='lat' dir='ltr'><strong>ut,</strong></span> <span class='ocrx_word' id='word_1_186' title='bbox 1129 2367 1186 2430; x_wconf 89' lang='lat' dir='ltr'><strong>si</strong></span> <span class='ocrx_word' id='word_1_187' title='bbox 1221 2366 1635 2431; x_wconf 87' lang='lat' dir='ltr'><strong>constitueris</strong></span> <span class='ocrx_word' id='word_1_188' title='bbox 1672 2368 1954 2453; x_wconf 91' lang='lat' dir='ltr'><strong>cuipiam</strong></span> <span class='ocrx_word' id='word_1_189' title='bbox 1992 2372 2059 2432; x_wconf 87' lang='lat' dir='ltr'><strong>te</strong></span> <span class='ocrx_word' id='word_1_190' title='bbox 2096 2367 2361 2432; x_wconf 87' lang='lat' dir='ltr'><strong>advoca-</strong></span> 
     </span>
     <span class='ocr_line' id='line_1_28' title="bbox 348 2455 2443 2539; baseline -0.002 -20"><span class='ocrx_word' id='word_1_191' title='bbox 348 2461 489 2520; x_wconf 90' lang='lat' dir='ltr'><strong>tum</strong></span> <span class='ocrx_word' id='word_1_192' title='bbox 534 2455 604 2519; x_wconf 89' lang='lat' dir='ltr'><strong>in</strong></span> <span class='ocrx_word' id='word_1_193' title='bbox 648 2478 785 2520; x_wconf 91' lang='lat' dir='ltr'><strong>rem</strong></span> <span class='ocrx_word' id='word_1_194' title='bbox 830 2459 1236 2539; x_wconf 89' lang='lat' dir='ltr'><strong>praesentem</strong></span> <span class='ocrx_word' id='word_1_195' title='bbox 1283 2476 1424 2519; x_wconf 89' lang='lat' dir='ltr'><strong>esse</strong></span> <span class='ocrx_word' id='word_1_196' title='bbox 1469 2459 1811 2520; x_wconf 85' lang='lat' dir='ltr'><strong>venturum</strong></span> <span class='ocrx_word' id='word_1_197' title='bbox 1857 2459 2052 2539; x_wconf 90' lang='lat' dir='ltr'><strong>atque</strong></span> <span class='ocrx_word' id='word_1_198' title='bbox 2097 2455 2360 2520; x_wconf 87' lang='lat' dir='ltr'><strong>interim</strong></span> <span class='ocrx_word' id='word_1_199' title='bbox 2389 2475 2443 2516; x_wconf 76' lang='lat'><strong>25</strong></span> 
     </span>
     <span class='ocr_line' id='line_1_29' title="bbox 351 2543 2360 2629; baseline 0 -21"><span class='ocrx_word' id='word_1_200' title='bbox 351 2544 639 2629; x_wconf 85' lang='lat' dir='ltr'><strong>graviter</strong></span> <span class='ocrx_word' id='word_1_201' title='bbox 685 2547 1024 2627; x_wconf 85' lang='lat' dir='ltr'><strong>aegrotare</strong></span> <span class='ocrx_word' id='word_1_202' title='bbox 1067 2543 1242 2607; x_wconf 89' lang='lat' dir='ltr'><strong>filius</strong></span> <span class='ocrx_word' id='word_1_203' title='bbox 1286 2543 1597 2627; x_wconf 89' lang='lat' dir='ltr'><strong>coeperit,</strong></span> <span class='ocrx_word' id='word_1_204' title='bbox 1640 2564 1772 2607; x_wconf 91' lang='lat' dir='ltr'><strong>non</strong></span> <span class='ocrx_word' id='word_1_205' title='bbox 1818 2544 1906 2607; x_wconf 89' lang='lat' dir='ltr'><strong>sit</strong></span> <span class='ocrx_word' id='word_1_206' title='bbox 1951 2547 2178 2609; x_wconf 90' lang='lat' dir='ltr'><strong>contra</strong></span> <span class='ocrx_word' id='word_1_207' title='bbox 2223 2545 2360 2609; x_wconf 83' lang='lat' dir='ltr'><strong>offi-</strong></span> 
     </span>
     <span class='ocr_line' id='line_1_30' title="bbox 349 2630 2361 2723; baseline 0.001 -27"><span class='ocrx_word' id='word_1_208' title='bbox 349 2632 518 2696; x_wconf 90' lang='lat' dir='ltr'><strong>cium</strong></span> <span class='ocrx_word' id='word_1_209' title='bbox 562 2653 695 2695; x_wconf 92' lang='lat' dir='ltr'><strong>non</strong></span> <span class='ocrx_word' id='word_1_210' title='bbox 736 2631 980 2718; x_wconf 56' lang='lat' dir='ltr'><strong>facere,</strong></span> <span class='ocrx_word' id='word_1_211' title='bbox 1013 2630 1184 2713; x_wconf 92' lang='lat' dir='ltr'><strong>quod</strong></span> <span class='ocrx_word' id='word_1_212' title='bbox 1229 2630 1482 2714; x_wconf 83' lang='lat' dir='ltr'><strong>dixeris,</strong></span> <span class='ocrx_word' id='word_1_213' title='bbox 1528 2631 1865 2716; x_wconf 85' lang='lat' dir='ltr'><strong>magisque</strong></span> <span class='ocrx_word' id='word_1_214' title='bbox 1901 2632 2180 2723; x_wconf 58' lang='lat' dir='ltr'><strong>illescui</strong></span> <span class='ocrx_word' id='word_1_215' title='bbox 2216 2655 2361 2717; x_wconf 89' lang='lat' dir='ltr'><strong>pro-</strong></span> 
     </span>
     <span class='ocr_line' id='line_1_31' title="bbox 349 2718 2361 2810; baseline 0.002 -28"><span class='ocrx_word' id='word_1_216' title='bbox 349 2718 620 2782; x_wconf 89' lang='lat' dir='ltr'><strong>missum</strong></span> <span class='ocrx_word' id='word_1_217' title='bbox 667 2718 787 2810; x_wconf 60' lang='lat' dir='ltr'><strong>sits</strong></span> <span class='ocrx_word' id='word_1_218' title='bbox 817 2718 898 2782; x_wconf 89' lang='lat' dir='ltr'><strong>ab</strong></span> <span class='ocrx_word' id='word_1_219' title='bbox 948 2718 1159 2783; x_wconf 90' lang='lat' dir='ltr'><strong>officio</strong></span> <span class='ocrx_word' id='word_1_220' title='bbox 1207 2718 1520 2801; x_wconf 89' lang='lat' dir='ltr'><strong>discedat,</strong></span> <span class='ocrx_word' id='word_1_221' title='bbox 1567 2720 1625 2782; x_wconf 88' lang='lat' dir='ltr'><strong>si</strong></span> <span class='ocrx_word' id='word_1_222' title='bbox 1669 2741 1738 2783; x_wconf 87' lang='lat' dir='ltr'><strong>se</strong></span> <span class='ocrx_word' id='word_1_223' title='bbox 1785 2720 2164 2785; x_wconf 88' lang='lat' dir='ltr'><strong>destitutum</strong></span> <span class='ocrx_word' id='word_1_224' title='bbox 2212 2743 2361 2805; x_wconf 91' lang='lat' dir='ltr'><strong>que-</strong></span> 
     </span>
     <span class='ocr_line' id='line_1_32' title="bbox 348 2805 2360 2892; baseline 0.002 -22"><span class='ocrx_word' id='word_1_225' title='bbox 348 2810 548 2871; x_wconf 89' lang='lat' dir='ltr'><strong>ratur.</strong></span> <span class='ocrx_word' id='word_1_226' title='bbox 619 2805 760 2871; x_wconf 88' lang='lat' dir='ltr'><strong>Iam</strong></span> <span class='ocrx_word' id='word_1_227' title='bbox 797 2805 931 2869; x_wconf 89' lang='lat' dir='ltr'><strong>illis</strong></span> <span class='ocrx_word' id='word_1_228' title='bbox 967 2806 1306 2890; x_wconf 88' lang='lat' dir='ltr'><strong>promissis</strong></span> <span class='ocrx_word' id='word_1_229' title='bbox 1345 2806 1647 2871; x_wconf 86' lang='lat' dir='ltr'><strong>standum</strong></span> <span class='ocrx_word' id='word_1_230' title='bbox 1684 2829 1815 2872; x_wconf 92' lang='lat' dir='ltr'><strong>non</strong></span> <span class='ocrx_word' id='word_1_231' title='bbox 1851 2829 1991 2872; x_wconf 90' lang='lat' dir='ltr'><strong>esse</strong></span> <span class='ocrx_word' id='word_1_232' title='bbox 2039 2809 2183 2892; x_wconf 90' lang='lat' dir='ltr'><strong>quis</strong></span> <span class='ocrx_word' id='word_1_233' title='bbox 2226 2832 2360 2875; x_wconf 89' lang='lat' dir='ltr'><strong>non</strong></span> 
     </span>
     <span class='ocr_line' id='line_1_33' title="bbox 348 2894 2443 2984; baseline -0.001 -24"><span class='ocrx_word' id='word_1_234' title='bbox 348 2895 567 2984; x_wconf 49' lang='lat' dir='ltr'><strong>videts</strong></span> <span class='ocrx_word' id='word_1_235' title='bbox 617 2916 779 2978; x_wconf 90' lang='lat' dir='ltr'><strong>quae</strong></span> <span class='ocrx_word' id='word_1_236' title='bbox 835 2897 1095 2959; x_wconf 90' lang='lat' dir='ltr'><strong>coactus</strong></span> <span class='ocrx_word' id='word_1_237' title='bbox 1161 2894 1304 2977; x_wconf 94' lang='lat' dir='ltr'><strong>quis</strong></span> <span class='ocrx_word' id='word_1_238' title='bbox 1362 2900 1566 2979; x_wconf 88' lang='lat' dir='ltr'><strong>metu,</strong></span> <span class='ocrx_word' id='word_1_239' title='bbox 1631 2917 1793 2979; x_wconf 90' lang='lat' dir='ltr'><strong>quae</strong></span> <span class='ocrx_word' id='word_1_240' title='bbox 1849 2896 2151 2981; x_wconf 88' lang='lat' dir='ltr'><strong>deceptus</strong></span> <span class='ocrx_word' id='word_1_241' title='bbox 2208 2897 2357 2963; x_wconf 93' lang='lat' dir='ltr'><strong>dolo</strong></span> <span class='ocrx_word' id='word_1_242' title='bbox 2387 2916 2443 2957; x_wconf 79' lang='lat' dir='ltr'><strong>ao</strong></span> 
     </span>
     <span class='ocr_line' id='line_1_34' title="bbox 346 2982 2359 3069; baseline 0.001 -21"><span class='ocrx_word' id='word_1_243' title='bbox 346 2982 762 3069; x_wconf 77' lang='lat' dir='ltr'><strong>promiserit?</strong></span> <span class='ocrx_word' id='word_1_244' title='bbox 809 3004 972 3066; x_wconf 90' lang='lat' dir='ltr'><strong>quae</strong></span> <span class='ocrx_word' id='word_1_245' title='bbox 1010 2982 1264 3066; x_wconf 88' lang='lat' dir='ltr'><strong>quidem</strong></span> <span class='ocrx_word' id='word_1_246' title='bbox 1300 2984 1609 3068; x_wconf 91' lang='lat' dir='ltr'><strong>pleraque</strong></span> <span class='ocrx_word' id='word_1_247' title='bbox 1654 2984 1792 3048; x_wconf 90' lang='lat' dir='ltr'><strong>iure</strong></span> <span class='ocrx_word' id='word_1_248' title='bbox 1836 2986 2164 3069; x_wconf 92' lang='lat' dir='ltr'><strong>praetorio</strong></span> <span class='ocrx_word' id='word_1_249' title='bbox 2203 2986 2359 3050; x_wconf 90' lang='lat' dir='ltr'><strong>libe-</strong></span> 
     </span>
     <span class='ocr_line' id='line_1_35' title="bbox 347 3072 1323 3156; baseline 0 -20"><span class='ocrx_word' id='word_1_250' title='bbox 347 3076 603 3154; x_wconf 90' lang='lat' dir='ltr'><strong>rantur,</strong></span> <span class='ocrx_word' id='word_1_251' title='bbox 645 3093 778 3136; x_wconf 92' lang='lat' dir='ltr'><strong>non</strong></span> <span class='ocrx_word' id='word_1_252' title='bbox 820 3072 1003 3135; x_wconf 93' lang='lat' dir='ltr'><strong>nulla</strong></span> <span class='ocrx_word' id='word_1_253' title='bbox 1049 3072 1323 3156; x_wconf 87' lang='lat' dir='ltr'><strong>legibus.</strong></span> 
     </span>
    </p>

    <p class='ocr_par' dir='ltr' id='par_1_9' title="bbox 343 3160 2438 3606">
     <span class='ocr_line' id='line_1_36' title="bbox 479 3160 2359 3245; baseline 0.002 -22"><span class='ocrx_word' id='word_1_254' title='bbox 479 3160 789 3224; x_wconf 85' lang='lat' dir='ltr'><strong>Existunt</strong></span> <span class='ocrx_word' id='word_1_255' title='bbox 834 3160 1032 3224; x_wconf 89' lang='lat' dir='ltr'><strong>etiam</strong></span> <span class='ocrx_word' id='word_1_256' title='bbox 1078 3182 1269 3244; x_wconf 90' lang='lat' dir='ltr'><strong>saepe</strong></span> <span class='ocrx_word' id='word_1_257' title='bbox 1304 3160 1578 3225; x_wconf 88' lang='lat' dir='ltr'><strong>iniuriae</strong></span> <span class='ocrx_word' id='word_1_258' title='bbox 1616 3160 1938 3226; x_wconf 90' lang='lat' dir='ltr'><strong>calumnia</strong></span> <span class='ocrx_word' id='word_1_259' title='bbox 1977 3162 2256 3245; x_wconf 89' lang='lat' dir='ltr'><strong>quadam</strong></span> <span class='ocrx_word' id='word_1_260' title='bbox 2292 3167 2359 3227; x_wconf 91' lang='lat' dir='ltr'><strong>et</strong></span> 
     </span>
     <span class='ocr_line' id='line_1_37' title="bbox 343 3247 2359 3335; baseline 0.001 -23"><span class='ocrx_word' id='word_1_261' title='bbox 343 3247 540 3312; x_wconf 90' lang='lat' dir='ltr'><strong>nimis</strong></span> <span class='ocrx_word' id='word_1_262' title='bbox 587 3248 843 3330; x_wconf 89' lang='lat' dir='ltr'><strong>callida,</strong></span> <span class='ocrx_word' id='word_1_263' title='bbox 887 3248 1000 3312; x_wconf 89' lang='lat' dir='ltr'><strong>sed</strong></span> <span class='ocrx_word' id='word_1_264' title='bbox 1044 3248 1377 3313; x_wconf 89' lang='lat' dir='ltr'><strong>malitiosa</strong></span> <span class='ocrx_word' id='word_1_265' title='bbox 1419 3248 1579 3313; x_wconf 89' lang='lat' dir='ltr'><strong>iuris</strong></span> <span class='ocrx_word' id='word_1_266' title='bbox 1624 3249 2176 3335; x_wconf 86' lang='lat' dir='ltr'><strong>interpretatione.</strong></span> <span class='ocrx_word' id='word_1_267' title='bbox 2255 3249 2359 3317; x_wconf 81' lang='lat' dir='ltr'><strong>Ex</strong></span> 
     </span>
     <span class='ocr_line' id='line_1_38' title="bbox 347 3333 2438 3419; baseline 0.002 -20"><span class='ocrx_word' id='word_1_268' title='bbox 347 3357 474 3419; x_wconf 93' lang='lat' dir='ltr'><strong>quo</strong></span> <span class='ocrx_word' id='word_1_269' title='bbox 529 3336 694 3401; x_wconf 90' lang='lat' dir='ltr'><strong>illud</strong></span> <span class='ocrx_word' id='word_1_270' title='bbox 749 3333 1158 3401; x_wconf 78' lang='lat' dir='ltr'><strong>‘Summum</strong></span> <span class='ocrx_word' id='word_1_271' title='bbox 1210 3336 1330 3401; x_wconf 89' lang='lat' dir='ltr'><strong>ius</strong></span> <span class='ocrx_word' id='word_1_272' title='bbox 1395 3359 1685 3401; x_wconf 89' lang='lat' dir='ltr'><strong>summa</strong></span> <span class='ocrx_word' id='word_1_273' title='bbox 1737 3338 2056 3402; x_wconf 90' lang='lat' dir='ltr'><strong>iniuria&#39;</strong></span> <span class='ocrx_word' id='word_1_274' title='bbox 2111 3338 2357 3403; x_wconf 89' lang='lat' dir='ltr'><strong>factum</strong></span> <span class='ocrx_word' id='word_1_275' title='bbox 2385 3356 2438 3397; x_wconf 76' lang='lat'><strong>³⁵</strong></span> 
     </span>
     <span class='ocr_line' id='line_1_39' title="bbox 347 3423 2357 3512; baseline 0.001 -26"><span class='ocrx_word' id='word_1_276' title='bbox 347 3427 447 3486; x_wconf 89' lang='lat' dir='ltr'><strong>est</strong></span> <span class='ocrx_word' id='word_1_277' title='bbox 492 3424 623 3488; x_wconf 87' lang='lat' dir='ltr'><strong>iam</strong></span> <span class='ocrx_word' id='word_1_278' title='bbox 668 3423 898 3488; x_wconf 89' lang='lat' dir='ltr'><strong>tritum</strong></span> <span class='ocrx_word' id='word_1_279' title='bbox 945 3446 1239 3489; x_wconf 89' lang='lat' dir='ltr'><strong>sermone</strong></span> <span class='ocrx_word' id='word_1_280' title='bbox 1283 3425 1732 3510; x_wconf 87' lang='lat' dir='ltr'><strong>proverbium..</strong></span> <span class='ocrx_word' id='word_1_281' title='bbox 1824 3425 1963 3500; x_wconf 86' lang='lat' dir='ltr'><strong>Quo</strong></span> <span class='ocrx_word' id='word_1_282' title='bbox 2009 3427 2079 3491; x_wconf 91' lang='lat' dir='ltr'><strong>in</strong></span> <span class='ocrx_word' id='word_1_283' title='bbox 2124 3447 2357 3512; x_wconf 87' lang='lat' dir='ltr'><strong>genere</strong></span> 
     </span>
     <span class='ocr_line' id='line_1_40' title="bbox 345 3509 2357 3606; baseline 0.002 -31"><span class='ocrx_word' id='word_1_284' title='bbox 345 3509 543 3575; x_wconf 89' lang='lat' dir='ltr'><strong>etiam</strong></span> <span class='ocrx_word' id='word_1_285' title='bbox 589 3511 659 3575; x_wconf 89' lang='lat' dir='ltr'><strong>in</strong></span> <span class='ocrx_word' id='word_1_286' title='bbox 693 3534 763 3576; x_wconf 94' lang='lat' dir='ltr'><strong>re</strong></span> <span class='ocrx_word' id='word_1_287' title='bbox 798 3512 1059 3597; x_wconf 87' lang='lat' dir='ltr'><strong>publica</strong></span> <span class='ocrx_word' id='word_1_288' title='bbox 1095 3513 1304 3577; x_wconf 90' lang='lat' dir='ltr'><strong>multa</strong></span> <span class='ocrx_word' id='word_1_289' title='bbox 1344 3517 1705 3599; x_wconf 87' lang='lat' dir='ltr'><strong>peccantur,</strong></span> <span class='ocrx_word' id='word_1_290' title='bbox 1751 3518 1825 3578; x_wconf 88' lang='lat' dir='ltr'><strong>ut</strong></span> <span class='ocrx_word' id='word_1_291' title='bbox 1859 3515 2004 3606; x_wconf 63' lang='lat' dir='ltr'><strong>illes</strong></span> <span class='ocrx_word' id='word_1_292' title='bbox 2039 3515 2165 3599; x_wconf 92' lang='lat' dir='ltr'><strong>qui,</strong></span> <span class='ocrx_word' id='word_1_293' title='bbox 2211 3536 2357 3580; x_wconf 89' lang='lat' dir='ltr'><strong>cum</strong></span> 
     </span>
    </p>
   </div>
  </div>
 </body>
</html>
