2630 3913
305 199 435 262 366
1079 193 1531 250 FRAGMENTA

306 359 429 424 Sed
469 360 643 441 quali
674 364 893 441 portas
935 359 1219 439 firmatas
1263 357 1447 420 obiice
1489 355 1648 420 clavi

310 447 583 513 Occludit
622 449 800 512 vectis
844 447 1029 525 bifori
1070 446 1164 509 vis
1208 445 1414 509 obdita
1457 445 1693 525 valvae,

312 537 498 600 Talia
540 541 600 601 et
639 535 798 599 hauc
840 536 1024 598 etiam
1060 533 1234 614 prive
1277 534 1548 613 disposta
1591 533 1868 614 liyuraut

308 624 559 689 Sidera:
605 628 661 687 et
702 625 842 705 ipsa
884 623 1032 686 adeo
1072 622 1274 702 passis
1318 621 1685 685 distenditur
1727 621 1921 703 uluis,

308 714 454 777 Non
498 732 663 777 secus
706 731 778 775 ae
820 715 1040 775 sortem
1081 714 1266 773 natae
1308 710 1628 773 miseretur
1669 709 1967 789 iniquam.
2211 724 2333 775 200

395 800 579 866 Hanc
626 801 841 863 autem
885 797 1148 861 inlustri
1191 800 1488 861 versatur
1532 817 1799 880 corpore
1843 800 2114 882 propter

307 887 790 952 Andromeda
836 886 1175 972 aufugiens
1222 887 1557 970 aspectum
1601 888 1852 948 maesta
1895 885 2216 970 parentis·

312 978 513 1056 Quam
555 997 680 1040 uon
723 976 1017 1041 sollicitus
1058 979 1239 1039 noctu
1283 974 1454 1038 labor
1496 974 1878 1054 inquiruudi.

311 1066 469 1129 Ta'm
513 1064 752 1129 claoum
795 1068 978 1146 eaput
1018 1068 1128 1140 est,
1174 1068 1302 1126 tam
1343 1081 1566 1144 maquo
1608 1062 1802 1125 sidere
1844 1062 2118 1143 flayrant

307 1153 509 1217 Ambo
550 1152 818 1235 humeri,
862 1152 1200 1232 summique
1230 1151 1439 1233 pedes,
1481 1154 1777 1231 vestesque
1818 1151 2115 1230 flueuteis.
2214 1165 2333 1214 205

308 1241 484 1306 Haec
527 1242 712 1305 etiam
755 1242 826 1304 in
866 1240 1078 1304 varias
1121 1239 1412 1303 distendit
1452 1237 1704 1301 brachia
1736 1243 1972 1319 partes,

323 1330 514 1411 thue
545 1330 755 1411 prius,
800 1329 890 1393 sic
930 1348 1096 1393 nunc
1138 1328 1210 1390 iu
1253 1346 1475 1408 maqno
1517 1326 1766 1390 vincula
1807 1327 2034 1391 mundo

311 1418 458 1482 Non
501 1418 769 1482 relevant
810 1418 964 1480 duro
1008 1416 1271 1494 defessas
1303 1415 1573 1496 pondere
1604 1415 1873 1496 palmas.

396 1505 566 1569 Huic
609 1504 869 1589 Equus
914 1503 1028 1567 ille
1072 1503 1292 1568 iubam
1341 1501 1634 1586 quatiens
1680 1501 1937 1588 fulgore
1983 1501 2254 1566 micantl

311 1592 647 1658 Summum
692 1592 1013 1677 contingit
1050 1594 1245 1675 caput
1281 1590 1449 1672 alm,
1495 1590 1811 1674 stellaque
1849 1590 2122 1676 iungens
2217 1605 2337 1657 210

310 1680 459 1746 Una
504 1685 683 1745 tenet
730 1680 1016 1764 duplices
1063 1679 1387 1745 communi
1433 1678 1674 1742 lumine
1717 1678 1962 1742 formas

313 1771 665 1835 Aeternum
713 1790 787 1832 ex
835 1767 1029 1832 astris
1075 1766 1337 1851 cupiens
1384 1770 1714 1831 conectere
1759 1766 2016 1831 nodum.

311 1858 434 1922 Sed
476 1857 663 1939 latus,
707 1861 886 1937 atque
928 1875 1134 1919 armos
1177 1856 1511 1937 depinquut
1553 1860 1727 1919 terna
1769 1855 2016 1938 caballi,

312 1945 579 2026 Aequali
620 1966 663 2009 a
704 1964 827 2009 sese
869 1944 1093 2027 spatio,
1138 1965 1292 2025 quae
1335 1945 1564 2025 sidera,
1609 1944 1867 2022 distant,

312 2035 567 2099 Eximio
608 2033 867 2116 fulqore,
912 2032 1128 2113 quibus
1162 2053 1291 2114 par
1333 2053 1441 2097 uec
1483 2038 1666 2114 caput
1706 2034 1902 2097 altum
2217 2047 2336 2098 215

313 2122 442 2187 Nec
486 2122 668 2203 lonqa
709 2126 799 2186 est
843 2123 1044 2186 cervix
1058 2142 1080 2184 .·
1124 2122 1454 2204 slayrautis
1497 2127 1566 2185 at
1606 2121 1828 2185 ultima
1871 2121 2072 2184 malae

316 2211 616 2290 Quattuor
658 2209 755 2274 his
799 2210 946 2275 aliis
988 2230 1115 2274 uon
1158 2212 1327 2273 cedat
1367 2210 1541 2274 stella
1584 2211 1807 2289 nitore,

312 2299 640 2381 Fulyentes
683 2300 843 2363 iuter
887 2298 1092 2362 stellas
1135 2299 1339 2362 media
1379 2299 1519 2379 ipsa
1562 2298 1882 2379 refulqens.

314 2387 461 2451 Non
504 2388 776 2468 equidem
818 2387 916 2450 hic
958 2388 1326 2467 quadrupes,
1372 2407 1580 2450 verum
1622 2387 1823 2450 media
1867 2390 2039 2449 tenus
2082 2384 2223 2449 alvo

316 2474 688 2558 Conspicuus
721 2475 964 2556 profert
1003 2476 1242 2555 sonipes
1284 2474 1645 2538 venerabilis
1689 2494 1816 2538 ora.
2218 2488 2338 2540 220

315 2564 503 2629 Hunc
542 2563 722 2644 fama
763 2568 852 2626 est
893 2563 1042 2626 olim
1072 2567 1326 2644 propter
1368 2564 1516 2643 iuqa
1558 2582 1806 2626 summa
1848 2562 2198 2640 Heliconis,

315 2652 844 2733 Hippocrenaeum
888 2650 1060 2714 uobis
1103 2652 1359 2715 donasse
1403 2651 1725 2732 liquorem:

318 2740 491 2803 Tunc
533 2740 805 2802 nondum
849 2737 1046 2802 Aonii
1089 2734 1375 2803 maduere
1416 2739 1682 2801 virentia
1724 2738 1950 2802 montis

312 2827 641 2892 Faecuudo
686 2826 892 2890 latice:
937 2831 1010 2890 ut
1046 2828 1321 2908 qenerosi
1354 2827 1572 2907 prima
1614 2826 1837 2890 caballi

326 2916 570 2999 Unqula
611 2915 867 2979 humum
907 2914 1104 2995 feriit,
1149 2915 1336 2979 simul
1379 2916 1591 2997 inqeus
1623 2915 1901 2996 prosiliit
1939 2913 2106 2994 fons,
2221 2928 2339 2978 225

326 3003 495 3070 Unde
541 3002 1011 3069 Gaballiuum
1042 3004 1243 3084 primi
1286 3004 1548 3067 vocitare
1592 3003 1862 3067 bubulci:

311 3093 435 3157 Ille
477 3094 718 3173 quidem
760 3091 1005 3156 stillans
1048 3111 1079 3155 e
1121 3092 1294 3156 saxis
1337 3092 1565 3173 irriyat
1606 3111 1784 3173 aqros

315 3180 585 3261 Thespia
629 3185 791 3243 terra
838 3185 1003 3243 tuos:
1047 3180 1153 3243 sed
1192 3179 1413 3259 Equus
1452 3199 1568 3260 pro
1612 3200 1861 3243 munere
1905 3182 2074 3242 tauto

313 3268 603 3332 Exornat
643 3268 854 3349 maqni
887 3267 1234 3348 penetralia
1278 3268 1482 3331 lucida
1527 3268 1694 3331 caeli.

399 3354 567 3418 Exin
613 3355 928 3418 contortis
975 3354 1199 3418 Aries
1247 3377 1393 3419 cum
1439 3355 1737 3420 cornibus
1783 3354 2042 3436 haeret,
2157 3383 2161 3387 ·
2223 3368 2344 3419 230

452 3539 519 3594 V.
558 3546 658 3593 201
683 3559 780 3609 sq.,
820 3549 922 3597 209
946 3561 1080 3611 sqq.‚
1119 3549 1221 3597 230
1261 3544 1371 3599 Cic.
1412 3544 1486 3598 N.
1526 3544 1600 3598 D.
1639 3544 1718 3597 ΙΙ
1746 3549 1832 3599 43.
1873 3549 1992 3599 111.
