2630 3913
370 247 501 310 422
759 245 838 300 IN
877 245 934 303 C.
974 245 1381 300 SALUSTIUM
1418 245 1990 302 CONTROVERSIA„

369 408 561 495 gulae
615 407 1109 493 impudicissimi
1171 408 1460 493 corporis
1526 411 1832 492 quaestus
1898 407 2190 472 sufficere
2254 431 2391 474 non

369 497 586 581 potuit
641 501 707 561 et
763 500 941 562 aetas
999 501 1113 561 tua
1156 497 1287 560 iam
1336 496 1418 560 ad
1463 517 1540 560 ea
1583 495 1915 581 patienda,
1973 518 2137 580 quae
2191 497 2390 561 alteri

367 586 579 651 facere
634 585 1061 666 collibuisset,
1124 585 1520 666 exoleverat,
1584 584 2047 669 cupiditatibus
2110 585 2388 650 infinitis

371 674 767 757 efferebaris,
820 677 920 754 ut,
980 695 1143 757 quae
1189 673 1329 757 ipse
1376 672 1633 757 corpori
1676 676 1791 737 tuo
1837 673 2057 757 turpia
2098 695 2233 737 non
2279 674 2391 737 du·

272 779 333 827 14
370 763 601 844 xisseS,
663 762 733 826 in
797 761 941 825 aliis
1005 761 1404 846 experireris
1503 759 1607 825 Ita
1669 783 1803 825 non
1865 765 1966 825 est
2026 760 2220 826 facile
2283 784 2389 826 ex·
2440 783 2463 821 ε

368 854 625 935 putare,
679 854 898 934 patres
946 850 1323 933 conscripti,
1378 852 1596 913 utrum
1650 849 2205 914 inhonestioribus
2252 871 2389 915 cor-

369 940 546 1023 poris
603 939 899 1023 partibus
955 961 1092 1002 rem
1148 937 1497 1021 quaesierit
1553 960 1637 1001 an
1694 937 2001 1002 amiserit.
2098 936 2387 1002 Domum

367 1032 708 1112 paternam
763 1027 912 1091 vivo
969 1030 1154 1111 patre
1209 1026 1507 1090 venalem
1570 1026 1827 1108 habuit,
1891 1025 2195 1090 vendidit.
2297 1025 2390 1090 Et

372 1116 669 1200 cuiquam
717 1114 981 1179 dubium
1026 1117 1245 1199 potest
1292 1135 1451 1197 esse,
1499 1114 1651 1197 quin
1695 1113 1863 1178 mori
1899 1114 2183 1198 coegerit
2219 1136 2390 1194 eum,

372 1226 498 1287 quo
553 1202 659 1268 hic
711 1203 996 1268 nondum
1052 1206 1308 1267 mortuo
1354 1225 1475 1287 pro
1521 1202 1753 1266 herede
1800 1202 2077 1288 gesserit
2122 1203 2389 1266 omnia‘?
2420 1222 2468 1262 10

368 1291 596 1377 Neque
650 1292 848 1377 pudet
903 1313 1049 1356 eum
1095 1313 1135 1355 a
1188 1313 1290 1355 me
1347 1312 1680 1374 quaerere,
1736 1291 1878 1374 quis
1932 1290 2001 1353 in
2045 1289 2117 1354 P.
2164 1288 2389 1355 Crassi

371 1381 560 1446 domo
625 1381 910 1461 habitet,
986 1402 1131 1444 cum
1203 1379 1344 1464 ipse
1405 1379 1792 1463 respondere
1854 1382 2165 1462 nequeat,
2242 1379 2387 1463 quis

368 1470 437 1533 in
490 1469 696 1553 ipsius
751 1468 1007 1533 habitet
1060 1471 1334 1552 paterna
1385 1467 1593 1531 domo,
1682 1466 1775 1530 At
1819 1466 2113 1531 hercules
2160 1467 2385 1551 lapsus

371 1558 606 1622 aetatis
651 1557 952 1621 tirocinio
999 1560 1228 1641 postea
1274 1578 1344 1620 se
1389 1555 1684 1620 correxit.
1773 1553 1924 1619 Non
1966 1554 2062 1618 ita
2109 1559 2228 1636 est,
2275 1555 2388 1620 sed

373 1646 536 1710 abiit
579 1646 646 1709 in
695 1645 1072 1710 sodalicium
1120 1644 1447 1730 sacrilegii
1481 1642 1832 1728 Nigidiani,
1879 1642 1980 1707 bis
2026 1643 2257 1708 iudicis
2306 1644 2389 1708 ad
2417 1661 2465 1701 1⁵

372 1734 684 1798 subsellia
722 1731 1041 1798 attractus
1079 1736 1368 1797 extrema
1405 1732 1666 1796 fortuna
1704 1731 1890 1795 stetit
1927 1734 1993 1795 et
2029 1732 2126 1795 ita
2154 1732 2387 1796 disces-

374 1823 487 1904 s'it,
542 1825 616 1884 ut
668 1843 802 1885 non
853 1820 960 1885 hic
1013 1822 1318 1884 innocens
1376 1841 1543 1901 0330,
1598 1819 1711 1884 sed
1763 1819 2004 1884 iudices
2060 1820 2387 1904 peierasse

274 1926 332 1974 15
372 1909 912 1974 existimarentur.
994 1907 1284 1972 Primum
1331 1908 1645 1973 honorem
1684 1909 1754 1973 in
1800 1911 2151 1992 quaestura
2197 1908 2387 1993 adep·

371 2002 476 2061 tus
534 1997 580 2078 †
636 2000 892 2061 secutus
949 2001 1048 2060 est
1103 1997 1273 2061 hunc
1327 1998 1539 2062 locum
1587 2000 1652 2061 et
1704 1997 1875 2062 hunc
1931 1997 2221 2061 ordinem
2277 1997 2388 2061 de-

372 2089 646 2171 spectuS,
694 2085 873 2150 cuius
921 2085 1134 2149 aditus
1182 2086 1308 2150 sibi
1356 2107 1607 2170 quoque
1655 2085 2099 2150 sordidissimo
2136 2085 2388 2149 homini
2415 2103 2463 2142 20

369 2174 707 2259 patuisset.
795 2173 1027 2258 Itaque
1072 2174 1309 2238 timens
1320 2225 1337 2256 ,
1391 2196 1471 2241 ne
1525 2173 1815 2238 facinora
1870 2174 2006 2237 eius
2053 2174 2221 2238 clam
2267 2195 2385 2237 vos

371 2266 606 2341 essent,
652 2286 798 2327 cum
845 2263 1143 2328 omnibus
1188 2266 1473 2328 matrum
1517 2261 1915 2327 familiarum
1951 2262 2110 2326 viris
2152 2284 2388 2346 oppro-

369 2352 514 2416 brio
562 2355 752 2435 esset,
798 2352 1128 2416 confessus
1175 2354 1276 2415 est
1321 2351 1506 2416 vobis
1551 2349 1958 2415 audientibus
1997 2350 2387 2415 adulterium

293 2439 334 2502 6
370 2462 577 2525 neque
624 2439 882 2504 erubuit
932 2462 1047 2503 ora
1091 2443 1327 2503 vestra.
1418 2437 1702 2521 VixeriS,
1755 2442 1830 2502 ut
1874 2438 2063 2522 libet,
2119 2436 2386 2522 Salusti,

372 2528 609 2614 egeriS,
665 2549 827 2612 quae
872 2527 1182 2610 volueris3
1238 2527 1398 2591 satis
1451 2527 1540 2591 sit
1584 2549 1784 2591 unum
1827 2530 1895 2591 te
1940 2530 2203 2591 tuorum
2249 2548 2386 2591 sce-
2415 2543 2465 2583 2⁵

369 2616 578 2680 lerum
616 2638 755 2680 esse
794 2616 1156 2700 conscium·²
1182 2615 1320 2679 noli
1355 2616 1544 2679 nobis
1572 2615 1955 2701 languorem
1983 2618 2050 2678 et
2083 2636 2386 2699 soporem

368 2705 640 2768 nimium
686 2704 1102 2788 exprobrare3
1149 2725 1372 2767 sumus
1420 2703 1763 2790 diligentes
1809 2702 1879 2767 in
1922 2703 2163 2767 tuenda
2200 2703 2389 2786 pudi-

371 2792 526 2857 citia
560 2814 833 2856 uxorum
868 2796 1257 2870 nostrarum,
1304 2792 1416 2856 sed
1451 2792 1549 2856 ita
1583 2791 1939 2876 experrecti
1974 2813 2107 2855 non
2141 2812 2386 2872 311111113,

370 2884 445 2946 111
499 2904 539 2945 a
590 2885 656 2945 te
712 2903 939 2946 cavere
991 2882 1345 2965 possimus3
1410 2881 1676 2945 audacia
1739 2883 1854 2944 tua
1911 2879 2114 2945 vincit
2168 2879 2387 2944 studia

274 2985 333 3034 16
369 2974 611 3035 nostra.
684 2969 952 3053 Ecquod
988 2970 1159 3035 hunc
1194 2991 1454 3034 movere
1489 2969 1720 3054 possit,
1755 2971 1977 3052 patres
2015 2967 2385 3052 conscripti,
2413 2983 2465 3024 οὐ

367 3058 613 3123 factum
661 3059 885 3123 auditu
930 3061 1137 3142 turpe,
1185 3080 1376 3143 quem
1420 3079 1553 3121 non
1598 3057 1899 3141 puduerit
1939 3056 2160 3140 palam
2198 3056 2385 3120 vobis

370 3147 779 3212 audientibus
827 3146 1217 3211 adulterium
1262 3146 1598 3211 confiteri?
1663 3143 1908 3220 Quodsi
1951 3144 2077 3208 tibi
2120 3166 2237 3228 per
2285 3165 2386 3208 me

367 3235 530 3299 nihil
587 3235 971 3319 respondere
1026 3235 1405 3317 voluissem,
1461 3233 1574 3298 sed
1628 3233 1792 3297 illud
1844 3232 2208 3298 censorium
2259 3232 2387 3296 elo·

370 3323 549 3406 gium
591 3323 765 3407 Appi
803 3321 1034 3387 Claudi
1071 3327 1136 3387 et
1172 3322 1242 3386 L.
1280 3322 1555 3405 PisoniS,
1601 3321 2169 3408 integerrimorum
2214 3320 2387 3384 viro-

368 3430 539 3490 rum,
606 3430 732 3492 quo
787 3432 941 3476 usus
997 3414 1097 3475 est
1153 3411 1425 3494 quisque
1480 3432 1730 3493 eorum,
1786 3431 1904 3494 pro
1962 3409 2108 3494 lege
2163 3409 2387 3493 palam
2416 3425 2467 3465 ³5

368 3496 684 3559 universis
723 3498 1080 3576 recitarem,
1117 3521 1330 3563 nonne
1369 3498 1491 3562 tibi
1525 3498 1777 3563 viderer
1806 3501 2101 3562 aeternas
2129 3497 2387 3561 inurere

369 3581 684 3661 maculae,
750 3606 908 3666 quas
974 3587 1225 3669 reliqua
1287 3588 1427 3651 vita
1489 3590 1605 3650 tua
1664 3587 1876 3650 eluere
1931 3607 2069 3649 non·
2114 3585 2385 3669 posset?
