2630 3913
362 170 495 233 296
1147 166 1599 223 FRAGMENTA

502 332 599 395 12.
638 331 800 396 Non.
826 351 894 413 Ρ.
922 335 1064 396 380.
1090 335 1179 396 29
1208 328 1540 395 ‘Relatum'
1577 330 1802 394 dicitur
1840 328 2207 411 εΡσενῑαίιωηζ
2250 330 2374 395 dic-

364 425 495 483 tum
550 440 593 483 a
650 420 741 490 M.
800 419 1002 483 Tullio
1065 420 1152 483 ad
1202 417 1525 483 Caesarem
1586 418 1889 483 iuniorem
1954 417 2053 482 lib.
2107 418 2182 481 I:
2246 414 2372 481 Sed

363 507 523 572 haec
565 506 926 572 videbimus
934 556 952 590 ,
997 529 1143 571 cum
1188 505 1393 592 legati
1437 527 1749 590 responsa
1793 505 2152 570 retulerint.

503 596 601 660 13.
647 596 810 660 Non.
847 616 914 677 Ρ.
959 599 1102 660 394.
1151 601 1193 659 7
1236 596 1334 659 M
1382 594 1623 659 Tullius
1675 596 1760 658 ad
1801 593 2122 658 Caesarem
2173 595 2374 662 iunio-
2578 657 2579 662 ,

364 706 492 749 rem
538 684 638 749 lib.
673 684 746 747 I:
793 705 936 748 cum
981 683 1106 747 iter
1140 681 1421 748 facerem
1456 682 1503 765 †
1539 686 1608 747 at
1644 681 1958 767 hiquiiam
1998 681 2375 747 Claternam
2434 700 2464 742 ⁵

364 775 751 857 tempestate
799 772 1234 857 spurcissima.
2578 773 2579 778 ’

502 860 601 924 14.
647 860 810 924 Non.
844 880 911 942 Ρ.
947 865 1088 925 419.
1127 864 1208 924 13
1251 861 1348 924 M.
1390 859 1632 924 Tullius
1675 860 1762 923 ad
1804 856 2128 924 Gaesarem
2169 859 2372 923 iunio·

363 969 492 1012 rem
530 947 628 1012 lib.
665 948 715 1011 I
717 969 738 1012 .·
785 948 895 1032 qui
941 948 998 1013 si
1040 947 1205 1012 nihil
1250 948 1333 1013 ad
1377 947 1444 1011 id
1489 946 1868 1011 beneficium
1913 946 2196 1029 adderes,
2244 967 2372 1030 quo

363 1058 479 1120 per
524 1039 590 1100 te
634 1057 737 1101 me
780 1058 910 1101 una
956 1059 1102 1102 cum
1145 1057 1215 1100 re
1261 1035 1523 1120 publica
1565 1035 1634 1099 in
1680 1035 2049 1100 libertatem
2096 1035 2375 1099 vindica-

366 1145 621 1188 vissem.
2407 1144 2460 1183 ιο

501 1213 600 1278 15.
638 1213 799 1278 Non.
824 1234 893 1295 Ρ.
920 1218 1062 1278 436.
1088 1218 1174 1277 17
1201 1210 1560 1295 ‘Iynoscere'
1596 1216 1655 1277 et
1690 1209 2041 1276 ‘concedere'
2077 1232 2254 1292 quem
2290 1214 2379 1276 ad

364 1303 609 1366 modum
654 1303 812 1366 inter
855 1322 918 1367 se
961 1303 1194 1383 distent,
1244 1302 1444 1382 aperit
1488 1300 1583 1364 M
1632 1300 1878 1365 Tullius
1921 1301 2007 1364 ad
2051 1299 2377 1365 Gaesarem

365 1392 663 1454 iuniorem
700 1390 797 1454 lib.
825 1390 899 1454 I:
937 1387 1120 1465 Quod
1157 1389 1319 1454 mihi
1356 1391 1421 1453 et
1452 1387 1755 1472 Philippo
1795 1387 2199 1452 vacationem
2238 1387 2374 1471 das,

363 1477 464 1542 bis
521 1478 798 1564 gaude03
857 1499 1011 1544 nam
1074 1480 1141 1542 et
1192 1477 1562 1562 praeteritis
1616 1476 1899 1562 ignoscis
1955 1479 2023 1541 et
2075 1477 2374 1541 concedis

362 1566 601 1631 futura.
2408 1583 2458 1622 15

500 1655 599 1720 16.
645 1654 808 1719 Non.
841 1675 909 1736 Ρ.
944 1657 1087 1719 538.
1130 1657 1220 1719 24
1263 1654 1360 1719 M.
1402 1653 1644 1717 Tullius
1686 1654 1773 1717 ad
1805 1650 2126 1718 Gaesarem
2169 1653 2374 1717 iunio·

362 1764 490 1807 rem
528 1743 626 1808 lib.
662 1741 713 1805 Ι
715 1763 738 1805 .·
776 1741 992 1806 Pridie
1026 1740 1249 1806 Nonas
1286 1740 1674 1805 Februarias
1712 1763 1855 1806 cum
1894 1741 1975 1805 ad
2012 1744 2079 1805 te
2115 1740 2376 1806 litteras

364 1853 552 1895 mane
600 1829 933 1913 dedissem,
979 1829 1276 1895 descendi
1322 1830 1403 1893 ad
1446 1828 1660 1893 forum
1706 1832 1993 1914 togatuS,
2037 1851 2184 1894 cum
2229 1830 2377 1895 reli-

365 1919 475 2004 qui
522 1918 891 1985 consulares
940 1918 1154 2003 sagati
1199 1918 1445 1983 vellent
1490 1917 1886 1982 descendere.

868 2073 969 2131 AD
1007 2073 1317 2129 EUNDEM
1354 2073 1575 2129 EPIST.
1613 2072 1750 2127 LIB.
1787 2072 1858 2128 H.
2392 2085 2452 2124 zo

501 2185 600 2248 17.
646 2185 891 2250 Nonius
920 2206 983 2268 Ρ.
1018 2189 1118 2250 33.
1153 2189 1235 2250 13
1269 2182 1366 2248 Μ.
1408 2183 1649 2248 Tullius
1692 2184 1779 2247 ad
1812 2179 2131 2248 Gaesarem
2175 2182 2371 2245 iunio·

363 2295 491 2338 rem
527 2274 926 2355 epistularum
963 2274 1061 2338 lib.
1096 2273 1187 2338 II
1189 2294 1211 2336 .·
1258 2272 1370 2336 sed
1415 2272 1510 2335 ita
1554 2271 1809 2335 locutus
1852 2270 2097 2333 insulse
2137 2274 2255 2354 est,
2299 2273 2375 2333 ut

365 2362 601 2426 mirum
646 2365 907 2426 senatus
954 2361 1312 2427 convicium
1360 2359 1694 2443 exceperit.

503 2452 599 2516 18.
646 2450 808 2516 Non.
842 2471 910 2533 Ρ.
955 2455 1055 2515 33.
1099 2454 1185 2515 21
1229 2448 1326 2514 M
1377 2448 1621 2512 Tullius
1673 2449 1759 2511 ad
1801 2445 2122 2513 Gaesarem
2171 2447 2374 2511 iunio·

364 2560 493 2604 rem
537 2538 627 2603 II
665 2539 851 2604 libro:
907 2538 976 2602 in
1024 2559 1149 2622 quo
1193 2540 1310 2601 tua
1355 2557 1459 2600 me
1503 2535 1882 2620 provocavit
1936 2534 2172 2618 orati0,
2229 2556 2377 2599 mea
2404 2552 2462 2594 2⁵

366 2630 710 2692 consecuta
756 2629 855 2691 est
902 2626 1135 2711 segniS.

502 2716 600 2779 19.
646 2716 810 2780 Non.
843 2735 910 2796 Ρ.
954 2718 1103 2779 273.
1148 2717 1193 2777 4
1236 2713 1333 2778 M.
1385 2711 1629 2776 Tullius
1683 2713 1769 2776 ad
1810 2709 2132 2776 Caesarem
2174 2711 2378 2776 iunio-

364 2824 493 2868 rem
539 2804 638 2868 lib.
683 2803 797 2866 II:
843 2825 989 2868 cum
1035 2804 1362 2867 constaret
1400 2799 1744 2866 Caesarem
1782 2799 2087 2884 Lupercis
2131 2798 2198 2862 id
2236 2820 2378 2864 vec·

366 2892 534 2978 tigal
582 2891 849 2956 dedisse.
941 2890 1065 2966 Qui
1110 2894 1325 2956 autem
1372 2892 1630 2974 poterat
1674 2888 1742 2952 id
1787 2887 2126 2953 constare?

501 2982 601 3045 20.
650 2980 811 3045 Non.
845 3002 913 3061 Ρ.
959 2983 1107 3045 288.
1142 2982 1229 3044 25
1264 2979 1359 3043 M
1401 2978 1642 3042 Tullius
1686 2978 1772 3041 ad
1811 2975 2131 3042 Caesarem
2173 2977 2379 3041 inmo·
2410 2994 2472 3034 so

365 3090 494 3134 rem
532 3069 630 3134 lib.
670 3068 759 3133 II
762 3089 783 3132 .·
835 3067 915 3132 ad
953 3071 1240 3132 statuam
1276 3066 1492 3132 nescio
1531 3065 1710 3130 cuius
1749 3063 1954 3149 Clodi,
2001 3086 2196 3148 quam
2234 3067 2381 3128 tum

366 3157 623 3222 restitui
676 3156 975 3222 iussisset
1019 3155 1310 3239 Ancone‚
1363 3154 1410 3238 †
1464 3177 1609 3219 oum
1662 3154 1819 3218 hero
1876 3153 2189 3218 deiectam
2234 3172 2381 3217 esse

367 3268 444 3310 ex
490 3249 753 3311 senatus
801 3245 1115 3311 consulto.

498 3334 600 3398 21.
646 3334 807 3399 Non.
842 3354 910 3415 Ρ.
946 3337 1094 3398 322.
1131 3336 1217 3397 12
1262 3331 1356 3395 Μ.
1399 3331 1641 3396 Tullius
1685 3331 1771 3394 ad
1814 3328 2135 3395 Gaeswrem
2178 3329 2384 3393 iunio·

365 3441 494 3486 rem
539 3422 637 3486 lib.
682 3421 798 3485 II:
843 3421 1158 3503 insolenS‚
1205 3440 1548 3505 arrogans,
1593 3418 1861 3482 iactanS.
2416 3433 2477 3476 ss

500 3507 601 3572 22.
648 3508 810 3572 Non.
844 3532 912 3586 Ρ.
947 3513 1094 3572 344.
1129 3513 1215 3574 21
1259 3508 1356 3573 M
1397 3507 1641 3572 Tullius
1685 3508 1771 3571 ad
1814 3503 2133 3572 Gaesarem
2176 3505 2383 3570 iunio·
