2630 3913
311 179 444 243 224
1157 176 1477 232 TIMAEUS

314 343 574 424 praeter
620 338 967 403 admodum
1012 359 1251 423 paucos
1297 359 1507 421 neque
1551 347 1811 403 nomine
1851 340 2188 424 appellant
2222 362 2329 406 ne-

317 449 438 511 que
483 427 655 491 inter
701 448 771 491 se
824 448 1091 491 numero
1147 427 1665 491 commetiuntur.
1753 426 1983 510 Itaque
2032 429 2328 492 nesciunt

315 516 434 581 hos
482 515 764 579 siderum
812 536 1061 579 errores
1106 514 1172 578 id
1216 514 1432 598 ipsum
1478 537 1645 598 esse,
1706 516 1876 599 quod
1921 516 2046 580 rite
2093 516 2356 581 dicitur·

313 608 587 688 tempus,
633 602 1044 666 multitudine
1081 602 1353 685 infinita,
1391 604 1705 667 varietate
1744 603 2113 668 admirabili
2147 626 2327 689 prae-

315 692 501 756 ditos.
567 689 665 755 Ac
711 695 929 784 tamen
973 691 1138 755 illud
1181 690 1463 776 perspici
1509 695 1574 755 et
1610 691 1906 777 intellegi
1943 695 2179 777 potest,
2217 694 2324 757 ab·
2379 712 2409 751 ⁵

242 838 256 849 .
315 781 530 844 soluto
577 778 988 864 perfectoque
1025 800 1292 843 numero
1331 780 1645 864 temporis
1685 781 2055 845 absolutum
2086 803 2323 845 annum

210 1149 275 1197 34

212 1574 290 1639 10

203 2117 269 2166 35

313 868 797 952 perfectumque
869 871 1010 930 tum
1075 867 1385 951 compleri
1451 868 1748 952 denique,
1834 891 1979 933 cum
2044 890 2113 934 se
2177 875 2323 934 octo

315 957 598 1020 ambitus
646 954 954 1020 confectis
1002 955 1135 1019 suis
1183 956 1476 1020 cursibus
1524 956 1606 1020 ad
1651 956 1819 1020 idem
1877 961 2073 1040 caput
2124 960 2321 1022 rettu-

313 1044 546 1127 lerunt,
592 1065 862 1127 cumque
910 1065 1019 1108 eos
1066 1065 1441 1127 permensus
1486 1047 1587 1109 est
1621 1044 1791 1108 idem
1831 1049 1897 1109 et
1934 1066 2186 1129 semper
2223 1048 2323 1109 sui

313 1132 545 1196 similis
593 1132 787 1196 orbis.
877 1131 1016 1196 Has
1064 1132 1266 1217 igitur
1312 1132 1395 1196 ob
1444 1154 1671 1197 causas
1717 1136 1874 1197 nata
1920 1137 2099 1197 astra
2154 1137 2324 1217 sunt,
2355 1153 2406 1192 10

314 1242 477 1305 quae
523 1241 640 1304 per
685 1220 933 1284 caelum
979 1220 1391 1304 penetrantia
1438 1221 1774 1285 solstitiali
1821 1242 1889 1286 se
1936 1225 2003 1285 et
2042 1222 2324 1286 brumali

312 1308 720 1373 revocatione
768 1311 1238 1390 converterent,
1293 1312 1369 1373 ut
1413 1308 1536 1374 hoc
1592 1331 1779 1373 omne
1827 1310 2097 1393 animal,
2154 1311 2321 1394 quod

313 1396 621 1479 videmUS,
668 1401 838 1460 esset
882 1396 984 1460 illi
1029 1396 1323 1479 animali,
1379 1397 1550 1481 quod
1595 1398 1938 1481 sentimuS,
1995 1398 2076 1462 ad
2124 1403 2325 1463 aeter·

309 1486 538 1549 nitatis
587 1484 1016 1549 imitationem
1064 1484 1487 1549 simillimum.

432 1573 524 1637 Et
551 1576 763 1638 cetera
791 1572 1048 1657 quidem
1074 1594 1278 1656 usque
1310 1574 1394 1638 ad
1422 1574 1732 1658 temporis
1761 1577 1979 1651 ortum
2004 1575 2322 1659 impressa
2352 1591 2403 1631 15

308 1661 390 1726 ab
437 1661 590 1744 illis,
636 1682 799 1745 quae
835 1660 1236 1744 imitabatur,
1282 1662 1654 1745 ecfinxerat3
1702 1662 1813 1726 sed
1850 1663 2001 1745 quia
2037 1663 2320 1727 nondum

308 1771 497 1815 omne
527 1748 769 1813 animal
797 1748 865 1812 in
893 1749 1130 1813 mundo
1158 1749 1335 1813 intus
1362 1747 1731 1833 incluserat,
1760 1772 1837 1814 ex
1866 1772 1941 1814 ea
1967 1753 2151 1834 parte
2172 1749 2319 1813 defi·

308 1838 518 1901 ciebat
540 1836 621 1901 ad
640 1836 1049 1921 propositum
1067 1838 1397 1922 exemplar
1414 1837 1719 1922 imaginis
1740 1837 2110 1902 similitudo.
2146 1835 2320 1912 Quot

306 1925 509 2011 igitur
548 1928 612 1989 et
651 1926 872 2010 quales
912 1924 1290 1990 animalium
1325 1924 1570 1991 formas
1610 1948 1789 1991 mens
1822 1926 1893 1991 in
1919 1925 2195 2012 speciem
2224 1949 2318 1991 re-

306 2035 450 2077 rum
495 2015 752 2078 intuens
799 2017 1059 2098 poterat
1105 2036 1393 2097 cernere,
1440 2016 1712 2080 totidem
1760 2020 1826 2079 61,
1869 2016 2035 2080 tales
2080 2015 2150 2079 in
2194 2014 2320 2080 hoc
2348 2032 2402 2071 20

308 2101 546 2166 mundo
577 2122 791 2167 secum
828 2102 1144 2187 cogitavit
1171 2103 1494 2188 effingere.
1548 2103 1758 2167 Erant
1787 2108 2005 2168 autem
2035 2103 2320 2168 animan-

308 2191 473 2254 tium
503 2212 740 2276 genera
770 2194 1096 2275 quattuor,
1124 2213 1396 2276 quorum
1426 2214 1624 2256 unum
1655 2191 1940 2255 divinum
1962 2195 2156 2277 atque
2186 2215 2321 2256 cae-

307 2279 487 2362 leste,
535 2278 813 2344 alterum
857 2279 1267 2365 pinnigerum
1315 2284 1381 2344 et
1422 2280 1685 2363 aerium,
1731 2280 1996 2345 tertium
2033 2282 2319 2362 aquatile,

306 2370 612 2431 terrestre
642 2371 962 2452 quartum.
1000 2367 1273 2432 Divinae
1303 2367 1719 2432 animationis
1741 2369 2017 2433 maxime
2038 2369 2318 2454 speciem

307 2455 588 2520 faciebat
625 2478 702 2519 ex
737 2455 906 2541 igne,
952 2460 1027 2520 ut
1053 2459 1119 2520 et
1148 2456 1704 2540 splendidissimus
1735 2460 1906 2521 esset
1948 2460 2014 2520 61,
2051 2461 2316 2539 aspectu
2344 2472 2397 2511 25

252 2539 265 2544 ’
307 2543 796 2627 pulcherrimus.
870 2542 1158 2628 Cumque
1205 2566 1354 2608 eum
1400 2545 1679 2609 similem
1725 2544 2010 2608 universi
2045 2548 2316 2609 naturae

307 2631 558 2695 efficere
595 2632 810 2714 vellet,
855 2631 939 2696 ad
974 2631 1455 2697 volubilitatem
1481 2632 1856 2697 rotundavit
1888 2633 2317 2716 comitemque

307 2740 454 2783 eum
492 2719 847 2803 sapientiae
886 2742 1078 2804 quam
1127 2721 1411 2805 optimae
1450 2721 1684 2784 mentis
1715 2720 1925 2785 effecit
1952 2721 2315 2804 circumque

308 2827 494 2872 omne
541 2807 790 2871 caelum
836 2807 1193 2890 aequaliter
1239 2808 1600 2891 distribuit,
1656 2812 1731 2873 ut
1774 2809 1944 2874 hunc
2000 2809 2316 2873 varietate

307 2895 681 2959 distinctum
718 2896 881 2959 bene
920 2895 1151 2961 Graeci
1185 2893 1458 2980 κόσμον,
1493 2919 1612 2962 1108
1650 2897 1971 2962 lucentem
2005 2898 2316 2962 mundum
2343 2913 2396 2952 30

206 3020 215 3026 -
305 2983 802 3049 nominaremus
868 2984 1062 3048 Dedit
1109 2988 1328 3049 autem
1370 2985 1603 3050 divinis
1643 2985 1767 3050 duo
1808 3007 2045 3072 genera
2083 2990 2316 3068 motuS,

305 3094 521 3154 unum,
570 3073 741 3156 quod
787 3094 1040 3157 semper
1087 3076 1257 3137 esset
1300 3073 1370 3137 in
1417 3073 1642 3138 eodem
1681 3073 1729 3156 ’1-
1765 3073 1841 3138 (16
1880 3095 2007 3158 (1110
2046 3077 2111 3137 61,
2147 3074 2315 3137 idem

304 3160 602 3224 omnibus
642 3163 836 3244 atque
890 3183 1018 3226 uno
1075 3161 1266 3226 modo
1325 3162 1590 3245 celaret,
1654 3162 1957 3244 alterum,
2023 3162 2193 3246 quod
2248 3164 2316 3225 in

305 3247 588 3312 anticam
633 3252 886 3332 partem
934 3271 974 3313 a
1019 3249 1435 3314 conversione
1482 3250 1766 3314 eiusdem
1813 3254 1878 3315 61,
1916 3250 2147 3314 811111118
2184 3250 2315 3334 pel-

305 3335 562 3399 leretur.
641 3335 934 3421 Quinque
981 3340 1199 3402 autem
1244 3337 1510 3421 reliquis
1558 3338 1843 3403 motibus
1891 3339 2123 3403 orbum
2170 3360 2315 3402 eum
2344 3353 2394 3394 85

303 3423 511 3485 voluit
558 3444 698 3488 esse
745 3428 811 3488 et
857 3429 1210 3509 expertem,
1264 3426 1665 3490 immobilem
1714 3431 1779 3491 et
1825 3430 2125 3491 stantem.
2213 3424 2314 3489 Ex

306 3529 431 3590 quo
479 3530 713 3592 genere
760 3534 835 3576 ea
881 3516 1032 3576 sunt
1078 3513 1307 3598 sidera,
1356 3536 1518 3598 quae
1562 3515 1761 3579 infixa
1798 3514 1976 3580 caelo
2013 3537 2145 3579 non
2183 3536 2314 3578 mo-
