2630 3913
760 530 854 603 M.
916 530 1201 602 TULLI
1265 529 1758 634 CICERONIS

535 676 605 759 P
728 675 800 758 A
924 675 999 757 R.
1124 676 1195 758 A
1320 677 1393 759 D
1521 677 1591 797 o·
1710 678 1790 759 X
1915 674 1986 759 A

923 823 1609 891 ADM.BRUTUM.

937 980 1601 1083 ARGUMENTUM.

297 1143 301 1147 '
405 1140 528 1195 Hoc
562 1137 759 1193 libello
799 1136 994 1194 Cicero
1033 1135 1260 1192 Catonis
1293 1137 1595 1209 Uticensis,
1630 1137 1871 1208 perfecti
1897 1139 2051 1194 illius
2079 1139 2274 1210 Stoici,

261 1208 632 1265 admiratione
670 1208 947 1263 adductus
979 1208 1314 1290 disciplinae
1345 1208 1567 1263 Stoicae
1589 1211 1941 1279 praecepta,
1987 1226 2129 1279 quae
2174 1211 2273 1266 ho-

261 1281 443 1335 mines
480 1279 553 1334 ob
591 1279 954 1334 severitatem
988 1279 1422 1334 admirabantur
1440 1278 1624 1349 mag-is
1673 1295 1841 1349 quam
1886 1279 2275 1349 sequebantur,

262 1347 577 1420 παράδοξα,
615 1365 757 1432 quae
792 1349 986 1405 Latini
1019 1351 1227 1405 vocant
1261 1349 1634 1418 admirabilia,
1671 1349 1941 1405 orationis
1978 1366 2111 1405 suae
2152 1368 2274 1406 sua-

262 1422 444 1476 vitate
479 1419 705 1475 mollita
735 1420 971 1490 probare
1007 1421 1218 1491 populo
1248 1422 1307 1475 et
1333 1420 1716 1476 commendare
1745 1421 1944 1475 voluit.
1993 1421 2140 1476 Nam
2167 1422 2276 1476 etsi

189 1505 195 1510 ·
262 1492 325 1545 in
361 1490 612 1546 oratione
649 1505 752 1560 pro
789 1490 851 1545 L.
886 1490 1119 1546 Murena
1154 1489 1365 1546 Catone
1411 1492 1709 1546 accusante
1747 1490 2060 1546 Stoicorum
2094 1488 2275 1562 παρά-

236 1565 239 1568 ’
265 1563 405 1632 ὃοξα
439 1560 772 1631 perstringit
808 1562 869 1616 et
905 1561 967 1615 in
1001 1561 1270 1617 librorum
1306 1561 1377 1616 de
1404 1562 1606 1615 finibus
1640 1561 1721 1617 III
1757 1563 1816 1617 et
1848 1560 1928 1617 IV
1974 1560 2276 1616 eorundem

264 1632 583 1687 austeritati
618 1631 1022 1687 moderandum
1057 1648 1178 1687 esse
1216 1635 1432 1700 censet,
1467 1634 1660 1687 tamen
1691 1647 1806 1686 non
1839 1632 1959 1686 tam
1987 1631 2275 1687 doctrinae
2384 1643 2390 1652 ’

262 1702 541 1758 rationem
594 1702 823 1757 illorum
871 1702 1156 1773 improbat
1198 1719 1368 1772 quam
1421 1701 1691 1757 sermonis
1745 1702 2120 1758 insolentiam.
2191 1701 2275 1756 Ac

262 1774 446 1844 primo
485 1772 712 1843 quidem
754 1771 883 1829 loco
933 1773 1142 1828 bonum
1197 1772 1321 1828 sola
1371 1773 1668 1828 honestate
1722 1772 2023 1842 contineri,
2072 1771 2275 1827 deinde

266 1844 509 1899 secundo
545 1846 834 1912 tamquam
871 1842 1216 1899 consectario
1245 1843 1496 1898 ostendit
1518 1841 1975 1898 honestissimum
2039 1860 2275 1913 uemque

261 1915 322 1969 in
360 1932 418 1970 se
455 1922 566 1970 uno
602 1914 810 1970 habere
847 1914 1037 1970 omnia
1068 1914 1213 1970 bene
1246 1913 1523 1984 beateque
1557 1912 1789 1970 vivendi
1825 1913 2014 1984 praesi
2056 1912 2125 1969 ἐ..
2193 1915 2278 1971 Ex

261 1986 351 2040 his
389 1989 578 2040 autem
615 1985 756 2040 locis
793 1987 995 2051 cetera,
1042 2001 1185 2054 quae
1229 1984 1496 2055 deinceps
1540 1984 1918 2055 persequitur,
1968 1987 2104 2055 apta
2148 1987 2279 2040 sunt

265 2058 324 2110 et
360 2071 646 2125 suspensa.
700 2056 898 2123 Itaque
933 2055 1134 2110 tertius
1169 2054 1328 2110 locus
1357 2056 1445 2110 est
1461 2055 1531 2110 de
1550 2057 1908 2125 peccatorum
1935 2055 2277 2125 aequalitate

265 2125 527 2181 omnium.
576 2124 771 2189 Quarti
790 2125 860 2181 de
881 2126 1177 2181 stultorum
1195 2125 1416 2180 insania
1432 2125 1545 2180 loci
1561 2141 1745 2195 pauca
1758 2125 1933 2181 verba
1949 2128 2275 2197 supersunt;
2381 2134 2386 2135 ’

267 2194 520 2262 sequitur
544 2194 726 2262 aliud,
756 2210 865 2263 quo
940 2194 1104 2251 robat
1129 2195 1310 2250 solum
1338 2195 1650 2266 sapientem
1678 2211 1801 2251 esse
1829 2196 2032 2262 civem,
2072 2198 2276 2252 stultos
2384 2206 2389 2213 “

269 2281 461 2320 omnes
490 2264 679 2320 exules
707 2281 903 2336 exemp
929 2281 963 2320 o
994 2282 1126 2320 usus
1163 2265 1425 2332 alicuius,
1510 2283 1638 2321 uem
1677 2264 1838 2321 Clodi
1874 2266 2117 2321 similem
2155 2283 2275 2322 esse

265 2334 456 2404 fingit,
501 2333 825 2390 adversarii.
898 2334 1104 2399 Quinto
1129 2335 1256 2390 loco
1270 2378 1285 2406 ‚
1324 2352 1431 2404 quo
1516 2381 1528 2392 .
1566 2335 1863 2391 Lucullum
1898 2337 2067 2404 atque
2105 2337 2277 2391 etiam

266 2404 630 2460 Hortensium
653 2404 879 2460 videtur
906 2421 1148 2476 carpere,
1183 2405 1297 2460 nisi
1333 2405 1646 2476 sapientem
1678 2406 1940 2461 libertate
1955 2405 2078 2459 -frui
2102 2407 2278 2460 nemi-
2317 2450 2320 2453 .

265 2492 396 2531 nem
425 2476 608 2543 docet,
632 2490 801 2546 posse
827 2477 1017 2532 autem
1041 2493 1212 2530 unum
1233 2492 1505 2545 quemque
1532 2476 1618 2531 ita
1643 2476 1849 2542 vivere,
1877 2478 1944 2531 ut
1968 2477 2125 2542 velit,
2162 2475 2201 2532 i.
2225 2492 2275 2532 e.
2313 2543 2317 2547 ,

266 2546 505 2601 liberum
538 2562 676 2612 esse,
705 2545 755 2601 si
780 2546 950 2602 modo
975 2547 1329 2617 honestatem
1357 2548 1635 2615 sequatur.
1672 2546 1924 2615 Denique
1955 2548 2111 2601 sexto
2129 2546 2276 2616 loco,

268 2633 380 2686 quo
415 2616 490 2674 Μ.
532 2615 788 2672 Crassum
826 2616 1061 2673 divitem
1095 2616 1484 2686 reprehendit,
1533 2616 1734 2672 aerarii
1766 2617 1828 2671 in
1863 2617 2158 2672 consulatu
2195 2634 2278 2673 se-

269 2687 451 2742 cundo
480 2690 550 2757 (a.
579 2705 632 2745 u.
655 2704 700 2742 c.
731 2692 856 2757 699)
885 2687 1118 2759 expilati
1144 2687 1379 2742 infamia
1402 2687 1727 2756 notabilem,
1757 2686 1938 2743 solum
1966 2687 2277 2759 sapientem

269 2758 355 2813 ait
396 2757 640 2840 gaudere
676 2757 921 2826 divitiis,
969 2759 1037 2813 ut
1080 2774 1223 2827 quae
1269 2774 1395 2812 cum
1431 2757 1491 2812 in
1536 2757 1735 2813 ceteris
1779 2757 2108 2829 virtutibus,
2156 2760 2280 2814 tum

268 2845 506 2884 maxime
541 2829 603 2884 in
638 2828 987 2884 continentia
1021 2828 1136 2883 sint
1169 2828 1407 2898 positae.
1464 2827 1587 2882 Hoc
1613 2830 1801 2884 autem
1827 2828 2082 2884 brevium
2114 2846 2280 2899 quae-

270 2899 540 2966 stionum,
586 2899 737 2969 quod
773 2898 848 2953 ad
891 2898 966 2953 M.
1003 2897 1238 2953 Brutum
1270 2898 1477 2966 mittit,
1521 2899 1911 2953 munusculum
1944 2899 2111 2954 unius
2146 2899 2280 2954 anni

268 2970 549 3040 tempore,
588 2971 656 3024 ut
687 2968 937 3038 videtur,
973 2968 1208 3024 hiberno
1245 2967 1617 3039 compositum
1654 2984 1775 3024 esse
1812 2985 1843 3024 e
1886 2969 2160 3039 prooemii
2185 2975 2217 3035 ξ
2246 2975 2279 3025 5

269 3040 518 3110 apparet.
573 3038 656 3096 Ac
692 3056 1029 3111 quamquam
1057 3038 1249 3095 Cicero
1279 3038 1539 3094 Crassum
1572 3056 1621 3095 a.
1652 3057 1704 3094 u.
1735 3055 1780 3093 c.
1814 3045 1912 3094 ‘101
1933 3040 2004 3093 'et
2022 3038 2281 3093 Clodium

273 3117 374 3166 ‘102
410 3108 736 3166 interfectos
772 3109 992 3182 dialogi
1025 3109 1259 3165 licentia
1293 3109 1403 3165 sibi
1438 3110 1633 3164 adesse
1668 3109 1859 3179 potuit
1896 3109 2131 3178 fingere,
2166 3126 2280 3164 non

195 3245 200 3250 ⁸
267 3183 460 3236 tamen
491 3181 627 3252 post
659 3197 909 3237 mensem
946 3179 1082 3237 anni
1129 3187 1230 3237 ‘108
1267 3180 1511 3248 Iunium,
1558 3196 1667 3250 quo
1716 3178 1852 3233 Cato
1888 3182 2127 3234 mortem
2170 3178 2282 3235 sibi

269 3250 471 3308 Uticae
509 3251 796 3320 conscivit,
834 3252 1121 3308 conditum
1155 3252 1265 3306 hoc
1301 3251 1632 3322 opusculum
1668 3266 1789 3306 esse
1824 3248 2066 3307 videtur.

403 3429 880 3515 Animadverti,
940 3430 1171 3515 Brute,
1235 3453 1426 3515 saepe
1482 3430 1822 3514 Catonem,
1895 3428 2282 3494 avunculum
2319 3446 2347 3494 1

269 3521 474 3602 tuum,
519 3541 666 3584 cum
708 3520 781 3583 in
826 3523 1055 3583 senatu
1101 3518 1490 3583 sententiam
1537 3517 1793 3602 diceret,
1839 3517 2017 3581 locos
2048 3536 2279 3600 graves
