2630 3913
823 216 1243 272 POEMATUM.
1281 217 1350 271 H.
1391 217 1469 270 IV
1504 218 1708 271 b—IX
1744 226 1792 273 2.
2184 219 2314 284 395

393 378 492 442 Tu
538 399 818 462 quoque,
865 379 977 462 qui
1022 379 1199 443 solus
1247 379 1415 445 lecto
1463 401 1784 464 sermone,
1831 381 2122 465 Terenti,

395 465 791 531 Conversum
847 489 1346 552 expressumque
1394 467 1630 532 Latina
1683 491 1836 534 voee
1890 469 2314 534 Menandrum

392 554 473 619 In
518 555 798 619 medium
845 555 1035 621 nobis
1081 555 1323 621 sedatis
1370 557 1655 621 motibus
1703 558 1917 641 effers,

395 642 711 718 Quiddam
766 666 947 710 eome
1000 643 1272 728 loquens
1321 647 1515 729 atque
1562 646 1779 710 omnia
1824 646 2035 712 duleia
2082 647 2314 713 dicens.

253 961 279 1002 ⁶
1070 948 1173 1008 IX.
1236 948 1559 1010 MARIUS.

440 1084 561 1151 Cic.
604 1084 735 1150 Att.
780 1084 940 1149 XII
974 1089 1076 1150 49.
1120 1089 1161 1150 1
1204 1085 1369 1149 Heri
1411 1105 1538 1150 non
1580 1086 1769 1151 mutto
1803 1093 1974 1170 post,
2017 1108 2204 1170 quam
2250 1094 2317 1154 tu

305 1195 350 1237 a
392 1193 489 1238 me
522 1174 861 1250 discessisti,
905 1174 1102 1238 subito
1136 1175 1391 1255 quidam
1423 1174 1668 1257 urbani,
1711 1179 1782 1239 ut
1813 1176 2190 1260 videbantur,
2233 1178 2320 1242 ad

306 1283 403 1326 me
454 1262 753 1326 mandata
804 1266 862 1326 et
914 1261 1147 1326 litteras
1200 1262 1540 1327 attulerunt
1580 1283 1622 1326 a
1666 1261 1732 1328 G.
1775 1263 1993 1329 Mario
2038 1264 2103 1329 Ο.
2154 1266 2202 1347 fi
2249 1265 2315 1331 0.

306 1371 369 1415 n.
408 1350 621 1415 multis
654 1350 849 1415 verbis
883 1370 1058 1432 aqere
1092 1370 1324 1414 meeum
1348 1371 1466 1431 per
1499 1352 1930 1453 effationem,
1973 1373 2128 1434 quae
2161 1354 2318 1418 mihi

229 1456 282 1496 ιο
305 1458 507 1505 seeum
540 1443 705 1521 esset,
738 1459 855 1520 per
888 1458 1027 1502 eum
1061 1438 1368 1515 Marium,
1412 1459 1588 1520 quem
1621 1441 2014 1525 scripsissem,
2049 1462 2165 1523 per
2199 1444 2317 1507 elo-

304 1528 621 1610 quentiam
663 1489 738 1591 L.
786 1525 1001 1593 Orassi
1043 1528 1148 1590 avi
1190 1527 1320 1608 sui,
1361 1532 1434 1591 ut
1474 1547 1537 1592 se
1579 1529 1969 1607 defenderem.

447 1616 500 1678 1.
546 1613 667 1680 Oto.
720 1615 989 1698 deleyy
1033 1614 1498 1680 111Attie
1551 1615 2320 1698 Iaaeusquidemilleet

303 1704 452 1785 haee
493 1703 905 1784 Arpinatium
956 1723 1213 1785 quereus
1264 1705 1615 1785 aynoseitur
1664 1724 1840 1786 saepe
1891 1726 1935 1770 a
1985 1727 2080 1770 me
2135 1707 2321 1773 lectus

306 1793 378 1858 in
403 1792 621 1857 Mario
648 1827 736 1838 -
765 1828 866 1856 —.
906 1790 1112 1871 Quint.
1146 1828 1221 1838 —
1254 1793 1404 1858 dum
1428 1792 1697 1857 Latinae
1723 1793 2042 1875 loquentur
2069 1795 2318 1874 litterae,

231 1894 282 1935 1⁵
308 1900 563 1964 quercus
597 1879 739 1944 huie
770 1880 892 1945 loeo
919 1900 1046 1945 non
1071 1881 1275 1966 deerit,
1308 1901 1466 1963 quae
1490 1881 1799 1946 Mariana
1823 1883 2084 1967 dicatur,
2117 1905 2320 1968 eaque,

306 1975 381 2035 ut
420 1971 516 2034 ait
556 1968 847 2035 Scaevola
888 1970 961 2033 de
1000 1969 1223 2049 fratris
1266 1971 1388 2034 mei
1429 1970 1646 2036 Mario
1655 1997 1676 2034 .·

662 2056 948 2123 Ganeseet
987 2058 1200 2122 saeclis
1242 2059 1808 2125 innumerabilibus.

398 2183 483 2193 ——
511 2183 583 2191 —
612 2145 817 2225 Quare
833 2144 1223 2228 ‘ylandifera'
1244 2146 1358 2211 illa
1375 2166 1645 2229 quereus,
1668 2167 1742 2212 ex
1757 2168 1882 2228 qua
1899 2149 2049 2213 olim
2065 2150 2322 2215 evolavit

662 2231 912 2297 Nuntia
954 2233 1136 2297 fulva
1179 2232 1355 2298 Iovis
1402 2233 1696 2298 miranda
1739 2234 1881 2299 visa
1924 2236 2161 2321 figura,

228 2337 283 2377 20
307 2343 475 2388 nune
516 2324 600 2387 sit
638 2322 800 2386 haee.

444 2412 501 2475 2.
558 2409 679 2476 Cic.
732 2412 804 2475 de
860 2411 1049 2475 divin.
1101 2410 1153 2473 I
1196 2414 1301 2474 47.
1355 2414 1481 2475 106
1535 2410 1701 2490 Quid
1749 2415 1839 2475 est
1888 2411 1997 2477 illo
2050 2413 2321 2493 auspicio

305 2500 597 2582 divinius,
640 2499 803 2580 quod
831 2500 1003 2580 apud
1035 2503 1092 2563 te
1123 2499 1194 2562 in
1228 2498 1446 2563 Mario
1481 2498 1610 2563 est?
1655 2504 1728 2562 ut
1759 2504 1906 2563 utar
1928 2500 2321 2581 potissimum

307 2593 552 2653 auctore
597 2592 682 2651 te:

398 2675 525 2740 Hie
566 2673 743 2740 Iovis
791 2674 1055 2740 altisoni
1102 2674 1319 2739 subito
1366 2675 1637 2759 pinnata
1683 2676 1945 2741 satelles

226 2778 281 2819 25
398 2763 675 2828 Arboris
723 2785 757 2827 e
803 2765 1031 2828 trunco
1079 2764 1399 2848 serpentis
1447 2763 1664 2829 saucia
1709 2786 1929 2829 morsu

398 2849 694 2937 Subrigit
738 2852 883 2936 ipsa
925 2850 1082 2915 feris
1128 2852 1518 2935 transfigens
1564 2852 1889 2938 unguibus
1937 2873 2215 2939 anguem

398 2938 863 3005 Semianimum
909 2943 975 3004 et
1018 2940 1201 3004 varia
1247 2940 1536 3025 graviter
1581 2939 1824 3005 cervice
1869 2940 2232 3006 micantem.

399 3027 603 3103 Quem
650 3050 718 3092 se
764 3028 1244 3129 intorquentem
1289 3028 1543 3093 lanians
1589 3032 1929 3112 rostroque
1975 3032 2319 3094 cruentans

395 3115 538 3182 Iam
586 3116 827 3181 satiata
874 3117 1150 3200 animos,
1195 3116 1328 3181 iam
1377 3116 1569 3182 duros
1616 3118 1756 3181 ulta
1802 3116 2055 3181 dolores

229 3220 282 3263 80
400 3205 622 3270 Abicit
668 3205 1002 3270 ecflantem
1049 3209 1114 3269 et
1159 3205 1514 3270 laceratum
1560 3204 1813 3306 adfligit
1856 3206 1925 3269 in
1969 3204 2140 3270 unda

399 3292 607 3377 Seque
654 3294 838 3358 obitu
884 3315 923 3357 a
969 3294 1127 3357 solis
1170 3294 1413 3359 nitidos
1460 3293 1781 3359 convertit
1826 3293 1905 3358 ad
1954 3297 2153 3359 ortus.

397 3381 587 3447 Hane
633 3382 746 3446 ubi
789 3382 1204 3467 praepetibus
1250 3382 1467 3467 pinnis
1513 3381 1828 3484 lapsuque
1874 3383 2204 3447 volantem

398 3469 751 3555 Conspexit
794 3470 1058 3555 MariuS‚
1105 3470 1306 3534 divini
1351 3470 1632 3535 numinis
1681 3492 1914 3557 augur,

395 3557 766 3643 Faustaque
814 3558 1002 3645 signa
1048 3580 1201 3623 suae
1246 3559 1457 3623 laudis
1504 3558 1874 3644 reditusque
1919 3559 2200 3644 notavit,
