<?xml version="1.0" encoding="UTF-8"?>
<!DOCTYPE html PUBLIC "-//W3C//DTD XHTML 1.0 Transitional//EN"
    "http://www.w3.org/TR/xhtml1/DTD/xhtml1-transitional.dtd">
<html xmlns="http://www.w3.org/1999/xhtml" xml:lang="en" lang="en">
 <head>
  <title>
</title>
<meta http-equiv="Content-Type" content="text/html;charset=utf-8" />
  <meta name='ocr-system' content='tesseract 3.04.00' />
  <meta name='ocr-capabilities' content='ocr_page ocr_carea ocr_par ocr_line ocrx_word'/>
</head>
<body>
  <div class='ocr_page' id='page_1' title='image "./scriptaquaemans01cicegoog_0181.png"; bbox 0 0 2630 3913; ppageno 0'>
   <div class='ocr_carea' id='block_1_1' title="bbox 725 211 2284 282">
    <p class='ocr_par' dir='ltr' id='par_1_1' title="bbox 725 211 2284 282">
     <span class='ocr_line' id='line_1_1' title="bbox 725 211 2284 282; baseline 0.008 -16"><span class='ocrx_word' id='word_1_1' title='bbox 725 212 860 268; x_wconf 74' lang='grc' dir='ltr'><strong>ΠΒ.</strong></span> <span class='ocrx_word' id='word_1_2' title='bbox 898 212 993 269; x_wconf 91' lang='lat'><strong>111.</strong></span> <span class='ocrx_word' id='word_1_3' title='bbox 1051 211 1202 266; x_wconf 80' lang='lat' dir='ltr'><strong>cAP.</strong></span> <span class='ocrx_word' id='word_1_4' title='bbox 1245 219 1330 282; x_wconf 81' lang='lat'><strong>12,</strong></span> <span class='ocrx_word' id='word_1_5' title='bbox 1370 219 1451 268; x_wconf 89' lang='lat'><strong>13.</strong></span> <span class='ocrx_word' id='word_1_6' title='bbox 1507 218 1537 279; x_wconf 71' lang='lat'><strong>5</strong></span> <span class='ocrx_word' id='word_1_7' title='bbox 1574 218 1800 269; x_wconf 73' lang='lat'><strong>51—5-1.</strong></span> <span class='ocrx_word' id='word_1_8' title='bbox 2156 212 2284 277; x_wconf 80' lang='lat'><strong>107</strong></span> 
     </span>
    </p>
   </div>
   <div class='ocr_carea' id='block_1_2' title="bbox 167 374 2389 3621">
    <p class='ocr_par' dir='ltr' id='par_1_2' title="bbox 167 374 2389 3621">
     <span class='ocr_line' id='line_1_2' title="bbox 269 374 2283 459; baseline 0 -19"><span class='ocrx_word' id='word_1_9' title='bbox 269 379 388 440; x_wconf 91' lang='lat' dir='ltr'><strong>est</strong></span> <span class='ocrx_word' id='word_1_10' title='bbox 450 375 648 439; x_wconf 90' lang='lat' dir='ltr'><strong>enim</strong></span> <span class='ocrx_word' id='word_1_11' title='bbox 714 374 925 439; x_wconf 91' lang='lat' dir='ltr'><strong>aliud</strong></span> <span class='ocrx_word' id='word_1_12' title='bbox 988 376 1281 439; x_wconf 78' lang='lat' dir='ltr'>erranti</span> <span class='ocrx_word' id='word_1_13' title='bbox 1345 375 1546 440; x_wconf 80' lang='lat' dir='ltr'><strong>viam</strong></span> <span class='ocrx_word' id='word_1_14' title='bbox 1609 397 1759 440; x_wconf 92' lang='lat' dir='ltr'><strong>non</strong></span> <span class='ocrx_word' id='word_1_15' title='bbox 1821 379 2283 459; x_wconf 88' lang='lat' dir='ltr'><strong>monstrare,</strong></span> 
     </span>
     <span class='ocr_line' id='line_1_3' title="bbox 268 463 2283 549; baseline 0 -20"><span class='ocrx_word' id='word_1_16' title='bbox 268 463 469 549; x_wconf 89' lang='lat' dir='ltr'><strong>quod</strong></span> <span class='ocrx_word' id='word_1_17' title='bbox 495 463 828 527; x_wconf 77' lang='lat' dir='ltr'><strong>Athenis</strong></span> <span class='ocrx_word' id='word_1_18' title='bbox 858 464 1524 528; x_wconf 75' lang='lat' dir='ltr'><strong>exsecrationibus</strong></span> <span class='ocrx_word' id='word_1_19' title='bbox 1560 464 1898 549; x_wconf 86' lang='lat' dir='ltr'><strong>publicis</strong></span> <span class='ocrx_word' id='word_1_20' title='bbox 1938 469 2283 529; x_wconf 89' lang='lat' dir='ltr'><strong>sanctum</strong></span> 
     </span>
     <span class='ocr_line' id='line_1_4' title="bbox 270 551 2284 637; baseline -0 -20"><span class='ocrx_word' id='word_1_21' title='bbox 270 556 414 636; x_wconf 90' lang='lat' dir='ltr'><strong>est,</strong></span> <span class='ocrx_word' id='word_1_22' title='bbox 461 552 526 615; x_wconf 92' lang='lat' dir='ltr'><strong>si</strong></span> <span class='ocrx_word' id='word_1_23' title='bbox 571 551 716 617; x_wconf 91' lang='lat' dir='ltr'><strong>hoc</strong></span> <span class='ocrx_word' id='word_1_24' title='bbox 749 572 899 616; x_wconf 91' lang='lat' dir='ltr'><strong>non</strong></span> <span class='ocrx_word' id='word_1_25' title='bbox 936 555 1081 635; x_wconf 84' lang='lat' dir='ltr'><strong>est,</strong></span> <span class='ocrx_word' id='word_1_26' title='bbox 1124 556 1547 636; x_wconf 76' lang='lat' dir='ltr'><strong>emptorem</strong></span> <span class='ocrx_word' id='word_1_27' title='bbox 1582 552 1750 637; x_wconf 88' lang='lat' dir='ltr'><strong>pati</strong></span> <span class='ocrx_word' id='word_1_28' title='bbox 1785 573 2002 617; x_wconf 92' lang='lat' dir='ltr'><strong>ruere</strong></span> <span class='ocrx_word' id='word_1_29' title='bbox 2039 557 2114 617; x_wconf 94' lang='lat' dir='ltr'><strong>et</strong></span> <span class='ocrx_word' id='word_1_30' title='bbox 2150 574 2284 637; x_wconf 89' lang='lat' dir='ltr'><strong>per</strong></span> 
     </span>
     <span class='ocr_line' id='line_1_5' title="bbox 271 639 2282 706; baseline 0 -1"><span class='ocrx_word' id='word_1_31' title='bbox 271 660 608 706; x_wconf 90' lang='lat' dir='ltr'><strong>errorem</strong></span> <span class='ocrx_word' id='word_1_32' title='bbox 653 639 734 703; x_wconf 91' lang='lat' dir='ltr'><strong>in</strong></span> <span class='ocrx_word' id='word_1_33' title='bbox 780 640 1181 704; x_wconf 85' lang='lat' dir='ltr'><strong>maximam</strong></span> <span class='ocrx_word' id='word_1_34' title='bbox 1219 640 1565 705; x_wconf 88' lang='lat' dir='ltr'><strong>fraudem</strong></span> <span class='ocrx_word' id='word_1_35' title='bbox 1602 641 2036 706; x_wconf 79' lang='lat' dir='ltr'><strong>incurrere?</strong></span> <span class='ocrx_word' id='word_1_36' title='bbox 2100 640 2282 705; x_wconf 89' lang='lat' dir='ltr'><strong>Plus</strong></span> 
     </span>
     <span class='ocr_line' id='line_1_6' title="bbox 213 728 2284 812; baseline 0.003 -24"><span class='ocrx_word' id='word_1_37' title='bbox 213 729 502 793; x_wconf 70' lang='lat' dir='ltr'><strong>setiam</strong></span> <span class='ocrx_word' id='word_1_38' title='bbox 550 731 669 792; x_wconf 91' lang='lat' dir='ltr'><strong>est</strong></span> <span class='ocrx_word' id='word_1_39' title='bbox 715 749 937 811; x_wconf 88' lang='lat' dir='ltr'><strong>quam</strong></span> <span class='ocrx_word' id='word_1_40' title='bbox 981 728 1182 793; x_wconf 80' lang='lat' dir='ltr'><strong>viam</strong></span> <span class='ocrx_word' id='word_1_41' title='bbox 1226 750 1377 793; x_wconf 92' lang='lat' dir='ltr'><strong>non</strong></span> <span class='ocrx_word' id='word_1_42' title='bbox 1423 732 1883 812; x_wconf 82' lang='lat' dir='ltr'><strong>monstrare3</strong></span> <span class='ocrx_word' id='word_1_43' title='bbox 1939 751 2112 793; x_wconf 93' lang='lat' dir='ltr'><strong>nam</strong></span> <span class='ocrx_word' id='word_1_44' title='bbox 2167 734 2284 794; x_wconf 92' lang='lat' dir='ltr'><strong>est</strong></span> 
     </span>
     <span class='ocr_line' id='line_1_7' title="bbox 272 816 2387 904; baseline -0.001 -23"><span class='ocrx_word' id='word_1_45' title='bbox 272 817 645 881; x_wconf 86' lang='lat' dir='ltr'><strong>scientem</strong></span> <span class='ocrx_word' id='word_1_46' title='bbox 683 816 759 881; x_wconf 91' lang='lat' dir='ltr'><strong>in</strong></span> <span class='ocrx_word' id='word_1_47' title='bbox 797 837 1131 881; x_wconf 92' lang='lat' dir='ltr'><strong>errorem</strong></span> <span class='ocrx_word' id='word_1_48' title='bbox 1175 818 1505 881; x_wconf 88' lang='lat' dir='ltr'><strong>alterum</strong></span> <span class='ocrx_word' id='word_1_49' title='bbox 1549 816 1950 883; x_wconf 69' lang='lat' dir='ltr'><strong>inducere?</strong></span> <span class='ocrx_word' id='word_1_50' title='bbox 2013 817 2247 904; x_wconf 88' lang='lat' dir='ltr'><strong>Dioge·</strong></span> <span class='ocrx_word' id='word_1_51' title='bbox 2276 825 2387 894; x_wconf 81' lang='lat'>(55)</span> 
     </span>
     <span class='ocr_line' id='line_1_8' title="bbox 270 902 2285 991; baseline 0.001 -22"><span class='ocrx_word' id='word_1_52' title='bbox 270 927 384 970; x_wconf 89' lang='lat' dir='ltr'><strong>nes</strong></span> <span class='ocrx_word' id='word_1_53' title='bbox 431 909 683 970; x_wconf 90' lang='lat' dir='ltr'><strong>contra:</strong></span> <span class='ocrx_word' id='word_1_54' title='bbox 741 902 963 969; x_wconf 77' lang='lat' dir='ltr'><strong>‘Num</strong></span> <span class='ocrx_word' id='word_1_55' title='bbox 1018 908 1093 969; x_wconf 91' lang='lat' dir='ltr'><strong>te</strong></span> <span class='ocrx_word' id='word_1_56' title='bbox 1150 926 1394 970; x_wconf 92' lang='lat' dir='ltr'><strong>emere</strong></span> <span class='ocrx_word' id='word_1_57' title='bbox 1450 906 1732 991; x_wconf 72' lang='lat' dir='ltr'><strong>coegit,</strong></span> <span class='ocrx_word' id='word_1_58' title='bbox 1788 906 1915 989; x_wconf 89' lang='lat' dir='ltr'><strong>qui</strong></span> <span class='ocrx_word' id='word_1_59' title='bbox 1968 927 2059 970; x_wconf 90' lang='lat' dir='ltr'><strong>ne</strong></span> <span class='ocrx_word' id='word_1_60' title='bbox 2113 907 2285 971; x_wconf 89' lang='lat' dir='ltr'><strong>hor·</strong></span> 
     </span>
     <span class='ocr_line' id='line_1_9' title="bbox 270 992 2284 1094; baseline 0.001 -37"><span class='ocrx_word' id='word_1_61' title='bbox 270 997 481 1058; x_wconf 89' lang='lat' dir='ltr'><strong>tatus</strong></span> <span class='ocrx_word' id='word_1_62' title='bbox 547 992 848 1094; x_wconf 90' lang='lat' dir='ltr'><strong>quidem</strong></span> <span class='ocrx_word' id='word_1_63' title='bbox 915 994 1075 1058; x_wconf 81' lang='lat' dir='ltr'><strong>est?</strong></span> <span class='ocrx_word' id='word_1_64' title='bbox 1178 992 1359 1077; x_wconf 92' lang='lat' dir='ltr'><strong>Ille,</strong></span> <span class='ocrx_word' id='word_1_65' title='bbox 1424 993 1623 1078; x_wconf 89' lang='lat' dir='ltr'><strong>quod</strong></span> <span class='ocrx_word' id='word_1_66' title='bbox 1684 1015 1833 1058; x_wconf 92' lang='lat' dir='ltr'><strong>non</strong></span> <span class='ocrx_word' id='word_1_67' title='bbox 1895 995 2284 1079; x_wconf 85' lang='lat' dir='ltr'><strong>placebat,</strong></span> 
     </span>
     <span class='ocr_line' id='line_1_10' title="bbox 271 1081 2285 1167; baseline 0.001 -22"><span class='ocrx_word' id='word_1_68' title='bbox 271 1081 771 1166; x_wconf 87' lang='lat' dir='ltr'><strong>proscripsit,</strong></span> <span class='ocrx_word' id='word_1_69' title='bbox 807 1085 915 1164; x_wconf 89' lang='lat' dir='ltr'><strong>tu,</strong></span> <span class='ocrx_word' id='word_1_70' title='bbox 962 1081 1160 1165; x_wconf 92' lang='lat' dir='ltr'><strong>quod</strong></span> <span class='ocrx_word' id='word_1_71' title='bbox 1193 1082 1583 1166; x_wconf 88' lang='lat' dir='ltr'><strong>placebat,</strong></span> <span class='ocrx_word' id='word_1_72' title='bbox 1622 1082 1897 1146; x_wconf 90' lang='lat' dir='ltr'><strong>emisti.</strong></span> <span class='ocrx_word' id='word_1_73' title='bbox 1971 1081 2285 1167; x_wconf 85' lang='lat' dir='ltr'><strong>Quodsi,</strong></span> 
     </span>
     <span class='ocr_line' id='line_1_11' title="bbox 194 1169 2285 1254; baseline 0.003 -25"><span class='ocrx_word' id='word_1_74' title='bbox 194 1190 246 1229; x_wconf 83' lang='grc' dir='ltr'><strong>ιο</strong></span> <span class='ocrx_word' id='word_1_75' title='bbox 276 1170 403 1254; x_wconf 92' lang='lat' dir='ltr'><strong>qui</strong></span> <span class='ocrx_word' id='word_1_76' title='bbox 457 1169 962 1254; x_wconf 88' lang='lat' dir='ltr'><strong>proscribunt</strong></span> <span class='ocrx_word' id='word_1_77' title='bbox 1015 1170 1287 1233; x_wconf 88' lang='lat' dir='ltr'><strong>villam</strong></span> <span class='ocrx_word' id='word_1_78' title='bbox 1342 1170 1616 1235; x_wconf 90' lang='lat' dir='ltr'><strong>bonam</strong></span> <span class='ocrx_word' id='word_1_79' title='bbox 1678 1170 2019 1253; x_wconf 89' lang='lat' dir='ltr'><strong>beneque</strong></span> <span class='ocrx_word' id='word_1_80' title='bbox 2084 1171 2285 1235; x_wconf 89' lang='lat' dir='ltr'><strong>aedi·</strong></span> 
     </span>
     <span class='ocr_line' id='line_1_12' title="bbox 270 1257 2280 1342; baseline -0.002 -21"><span class='ocrx_word' id='word_1_81' title='bbox 270 1259 616 1342; x_wconf 86' lang='lat' dir='ltr'><strong>ficatam,</strong></span> <span class='ocrx_word' id='word_1_82' title='bbox 677 1279 828 1324; x_wconf 95' lang='lat' dir='ltr'><strong>non</strong></span> <span class='ocrx_word' id='word_1_83' title='bbox 892 1258 1443 1322; x_wconf 87' lang='lat' dir='ltr'><strong>existimantur</strong></span> <span class='ocrx_word' id='word_1_84' title='bbox 1494 1257 1909 1341; x_wconf 86' lang='lat' dir='ltr'><strong>fefellisse,</strong></span> <span class='ocrx_word' id='word_1_85' title='bbox 1975 1258 2280 1322; x_wconf 74' lang='lat' dir='ltr'><strong>etiamsi</strong></span> 
     </span>
     <span class='ocr_line' id='line_1_13' title="bbox 270 1346 2283 1429; baseline 0.001 -20"><span class='ocrx_word' id='word_1_86' title='bbox 270 1346 419 1410; x_wconf 90' lang='lat' dir='ltr'><strong>illa</strong></span> <span class='ocrx_word' id='word_1_87' title='bbox 461 1366 593 1411; x_wconf 90' lang='lat' dir='ltr'><strong>nec</strong></span> <span class='ocrx_word' id='word_1_88' title='bbox 638 1347 836 1411; x_wconf 90' lang='lat' dir='ltr'><strong>bona</strong></span> <span class='ocrx_word' id='word_1_89' title='bbox 882 1350 999 1411; x_wconf 87' lang='lat' dir='ltr'><strong>est</strong></span> <span class='ocrx_word' id='word_1_90' title='bbox 1034 1367 1169 1411; x_wconf 89' lang='lat' dir='ltr'><strong>nec</strong></span> <span class='ocrx_word' id='word_1_91' title='bbox 1207 1346 1629 1411; x_wconf 87' lang='lat' dir='ltr'><strong>aedificata</strong></span> <span class='ocrx_word' id='word_1_92' title='bbox 1664 1346 1993 1429; x_wconf 90' lang='lat' dir='ltr'><strong>ratione,</strong></span> <span class='ocrx_word' id='word_1_93' title='bbox 2039 1348 2283 1413; x_wconf 91' lang='lat' dir='ltr'><strong>multo</strong></span> 
     </span>
     <span class='ocr_line' id='line_1_14' title="bbox 272 1433 2283 1518; baseline 0 -21"><span class='ocrx_word' id='word_1_94' title='bbox 272 1434 547 1518; x_wconf 86' lang='grc'>111111118,</span> <span class='ocrx_word' id='word_1_95' title='bbox 612 1435 740 1518; x_wconf 90' lang='lat' dir='ltr'><strong>qui</strong></span> <span class='ocrx_word' id='word_1_96' title='bbox 796 1435 1098 1499; x_wconf 92' lang='lat' dir='ltr'><strong>domum</strong></span> <span class='ocrx_word' id='word_1_97' title='bbox 1154 1456 1303 1500; x_wconf 91' lang='lat' dir='ltr'><strong>non</strong></span> <span class='ocrx_word' id='word_1_98' title='bbox 1358 1435 1793 1500; x_wconf 90' lang='lat' dir='ltr'><strong>laudarunt.</strong></span> <span class='ocrx_word' id='word_1_99' title='bbox 1883 1433 2033 1499; x_wconf 89' lang='lat' dir='ltr'><strong>Ubi</strong></span> <span class='ocrx_word' id='word_1_100' title='bbox 2089 1435 2283 1499; x_wconf 91' lang='lat' dir='ltr'><strong>enim</strong></span> 
     </span>
     <span class='ocr_line' id='line_1_15' title="bbox 272 1521 2285 1607; baseline 0 -21"><span class='ocrx_word' id='word_1_101' title='bbox 272 1521 636 1587; x_wconf 89' lang='lat' dir='ltr'><strong>iudicium</strong></span> <span class='ocrx_word' id='word_1_102' title='bbox 712 1523 1085 1607; x_wconf 91' lang='lat' dir='ltr'><strong>emptoris</strong></span> <span class='ocrx_word' id='word_1_103' title='bbox 1160 1527 1303 1606; x_wconf 90' lang='lat' dir='ltr'><strong>est,</strong></span> <span class='ocrx_word' id='word_1_104' title='bbox 1375 1523 1488 1587; x_wconf 91' lang='lat' dir='ltr'><strong>ibi</strong></span> <span class='ocrx_word' id='word_1_105' title='bbox 1557 1523 1772 1588; x_wconf 86' lang='lat' dir='ltr'><strong>fraus</strong></span> <span class='ocrx_word' id='word_1_106' title='bbox 1845 1522 2285 1588; x_wconf 80' lang='lat' dir='ltr'><strong>venditoris</strong></span> 
     </span>
     <span class='ocr_line' id='line_1_16' title="bbox 193 1608 2285 1695; baseline 0.003 -26"><span class='ocrx_word' id='word_1_107' title='bbox 193 1628 246 1669; x_wconf 82' lang='lat'><strong>15</strong></span> <span class='ocrx_word' id='word_1_108' title='bbox 276 1632 466 1694; x_wconf 87' lang='lat' dir='ltr'><strong>quae</strong></span> <span class='ocrx_word' id='word_1_109' title='bbox 501 1614 763 1695; x_wconf 90' lang='lat' dir='ltr'><strong>potest</strong></span> <span class='ocrx_word' id='word_1_110' title='bbox 801 1612 1011 1676; x_wconf 81' lang='lat' dir='ltr'><strong>esse?</strong></span> <span class='ocrx_word' id='word_1_111' title='bbox 1085 1608 1217 1675; x_wconf 86' lang='lat' dir='ltr'><strong>Sin</strong></span> <span class='ocrx_word' id='word_1_112' title='bbox 1254 1615 1507 1676; x_wconf 89' lang='lat' dir='ltr'><strong>autem</strong></span> <span class='ocrx_word' id='word_1_113' title='bbox 1554 1612 1839 1677; x_wconf 90' lang='lat' dir='ltr'><strong>dictum</strong></span> <span class='ocrx_word' id='word_1_114' title='bbox 1884 1633 2032 1676; x_wconf 91' lang='lat' dir='ltr'><strong>non</strong></span> <span class='ocrx_word' id='word_1_115' title='bbox 2070 1632 2285 1676; x_wconf 91' lang='lat' dir='ltr'><strong>omne</strong></span> 
     </span>
     <span class='ocr_line' id='line_1_17' title="bbox 271 1699 2285 1784; baseline 0.001 -22"><span class='ocrx_word' id='word_1_116' title='bbox 271 1699 819 1784; x_wconf 88' lang='lat' dir='ltr'><strong>praestandum</strong></span> <span class='ocrx_word' id='word_1_117' title='bbox 857 1703 1001 1783; x_wconf 88' lang='lat' dir='ltr'><strong>est,</strong></span> <span class='ocrx_word' id='word_1_118' title='bbox 1040 1700 1237 1782; x_wconf 89' lang='lat' dir='ltr'><strong>quod</strong></span> <span class='ocrx_word' id='word_1_119' title='bbox 1275 1700 1561 1764; x_wconf 90' lang='lat' dir='ltr'><strong>dictum</strong></span> <span class='ocrx_word' id='word_1_120' title='bbox 1598 1721 1746 1765; x_wconf 90' lang='lat' dir='ltr'><strong>non</strong></span> <span class='ocrx_word' id='word_1_121' title='bbox 1783 1704 1926 1782; x_wconf 90' lang='lat' dir='ltr'><strong>est,</strong></span> <span class='ocrx_word' id='word_1_122' title='bbox 1964 1699 2037 1763; x_wconf 91' lang='lat' dir='ltr'><strong>id</strong></span> <span class='ocrx_word' id='word_1_123' title='bbox 2068 1722 2285 1784; x_wconf 91' lang='lat' dir='ltr'><strong>prae·</strong></span> 
     </span>
     <span class='ocr_line' id='line_1_18' title="bbox 273 1786 2286 1872; baseline 0.001 -21"><span class='ocrx_word' id='word_1_124' title='bbox 273 1787 627 1852; x_wconf 90' lang='lat' dir='ltr'><strong>standum</strong></span> <span class='ocrx_word' id='word_1_125' title='bbox 675 1787 952 1872; x_wconf 80' lang='lat' dir='ltr'><strong>putas?</strong></span> <span class='ocrx_word' id='word_1_126' title='bbox 1044 1786 1240 1862; x_wconf 85' lang='lat' dir='ltr'><strong>Quid</strong></span> <span class='ocrx_word' id='word_1_127' title='bbox 1282 1811 1463 1854; x_wconf 85' lang='lat' dir='ltr'><strong>vero</strong></span> <span class='ocrx_word' id='word_1_128' title='bbox 1512 1792 1630 1853; x_wconf 91' lang='lat' dir='ltr'><strong>est</strong></span> <span class='ocrx_word' id='word_1_129' title='bbox 1684 1788 2009 1853; x_wconf 90' lang='lat' dir='ltr'><strong>stultius</strong></span> <span class='ocrx_word' id='word_1_130' title='bbox 2066 1811 2286 1872; x_wconf 89' lang='lat' dir='ltr'><strong>quam</strong></span> 
     </span>
     <span class='ocr_line' id='line_1_19' title="bbox 270 1875 2287 1962; baseline 0.001 -23"><span class='ocrx_word' id='word_1_131' title='bbox 270 1876 761 1941; x_wconf 86' lang='lat' dir='ltr'><strong>venditorem</strong></span> <span class='ocrx_word' id='word_1_132' title='bbox 816 1875 977 1940; x_wconf 92' lang='lat' dir='ltr'><strong>eius</strong></span> <span class='ocrx_word' id='word_1_133' title='bbox 1031 1876 1170 1961; x_wconf 91' lang='lat' dir='ltr'><strong>rei,</strong></span> <span class='ocrx_word' id='word_1_134' title='bbox 1226 1899 1447 1962; x_wconf 90' lang='lat' dir='ltr'><strong>quam</strong></span> <span class='ocrx_word' id='word_1_135' title='bbox 1499 1877 1804 1962; x_wconf 81' lang='lat' dir='ltr'><strong>vendat,</strong></span> <span class='ocrx_word' id='word_1_136' title='bbox 1867 1877 2065 1941; x_wconf 85' lang='lat' dir='ltr'><strong>vitia</strong></span> <span class='ocrx_word' id='word_1_137' title='bbox 2116 1899 2287 1942; x_wconf 91' lang='lat' dir='ltr'><strong>nar-</strong></span> 
     </span>
     <span class='ocr_line' id='line_1_20' title="bbox 276 1965 2287 2066; baseline 0.002 -38"><span class='ocrx_word' id='word_1_138' title='bbox 276 1967 492 2031; x_wconf 80' lang='lat' dir='ltr'><strong>rare?</strong></span> <span class='ocrx_word' id='word_1_139' title='bbox 522 1965 722 2066; x_wconf 32' lang='lat' dir='ltr'><strong>‘quid</strong></span> <span class='ocrx_word' id='word_1_140' title='bbox 769 1969 1019 2030; x_wconf 89' lang='lat' dir='ltr'><strong>autem</strong></span> <span class='ocrx_word' id='word_1_141' title='bbox 1064 1969 1220 2030; x_wconf 90' lang='lat' dir='ltr'><strong>tam</strong></span> <span class='ocrx_word' id='word_1_142' title='bbox 1275 1966 1709 2050; x_wconf 89' lang='lat' dir='ltr'><strong>absurdum,</strong></span> <span class='ocrx_word' id='word_1_143' title='bbox 1766 1988 1984 2050; x_wconf 89' lang='lat' dir='ltr'><strong>quam</strong></span> <span class='ocrx_word' id='word_1_144' title='bbox 2040 1967 2104 2030; x_wconf 92' lang='lat' dir='ltr'><strong>si</strong></span> <span class='ocrx_word' id='word_1_145' title='bbox 2163 1966 2287 2032; x_wconf 91' lang='lat' dir='ltr'><strong>do·</strong></span> 
     </span>
     <span class='ocr_line' id='line_1_21' title="bbox 196 2052 2286 2155; baseline 0.002 -39"><span class='ocrx_word' id='word_1_146' title='bbox 196 2052 460 2117; x_wconf 65' lang='lat' dir='ltr'><strong>nomini</strong></span> <span class='ocrx_word' id='word_1_147' title='bbox 516 2053 732 2118; x_wconf 88' lang='lat' dir='ltr'><strong>iussu</strong></span> <span class='ocrx_word' id='word_1_148' title='bbox 785 2054 899 2118; x_wconf 91' lang='lat' dir='ltr'><strong>ita</strong></span> <span class='ocrx_word' id='word_1_149' title='bbox 952 2075 1226 2138; x_wconf 89' lang='lat' dir='ltr'><strong>praeco</strong></span> <span class='ocrx_word' id='word_1_150' title='bbox 1274 2054 1700 2140; x_wconf 86' lang='lat' dir='ltr'><strong>praedicet:</strong></span> <span class='ocrx_word' id='word_1_151' title='bbox 1761 2053 2109 2119; x_wconf 77' lang='lat' dir='ltr'><strong>‘Domum</strong></span> <span class='ocrx_word' id='word_1_152' title='bbox 2162 2076 2286 2155; x_wconf 81' lang='lat' dir='ltr'><strong>pe-</strong></span> 
     </span>
     <span class='ocr_line' id='line_1_22' title="bbox 279 2140 2389 2227; baseline 0.003 -24"><span class='ocrx_word' id='word_1_153' title='bbox 279 2141 670 2205; x_wconf 88' lang='lat' dir='ltr'><strong>stilentem</strong></span> <span class='ocrx_word' id='word_1_154' title='bbox 724 2141 1068 2206; x_wconf 79' lang='lat' dir='ltr'><strong>vendo?&#39;&#39;</strong></span> <span class='ocrx_word' id='word_1_155' title='bbox 1162 2140 1266 2207; x_wconf 86' lang='lat' dir='ltr'><strong>Sic</strong></span> <span class='ocrx_word' id='word_1_156' title='bbox 1313 2164 1467 2227; x_wconf 87' lang='lat' dir='ltr'><strong>ergo</strong></span> <span class='ocrx_word' id='word_1_157' title='bbox 1513 2144 1583 2206; x_wconf 91' lang='lat' dir='ltr'><strong>in</strong></span> <span class='ocrx_word' id='word_1_158' title='bbox 1629 2142 2014 2224; x_wconf 89' lang='lat' dir='ltr'><strong>quibusdam</strong></span> <span class='ocrx_word' id='word_1_159' title='bbox 2073 2144 2284 2208; x_wconf 87' lang='lat' dir='ltr'><strong>causis</strong></span> <span class='ocrx_word' id='word_1_160' title='bbox 2324 2158 2389 2209; x_wconf 82' lang='grc'><strong>56</strong></span> 
     </span>
     <span class='ocr_line' id='line_1_23' title="bbox 279 2228 2287 2314; baseline 0.002 -22"><span class='ocrx_word' id='word_1_161' title='bbox 279 2228 489 2292; x_wconf 89' lang='lat' dir='ltr'><strong>dubiis</strong></span> <span class='ocrx_word' id='word_1_162' title='bbox 536 2251 612 2293; x_wconf 90' lang='lat' dir='ltr'><strong>ex</strong></span> <span class='ocrx_word' id='word_1_163' title='bbox 659 2231 864 2294; x_wconf 90' lang='lat' dir='ltr'><strong>altera</strong></span> <span class='ocrx_word' id='word_1_164' title='bbox 907 2234 1095 2314; x_wconf 90' lang='lat' dir='ltr'><strong>parte</strong></span> <span class='ocrx_word' id='word_1_165' title='bbox 1143 2230 1505 2295; x_wconf 86' lang='lat' dir='ltr'><strong>defenditur</strong></span> <span class='ocrx_word' id='word_1_166' title='bbox 1552 2230 1858 2294; x_wconf 89' lang='lat' dir='ltr'><strong>honestas</strong></span> <span class='ocrx_word' id='word_1_167' title='bbox 1868 2281 1884 2314; x_wconf 92' lang='lat'><strong>,</strong></span> <span class='ocrx_word' id='word_1_168' title='bbox 1945 2252 2021 2294; x_wconf 89' lang='lat' dir='ltr'><strong>ex</strong></span> <span class='ocrx_word' id='word_1_169' title='bbox 2077 2231 2287 2296; x_wconf 87' lang='lat' dir='ltr'><strong>altera</strong></span> 
     </span>
     <span class='ocr_line' id='line_1_24' title="bbox 276 2317 2285 2402; baseline 0.001 -22"><span class='ocrx_word' id='word_1_170' title='bbox 276 2317 373 2381; x_wconf 93' lang='lat' dir='ltr'><strong>ita</strong></span> <span class='ocrx_word' id='word_1_171' title='bbox 419 2317 496 2381; x_wconf 92' lang='lat' dir='ltr'><strong>de</strong></span> <span class='ocrx_word' id='word_1_172' title='bbox 541 2317 825 2383; x_wconf 88' lang='lat' dir='ltr'><strong>utilitate</strong></span> <span class='ocrx_word' id='word_1_173' title='bbox 862 2318 1112 2402; x_wconf 90' lang='lat' dir='ltr'><strong>dicitur,</strong></span> <span class='ocrx_word' id='word_1_174' title='bbox 1155 2323 1231 2382; x_wconf 91' lang='lat' dir='ltr'><strong>ut</strong></span> <span class='ocrx_word' id='word_1_175' title='bbox 1262 2318 1348 2402; x_wconf 89' lang='lat' dir='ltr'><strong>id,</strong></span> <span class='ocrx_word' id='word_1_176' title='bbox 1396 2318 1565 2402; x_wconf 92' lang='lat' dir='ltr'><strong>quod</strong></span> <span class='ocrx_word' id='word_1_177' title='bbox 1601 2318 1762 2382; x_wconf 92' lang='lat' dir='ltr'><strong>utile</strong></span> <span class='ocrx_word' id='word_1_178' title='bbox 1801 2319 2110 2401; x_wconf 86' lang='lat' dir='ltr'><strong>videatur,</strong></span> <span class='ocrx_word' id='word_1_179' title='bbox 2154 2340 2285 2383; x_wconf 91' lang='lat' dir='ltr'><strong>non</strong></span> 
     </span>
     <span class='ocr_line' id='line_1_25' title="bbox 277 2404 2285 2490; baseline 0.001 -21"><span class='ocrx_word' id='word_1_180' title='bbox 277 2405 467 2470; x_wconf 90' lang='lat' dir='ltr'><strong>modo</strong></span> <span class='ocrx_word' id='word_1_181' title='bbox 499 2404 710 2470; x_wconf 86' lang='lat' dir='ltr'><strong>facere</strong></span> <span class='ocrx_word' id='word_1_182' title='bbox 745 2407 1090 2472; x_wconf 90' lang='lat' dir='ltr'><strong>honestum</strong></span> <span class='ocrx_word' id='word_1_183' title='bbox 1129 2407 1234 2490; x_wconf 92' lang='lat' dir='ltr'><strong>sit,</strong></span> <span class='ocrx_word' id='word_1_184' title='bbox 1270 2406 1385 2471; x_wconf 88' lang='lat' dir='ltr'><strong>sed</strong></span> <span class='ocrx_word' id='word_1_185' title='bbox 1430 2406 1628 2470; x_wconf 90' lang='lat' dir='ltr'><strong>etiam</strong></span> <span class='ocrx_word' id='word_1_186' title='bbox 1664 2426 1796 2471; x_wconf 91' lang='lat' dir='ltr'><strong>non</strong></span> <span class='ocrx_word' id='word_1_187' title='bbox 1830 2405 2041 2470; x_wconf 84' lang='lat' dir='ltr'><strong>facere</strong></span> <span class='ocrx_word' id='word_1_188' title='bbox 2077 2409 2285 2490; x_wconf 89' lang='lat' dir='ltr'><strong>turpe.</strong></span> 
     </span>
     <span class='ocr_line' id='line_1_26' title="bbox 194 2492 2285 2579; baseline -0 -21"><span class='ocrx_word' id='word_1_189' title='bbox 194 2508 247 2550; x_wconf 80' lang='lat'><strong>2⁵</strong></span> <span class='ocrx_word' id='word_1_190' title='bbox 272 2492 453 2558; x_wconf 90' lang='lat' dir='ltr'><strong>Haec</strong></span> <span class='ocrx_word' id='word_1_191' title='bbox 499 2498 600 2559; x_wconf 92' lang='lat' dir='ltr'><strong>est</strong></span> <span class='ocrx_word' id='word_1_192' title='bbox 641 2494 775 2578; x_wconf 92' lang='lat' dir='ltr'><strong>illa,</strong></span> <span class='ocrx_word' id='word_1_193' title='bbox 822 2517 985 2579; x_wconf 90' lang='lat' dir='ltr'><strong>quae</strong></span> <span class='ocrx_word' id='word_1_194' title='bbox 1030 2495 1286 2559; x_wconf 80' lang='lat' dir='ltr'><strong>videtur</strong></span> <span class='ocrx_word' id='word_1_195' title='bbox 1330 2494 1590 2559; x_wconf 94' lang='lat' dir='ltr'><strong>utilium</strong></span> <span class='ocrx_word' id='word_1_196' title='bbox 1633 2494 1775 2558; x_wconf 92' lang='lat' dir='ltr'><strong>fieri</strong></span> <span class='ocrx_word' id='word_1_197' title='bbox 1811 2516 1956 2558; x_wconf 93' lang='lat' dir='ltr'><strong>cum</strong></span> <span class='ocrx_word' id='word_1_198' title='bbox 1992 2493 2285 2558; x_wconf 89' lang='lat' dir='ltr'><strong>honestis</strong></span> 
     </span>
     <span class='ocr_line' id='line_1_27' title="bbox 275 2582 2286 2668; baseline -0 -21"><span class='ocrx_word' id='word_1_199' title='bbox 275 2604 466 2668; x_wconf 90' lang='lat' dir='ltr'><strong>saepe</strong></span> <span class='ocrx_word' id='word_1_200' title='bbox 513 2582 845 2648; x_wconf 88' lang='lat' dir='ltr'><strong>dissensio.</strong></span> <span class='ocrx_word' id='word_1_201' title='bbox 918 2583 1093 2659; x_wconf 85' lang='lat' dir='ltr'><strong>Quae</strong></span> <span class='ocrx_word' id='word_1_202' title='bbox 1140 2583 1547 2648; x_wconf 90' lang='lat' dir='ltr'><strong>diiudicanda</strong></span> <span class='ocrx_word' id='word_1_203' title='bbox 1587 2586 1765 2666; x_wconf 82' lang='lat' dir='ltr'><strong>sunt3</strong></span> <span class='ocrx_word' id='word_1_204' title='bbox 1808 2604 1940 2647; x_wconf 91' lang='lat' dir='ltr'><strong>non</strong></span> <span class='ocrx_word' id='word_1_205' title='bbox 1976 2582 2166 2665; x_wconf 91' lang='lat' dir='ltr'><strong>enim,</strong></span> <span class='ocrx_word' id='word_1_206' title='bbox 2210 2587 2286 2648; x_wconf 87' lang='lat' dir='ltr'><strong>ut</strong></span> 
     </span>
     <span class='ocr_line' id='line_1_28' title="bbox 275 2669 2389 2756; baseline 0 -21"><span class='ocrx_word' id='word_1_207' title='bbox 275 2692 754 2755; x_wconf 89' lang='lat' dir='ltr'><strong>quaereremus,</strong></span> <span class='ocrx_word' id='word_1_208' title='bbox 799 2673 1239 2756; x_wconf 88' lang='lat' dir='ltr'><strong>exposuimus,</strong></span> <span class='ocrx_word' id='word_1_209' title='bbox 1284 2672 1397 2736; x_wconf 90' lang='lat' dir='ltr'><strong>sed</strong></span> <span class='ocrx_word' id='word_1_210' title='bbox 1441 2675 1515 2736; x_wconf 91' lang='lat' dir='ltr'><strong>ut</strong></span> <span class='ocrx_word' id='word_1_211' title='bbox 1560 2671 2044 2756; x_wconf 61' lang='lat' dir='ltr'><strong>explicaremus</strong></span> <span class='ocrx_word' id='word_1_212' title='bbox 2133 2669 2286 2737; x_wconf 92' lang='lat' dir='ltr'><strong>Non</strong></span> <span class='ocrx_word' id='word_1_213' title='bbox 2323 2686 2389 2736; x_wconf 79' lang='lat'><strong>5⁷</strong></span> 
     </span>
     <span class='ocr_line' id='line_1_29' title="bbox 272 2759 2286 2845; baseline 0.002 -24"><span class='ocrx_word' id='word_1_214' title='bbox 272 2760 476 2845; x_wconf 82' lang='lat' dir='ltr'><strong>igitur</strong></span> <span class='ocrx_word' id='word_1_215' title='bbox 529 2760 786 2824; x_wconf 80' lang='lat' dir='ltr'><strong>videtur</strong></span> <span class='ocrx_word' id='word_1_216' title='bbox 836 2780 954 2824; x_wconf 92' lang='lat' dir='ltr'><strong>nec</strong></span> <span class='ocrx_word' id='word_1_217' title='bbox 1008 2760 1470 2825; x_wconf 86' lang='lat' dir='ltr'><strong>frumentarius</strong></span> <span class='ocrx_word' id='word_1_218' title='bbox 1524 2760 1637 2825; x_wconf 90' lang='lat' dir='ltr'><strong>ille</strong></span> <span class='ocrx_word' id='word_1_219' title='bbox 1682 2759 1972 2825; x_wconf 87' lang='lat' dir='ltr'><strong>Rhodios</strong></span> <span class='ocrx_word' id='word_1_220' title='bbox 2016 2782 2134 2825; x_wconf 90' lang='lat' dir='ltr'><strong>nec</strong></span> <span class='ocrx_word' id='word_1_221' title='bbox 2180 2761 2286 2826; x_wconf 91' lang='grc'>1110</span> 
     </span>
     <span class='ocr_line' id='line_1_30' title="bbox 275 2847 2286 2933; baseline 0 -21"><span class='ocrx_word' id='word_1_222' title='bbox 275 2847 528 2912; x_wconf 90' lang='lat' dir='ltr'><strong>aedium</strong></span> <span class='ocrx_word' id='word_1_223' title='bbox 555 2849 854 2913; x_wconf 80' lang='lat' dir='ltr'><strong>venditor</strong></span> <span class='ocrx_word' id='word_1_224' title='bbox 890 2848 1097 2913; x_wconf 89' lang='lat' dir='ltr'><strong>celare</strong></span> <span class='ocrx_word' id='word_1_225' title='bbox 1127 2853 1452 2933; x_wconf 84' lang='lat' dir='ltr'><strong>emptores</strong></span> <span class='ocrx_word' id='word_1_226' title='bbox 1482 2848 1794 2913; x_wconf 89' lang='lat' dir='ltr'><strong>debuisse.</strong></span> <span class='ocrx_word' id='word_1_227' title='bbox 1854 2848 2081 2932; x_wconf 90' lang='lat' dir='ltr'><strong>Neque</strong></span> <span class='ocrx_word' id='word_1_228' title='bbox 2115 2850 2286 2913; x_wconf 90' lang='lat' dir='ltr'><strong>enim</strong></span> 
     </span>
     <span class='ocr_line' id='line_1_31' title="bbox 167 2936 2286 3021; baseline 0.001 -22"><span class='ocrx_word' id='word_1_229' title='bbox 167 2950 246 2992; x_wconf 77' lang='lat'><strong>·³0</strong></span> <span class='ocrx_word' id='word_1_230' title='bbox 272 2936 340 2999; x_wconf 89' lang='lat' dir='ltr'><strong>id</strong></span> <span class='ocrx_word' id='word_1_231' title='bbox 377 2941 477 3000; x_wconf 88' lang='lat' dir='ltr'><strong>est</strong></span> <span class='ocrx_word' id='word_1_232' title='bbox 513 2936 740 3021; x_wconf 89' lang='lat' dir='ltr'><strong>celare,</strong></span> <span class='ocrx_word' id='word_1_233' title='bbox 777 2936 1079 3020; x_wconf 89' lang='lat' dir='ltr'><strong>quicquid</strong></span> <span class='ocrx_word' id='word_1_234' title='bbox 1113 2938 1406 3021; x_wconf 78' lang='lat' dir='ltr'><strong>reticeaS,</strong></span> <span class='ocrx_word' id='word_1_235' title='bbox 1443 2937 1554 3001; x_wconf 89' lang='lat' dir='ltr'><strong>sed</strong></span> <span class='ocrx_word' id='word_1_236' title='bbox 1582 2959 1744 3020; x_wconf 93' lang='lat' dir='ltr'><strong>cum,</strong></span> <span class='ocrx_word' id='word_1_237' title='bbox 1782 2936 1953 3021; x_wconf 89' lang='lat' dir='ltr'><strong>quod</strong></span> <span class='ocrx_word' id='word_1_238' title='bbox 1990 2941 2063 3001; x_wconf 90' lang='lat' dir='ltr'><strong>tu</strong></span> <span class='ocrx_word' id='word_1_239' title='bbox 2100 2937 2286 3021; x_wconf 81' lang='lat' dir='ltr'><strong>sciaS,</strong></span> 
     </span>
     <span class='ocr_line' id='line_1_32' title="bbox 272 3024 2286 3110; baseline 0.001 -24"><span class='ocrx_word' id='word_1_240' title='bbox 272 3024 339 3087; x_wconf 89' lang='lat' dir='ltr'><strong>id</strong></span> <span class='ocrx_word' id='word_1_241' title='bbox 390 3024 694 3110; x_wconf 83' lang='lat' dir='ltr'><strong>ignorare</strong></span> <span class='ocrx_word' id='word_1_242' title='bbox 751 3025 1170 3090; x_wconf 90' lang='lat' dir='ltr'><strong>emolumenti</strong></span> <span class='ocrx_word' id='word_1_243' title='bbox 1223 3026 1323 3090; x_wconf 88' lang='lat' dir='ltr'><strong>tui</strong></span> <span class='ocrx_word' id='word_1_244' title='bbox 1367 3047 1560 3090; x_wconf 92' lang='lat' dir='ltr'><strong>causa</strong></span> <span class='ocrx_word' id='word_1_245' title='bbox 1606 3025 1767 3089; x_wconf 72' lang='lat' dir='ltr'><strong>velis</strong></span> <span class='ocrx_word' id='word_1_246' title='bbox 1813 3045 1951 3108; x_wconf 90' lang='grc'>008,</span> <span class='ocrx_word' id='word_1_247' title='bbox 2010 3046 2286 3108; x_wconf 90' lang='lat' dir='ltr'><strong>quorum</strong></span> 
     </span>
     <span class='ocr_line' id='line_1_33' title="bbox 273 3112 2285 3197; baseline 0.001 -23"><span class='ocrx_word' id='word_1_248' title='bbox 273 3112 532 3176; x_wconf 91' lang='lat' dir='ltr'><strong>intersit</strong></span> <span class='ocrx_word' id='word_1_249' title='bbox 575 3112 645 3176; x_wconf 91' lang='lat' dir='ltr'><strong>id</strong></span> <span class='ocrx_word' id='word_1_250' title='bbox 690 3114 870 3178; x_wconf 89' lang='lat' dir='ltr'><strong>scire.</strong></span> <span class='ocrx_word' id='word_1_251' title='bbox 959 3112 1103 3177; x_wconf 94' lang='lat' dir='ltr'><strong>Hoc</strong></span> <span class='ocrx_word' id='word_1_252' title='bbox 1149 3118 1367 3178; x_wconf 89' lang='lat' dir='ltr'><strong>autem</strong></span> <span class='ocrx_word' id='word_1_253' title='bbox 1414 3114 1662 3179; x_wconf 90' lang='lat' dir='ltr'><strong>celandi</strong></span> <span class='ocrx_word' id='word_1_254' title='bbox 1710 3133 1911 3197; x_wconf 87' lang='lat' dir='ltr'><strong>genus</strong></span> <span class='ocrx_word' id='word_1_255' title='bbox 1960 3114 2150 3196; x_wconf 89' lang='lat' dir='ltr'><strong>quale</strong></span> <span class='ocrx_word' id='word_1_256' title='bbox 2197 3113 2285 3178; x_wconf 89' lang='lat' dir='ltr'><strong>sit</strong></span> 
     </span>
     <span class='ocr_line' id='line_1_34' title="bbox 274 3199 2286 3286; baseline 0 -23"><span class='ocrx_word' id='word_1_257' title='bbox 274 3204 340 3263; x_wconf 89' lang='lat' dir='ltr'><strong>et</strong></span> <span class='ocrx_word' id='word_1_258' title='bbox 385 3201 565 3265; x_wconf 91' lang='lat' dir='ltr'><strong>cuius</strong></span> <span class='ocrx_word' id='word_1_259' title='bbox 611 3200 921 3285; x_wconf 88' lang='lat' dir='ltr'><strong>hominis,</strong></span> <span class='ocrx_word' id='word_1_260' title='bbox 968 3202 1112 3285; x_wconf 89' lang='lat' dir='ltr'><strong>quis</strong></span> <span class='ocrx_word' id='word_1_261' title='bbox 1157 3223 1288 3267; x_wconf 90' lang='lat' dir='ltr'><strong>non</strong></span> <span class='ocrx_word' id='word_1_262' title='bbox 1332 3201 1553 3266; x_wconf 82' lang='lat' dir='ltr'><strong>videt?</strong></span> <span class='ocrx_word' id='word_1_263' title='bbox 1645 3199 1834 3266; x_wconf 87' lang='lat' dir='ltr'><strong>Certe</strong></span> <span class='ocrx_word' id='word_1_264' title='bbox 1879 3222 2010 3265; x_wconf 93' lang='lat' dir='ltr'><strong>non</strong></span> <span class='ocrx_word' id='word_1_265' title='bbox 2058 3201 2286 3286; x_wconf 90' lang='lat' dir='ltr'><strong>aperti,</strong></span> 
     </span>
     <span class='ocr_line' id='line_1_35' title="bbox 272 3288 2285 3375; baseline 0.001 -24"><span class='ocrx_word' id='word_1_266' title='bbox 272 3310 402 3353; x_wconf 91' lang='lat' dir='ltr'><strong>non</strong></span> <span class='ocrx_word' id='word_1_267' title='bbox 447 3289 781 3374; x_wconf 79' lang='lat' dir='ltr'><strong>simpliciS,</strong></span> <span class='ocrx_word' id='word_1_268' title='bbox 825 3311 956 3354; x_wconf 90' lang='lat' dir='ltr'><strong>non</strong></span> <span class='ocrx_word' id='word_1_269' title='bbox 1000 3291 1291 3375; x_wconf 85' lang='lat' dir='ltr'><strong>ingenui,</strong></span> <span class='ocrx_word' id='word_1_270' title='bbox 1344 3312 1477 3354; x_wconf 90' lang='lat' dir='ltr'><strong>non</strong></span> <span class='ocrx_word' id='word_1_271' title='bbox 1521 3290 1704 3373; x_wconf 91' lang='lat' dir='ltr'><strong>iusti,</strong></span> <span class='ocrx_word' id='word_1_272' title='bbox 1756 3310 1889 3352; x_wconf 92' lang='lat' dir='ltr'><strong>non</strong></span> <span class='ocrx_word' id='word_1_273' title='bbox 1941 3288 2065 3353; x_wconf 80' lang='lat' dir='ltr'><strong>viri</strong></span> <span class='ocrx_word' id='word_1_274' title='bbox 2110 3289 2285 3373; x_wconf 87' lang='lat' dir='ltr'><strong>boni,</strong></span> 
     </span>
     <span class='ocr_line' id='line_1_36' title="bbox 192 3376 2285 3462; baseline 0.001 -23"><span class='ocrx_word' id='word_1_275' title='bbox 192 3390 244 3433; x_wconf 72' lang='lat'><strong>⁸⁵</strong></span> <span class='ocrx_word' id='word_1_276' title='bbox 271 3378 516 3441; x_wconf 84' lang='lat' dir='ltr'><strong>versuti</strong></span> <span class='ocrx_word' id='word_1_277' title='bbox 543 3377 783 3462; x_wconf 89' lang='lat' dir='ltr'><strong>potius,</strong></span> <span class='ocrx_word' id='word_1_278' title='bbox 810 3379 1086 3461; x_wconf 90' lang='lat' dir='ltr'><strong>obscuri,</strong></span> <span class='ocrx_word' id='word_1_279' title='bbox 1115 3379 1336 3462; x_wconf 90' lang='lat' dir='ltr'><strong>astuti,</strong></span> <span class='ocrx_word' id='word_1_280' title='bbox 1371 3378 1643 3460; x_wconf 76' lang='lat' dir='ltr'><strong>fallaciS,</strong></span> <span class='ocrx_word' id='word_1_281' title='bbox 1679 3376 2010 3460; x_wconf 91' lang='lat' dir='ltr'><strong>malitiosi,</strong></span> <span class='ocrx_word' id='word_1_282' title='bbox 2048 3377 2285 3462; x_wconf 90' lang='lat' dir='ltr'><strong>callidi,</strong></span> 
     </span>
     <span class='ocr_line' id='line_1_37' title="bbox 273 3465 2284 3550; baseline 0.002 -22"><span class='ocrx_word' id='word_1_283' title='bbox 273 3465 684 3548; x_wconf 86' lang='lat' dir='ltr'><strong>veteratoris,</strong></span> <span class='ocrx_word' id='word_1_284' title='bbox 738 3466 925 3532; x_wconf 80' lang='lat' dir='ltr'><strong>vafri.</strong></span> <span class='ocrx_word' id='word_1_285' title='bbox 1014 3465 1193 3532; x_wconf 89' lang='lat' dir='ltr'><strong>Haec</strong></span> <span class='ocrx_word' id='word_1_286' title='bbox 1246 3470 1351 3532; x_wconf 91' lang='lat' dir='ltr'><strong>tot</strong></span> <span class='ocrx_word' id='word_1_287' title='bbox 1405 3471 1471 3531; x_wconf 91' lang='lat' dir='ltr'><strong>et</strong></span> <span class='ocrx_word' id='word_1_288' title='bbox 1526 3468 1656 3530; x_wconf 82' lang='lat' dir='ltr'><strong>alia</strong></span> <span class='ocrx_word' id='word_1_289' title='bbox 1700 3466 1890 3550; x_wconf 90' lang='lat' dir='ltr'><strong>plura</strong></span> <span class='ocrx_word' id='word_1_290' title='bbox 1933 3487 2146 3531; x_wconf 89' lang='lat' dir='ltr'><strong>nonne</strong></span> <span class='ocrx_word' id='word_1_291' title='bbox 2190 3467 2284 3533; x_wconf 81' lang='lat' dir='ltr'><strong>in-</strong></span> 
     </span>
     <span class='ocr_line' id='line_1_38' title="bbox 271 3553 1549 3621; baseline 0.003 -6"><span class='ocrx_word' id='word_1_292' title='bbox 271 3553 433 3618; x_wconf 88' lang='lat' dir='ltr'><strong>utile</strong></span> <span class='ocrx_word' id='word_1_293' title='bbox 481 3558 579 3618; x_wconf 90' lang='lat' dir='ltr'><strong>est</strong></span> <span class='ocrx_word' id='word_1_294' title='bbox 623 3555 932 3621; x_wconf 85' lang='lat' dir='ltr'><strong>vitiorum</strong></span> <span class='ocrx_word' id='word_1_295' title='bbox 978 3555 1195 3620; x_wconf 90' lang='lat' dir='ltr'><strong>subire</strong></span> <span class='ocrx_word' id='word_1_296' title='bbox 1240 3555 1549 3620; x_wconf 81' lang='lat' dir='ltr'><strong>nomina?</strong></span> 
     </span>
    </p>
   </div>
  </div>
 </body>
</html>
