2630 3913
325 183 411 245 94
1110 181 1207 236 DE
1247 182 1338 236 OF
1342 182 1383 235 F
1385 182 1548 236 lCIIS

328 343 685 430 intellegit3
732 348 1049 428 quatenus
1092 349 1308 409 autem
1347 344 1692 430 intellegit,
1735 344 1900 408 nihil
1939 347 2129 428 putat
2165 366 2341 429 prae·

328 433 729 515 termissum3
792 433 961 516 quod
1017 433 1186 497 idem
1241 432 1310 496 in
1365 432 1712 517 polimatiS,
1774 432 1842 496 in
1888 432 2158 516 picturis
2222 453 2343 496 usu

328 522 509 585 venit
553 522 622 585 in
668 521 942 604 aliisque
987 520 1448 605 compluribus,
1492 525 1567 584 ut
1612 521 2011 585 delectentur
2056 521 2342 604 imperiti

328 609 718 693 laudentque
755 631 848 691 ea,
887 631 1050 693 quae
1089 609 1411 674 laudanda
1445 631 1577 674 non
1612 610 1763 686 sint,
1808 610 1892 674 ob
1930 631 2092 693 eam,
2135 609 2344 692 cred0,

328 719 615 781 causam,
671 698 842 782 quod
896 697 1056 762 insit
1107 698 1178 763 in
1221 697 1303 761 iis
1350 697 1595 782 aliquid
1638 697 1854 782 probi,
1910 697 2081 783 quod
2126 698 2344 782 capiat
2399 718 2427 760 s

326 787 611 871 ignaroS‚
657 786 769 870 qui
814 786 1101 870 quidem,
1148 786 1301 870 quid
1348 786 1415 849 in
1459 807 1590 851 una
1635 807 1886 869 quaque
1933 808 2001 850 re
2047 785 2193 850 vitii
2237 787 2341 869 sit,

328 878 651 957 nequeant
703 874 1012 958 iudicare3
1066 876 1312 957 itaque,
1366 896 1510 939 cum
1572 878 1723 938 sunt
1778 875 1951 939 docti
2005 897 2044 939 a
2097 874 2344 958 peritis,

249 965 290 1028 4
329 963 652 1027 desistunt
694 963 883 1028 facile
930 965 1267 1027 sententia.
1341 962 1521 1027 Haec
1565 963 1768 1048 igitur
1815 961 2045 1046 officia,
2093 962 2169 1026 de
2208 963 2342 1046 qui—

230 1246 289 1294 16

228 2130 288 2176 17

225 3103 287 3151 18

327 1053 448 1116 bus
495 1052 598 1115 his
646 1051 833 1116 libris
881 1051 1273 1135 disserimuS,
1321 1051 1505 1135 quasi
1556 1051 1834 1115 secunda
1881 1051 2195 1135 quaedam
2232 1051 2342 1116 ho·

327 1144 513 1205 nesta
559 1161 700 1205 esse
747 1140 997 1224 dicunt,
1041 1162 1170 1205 non
1220 1139 1609 1223 sapientium
1657 1139 1848 1205 modo
1893 1139 2184 1224 propria,
2230 1139 2343 1204 sed
2374 1162 2426 1202 ιο

328 1251 473 1293 cum
539 1230 714 1293 omni
777 1229 1114 1294 hominum
1180 1249 1412 1313 genere
1481 1228 1862 1293 communia.
1968 1226 2199 1312 Itaque
2260 1227 2341 1291 iis

329 1339 579 1400 omnes,
634 1317 702 1381 in
756 1318 990 1401 quibus
1038 1321 1139 1382 est
1193 1317 1457 1380 virtutis
1502 1316 1780 1399 indoles,
1836 1320 2343 1381 commoventur.

328 1405 463 1470 Nec
508 1428 680 1488 ver0,
727 1427 871 1470 cum
919 1407 1043 1470 duo
1072 1405 1254 1469 Decii
1300 1409 1414 1469 aut
1451 1404 1575 1469 duo
1614 1402 1941 1488 Scipiones
1978 1405 2181 1469 fortes
2219 1404 2341 1469 viri

328 1497 940 1577 commemorantur,
1003 1497 1117 1558 aut
1174 1515 1320 1557 cum
1384 1492 1717 1557 Fabricius
1790 1495 1929 1572 [aut
1993 1493 2339 1573 Aristides]

327 1584 537 1647 iustus
574 1582 965 1664 nominatur,
1010 1586 1124 1647 aut
1170 1582 1252 1645 ab
1300 1581 1434 1644 illis
1483 1581 1882 1645 fortitudinis
1930 1585 2043 1645 aut
2088 1581 2171 1646 ab
2217 1581 2340 1645 hoc
2372 1602 2421 1641 ιε

328 1673 617 1735 iustitiae
654 1675 988 1754 tamquam
1027 1692 1068 1734 a
1103 1670 1395 1752 sapiente
1434 1670 1677 1753 petitur
1713 1671 2106 1754 exemplum3
2149 1691 2338 1734 nemo

329 1760 499 1823 enim
546 1759 779 1823 horum
826 1758 917 1823 sic
964 1758 1239 1842 sapienS,
1286 1762 1362 1822 ut
1407 1759 1765 1842 sapientem
1811 1758 2109 1823 volumus
2154 1759 2339 1822 intel·

328 1847 479 1932 legi,
524 1868 640 1911 nec
685 1846 750 1930 ii,
798 1847 908 1931 qui
946 1847 1272 1930 sapientes
1310 1846 1520 1910 habiti
1566 1851 1633 1910 et
1675 1846 2014 1930 nominati,
2058 1846 2142 1911 M.
2176 1845 2338 1911 Cato

330 1940 394 2000 et
423 1933 491 2000 O.
520 1935 798 2018 Laelius,
836 1935 1160 2020 sapientes
1197 1935 1478 2017 fuerunt,
1521 1958 1602 2000 ne
1640 1935 1738 1999 illi
1778 1934 2033 2020 quidem
2073 1939 2339 2019 septem,

328 2024 440 2088 sed
496 2046 570 2088 ex
628 2024 983 2089 mediorum
1030 2024 1389 2089 officiorum
1436 2023 1802 2107 frequentia
1847 2024 2335 2089 similitudinem
2367 2045 2421 2084 ιο

329 2112 652 2195 quandam
708 2114 1023 2199 gerebant
1076 2113 1479 2197 speciemque
1530 2112 1937 2197 sapientium.
2029 2111 2339 2187 Quocirca

327 2222 443 2266 nec
489 2201 572 2283 id,
619 2201 789 2285 quod
834 2209 982 2266 vere
1028 2201 1374 2265 honestum
1412 2205 1531 2284 est,
1575 2200 1674 2265 fas
1713 2206 1813 2266 est
1847 2223 1992 2265 cum
2029 2202 2338 2265 utilitatis

328 2290 760 2375 repugnantia
787 2290 1167 2374 comparari,
1202 2312 1319 2355 nec
1349 2290 1430 2363 id,
1468 2289 1638 2373 quod
1667 2290 2091 2354 communiter
2123 2290 2338 2374 appel·

329 2379 537 2443 lamus
593 2378 964 2461 honestum,
1023 2378 1194 2461 quod
1249 2379 1487 2443 colitur
1542 2377 1623 2442 ab
1678 2378 1785 2455 iis,
1841 2379 1949 2461 qui
2006 2379 2211 2442 bonos
2268 2399 2337 2442 se

330 2467 501 2532 viros
556 2467 782 2531 haberi
839 2468 1093 2550 volunt,
1156 2489 1300 2531 cum
1366 2467 1817 2531 emolumentis
1873 2488 2179 2566 umquam
2239 2470 2338 2530 est
2365 2485 2418 2526 ²5

327 2556 849 2639 comparandum,
894 2559 1158 2637 tamque
1203 2555 1271 2619 id
1317 2555 1678 2638 honestum,
1724 2554 1894 2638 quod
1941 2554 2007 2618 in
2042 2558 2336 2619 nostram

329 2644 845 2729 intellegentiam
891 2643 1080 2725 cadit,
1126 2643 1435 2707 tuendum
1472 2643 2106 2726 conservandumque
2147 2643 2335 2726 nobis

328 2735 429 2797 est
475 2753 668 2815 quam
713 2731 903 2814 illud,
960 2731 1130 2813 quod
1176 2731 1436 2815 proprie
1482 2731 1715 2796 dicitur
1761 2752 2035 2824 vereque
2081 2735 2181 2795 est
2226 2732 2335 2796 ho·

326 2824 599 2902 nestum,
645 2819 1073 2904 sapientibus,
1118 2820 1307 2883 aliter
1353 2820 1524 2883 enim
1568 2820 1777 2884 teneri
1820 2841 1951 2884 non
1997 2823 2234 2903 potest,
2280 2820 2333 2884 si

327 2932 453 2994 qua
500 2909 582 2974 ad
626 2908 934 2972 virtutem
981 2912 1084 2972 est
1128 2908 1301 2972 facta
1346 2909 1734 2994 progressio.
1827 2905 1952 2972 Sed
1997 2907 2155 2973 haec
2200 2911 2336 2992 qui-
2363 2926 2419 2968 ω

326 2999 470 3062 dem
517 2997 593 3062 de
639 2996 739 3080 iis,
785 2996 894 3081 qui
941 2997 1428 3061 conservatione
1474 2997 1833 3061 officiorum
1883 2997 2336 3061 existimantur

326 3087 496 3151 boni.
589 3086 714 3161 Qui
774 3089 991 3150 autem
1056 3085 1272 3149 omnia
1336 3086 1690 3150 metiuntur
1753 3084 2206 3150 emolumentis
2270 3089 2338 3149 et

326 3174 678 3240 commodis
742 3196 948 3256 neque
1005 3196 1081 3238 ea
1133 3175 1363 3238 volunt
1421 3173 1921 3258 praeponderari
1975 3174 2336 3256 honestate,

323 3264 370 3327 ii
418 3263 629 3328 solent
674 3263 741 3327 in
789 3262 1198 3327 deliberando
1247 3263 1592 3327 honestum
1638 3284 1783 3327 cum
1822 3284 1915 3344 eo,
1963 3262 2133 3346 quod
2173 3262 2336 3327 utile

323 3354 576 3434 putant,
605 3372 1004 3435 comparare,
1034 3351 1187 3415 boni
1207 3351 1332 3414 viri
1359 3372 1490 3415 non
1510 3352 1739 3415 solent.
1784 3349 2013 3434 Itaque
2035 3351 2332 3416 existimo
2364 3368 2417 3408 ³⁵

322 3437 722 3521 Panaetium,
778 3460 921 3503 cum
978 3440 1211 3503 dixerit
1266 3439 1560 3503 homines
1617 3439 1824 3503 solere
1879 3440 1947 3502 in
2001 3440 2123 3504 hac
2168 3461 2336 3504 com-

323 3526 659 3609 paratione
707 3526 1029 3608 dubitare,
1088 3527 1208 3591 hoc
1255 3527 1466 3611 ipsum
1517 3527 1793 3591 sensisse
1867 3527 2036 3610 quod
2083 3527 2337 3604 dixerit,
