2630 3913
703 207 835 262 LIB.
874 208 915 263 Ι.
990 207 1142 261 ΟΑΡ.
1181 213 1267 277 39,
1302 213 1389 262 40.
1462 214 1493 274 ς
1533 214 1808 264 139—145
2178 208 2266 273 49

262 371 495 453 lemus,
524 369 615 433 sic
644 368 945 433 definitur
974 392 1014 434 a
1040 368 1303 453 Stoicis,
1340 373 1415 435 ut
1449 369 1833 435 modestia
1869 370 1958 435 sit
1995 370 2267 436 scientia

259 479 473 522 rerum
511 478 732 522 earum
729 503 779 547 Ι
796 479 959 541 quae
996 462 1271 543 agentur
1308 462 1421 522 aut
1459 458 1781 550 dicenturs
1805 459 1947 523 loco
1985 480 2101 524 suo
2139 460 2267 525 col·

258 545 693 611 locandarum.
782 544 889 610 Ita
941 546 1196 612 videtur
1249 545 1472 612 eadem
1516 546 1616 611 vis
1672 546 1914 611 ordinis
1962 551 2027 611 et
2071 548 2266 613 collo-

259 634 533 699 cationis
577 633 747 718 fore3
790 655 943 699 nam
990 638 1056 699 et
1102 635 1442 700 ordinem
1488 634 1581 700 sic
1627 634 1964 699 definiunt:
2011 657 2266 721 compo-

208 741 232 780 5
262 721 564 787 sitionem
622 743 838 787 rerum
898 723 1072 807 aptis
1127 727 1192 788 et
1245 722 1746 788 accommodatis
1809 723 1997 807 locis;
2052 725 2264 789 locum

262 813 481 875 autem
542 811 814 876 actionis
876 811 1385 896 oportunitatem
1444 811 1757 896 temporis
1817 833 1958 877 esse
2018 812 2266 896 dicunt;

261 905 516 982 tempus
578 902 794 964 autem
854 900 1128 965 actionis
1190 903 1581 985 oportunum
1640 899 1883 965 Graece
1943 895 2265 984 εὐκαιρία,

260 987 492 1052 Latine
540 988 906 1072 appellatur
952 987 1222 1053 occasio.
1311 985 1416 1052 Sic
1460 988 1581 1071 fit,
1608 992 1683 1052 ut
1727 988 2045 1053 modestia
2088 989 2297 1073 haecf

262 1097 457 1160 quam
508 1075 604 1140 ita
657 1076 1204 1161 interpretamur!
1233 1080 1308 1140 ut
1354 1075 1512 1159 dixi,
1558 1075 1828 1140 scientia
1873 1076 1960 1140 sit
2007 1081 2264 1161 oportu-
2360 1067 2445 1163 W>

182 1181 232 1221 10
260 1163 489 1228 nitatis
525 1163 901 1230 idoneorum
938 1165 1019 1229 ad
1056 1164 1377 1250 agendum
1413 1167 1796 1248 temporum.
1870 1162 1994 1230 Sed
2022 1170 2241 1249 potest
2271 1182 2369 1232 143

264 1252 487 1317 eadem
526 1273 666 1317 csse
701 1252 1079 1338 prudentiae
1118 1252 1406 1317 definitio
1416 1302 1433 1334 ‚
1479 1251 1556 1316 de
1594 1274 1721 1335 qua
1754 1251 2072 1336 principio
2112 1254 2265 1318 dixi·

261 1361 433 1423 mus;
487 1340 611 1405 hoc
656 1344 872 1406 autem
919 1342 1061 1406 loco
1119 1341 1196 1405 de
1241 1340 1678 1406 moderatione
1725 1344 1791 1405 et
1834 1342 2265 1425 temperantia

263 1433 331 1493 et
357 1429 588 1493 harum
628 1428 950 1494 similibus
988 1429 1340 1494 virtutibus
1380 1429 1763 1512 quaerimus.
1825 1428 2087 1528 Itaquefl
2102 1451 2264 1512 quae

262 1521 446 1581 erant
500 1517 878 1601 prudentiae
932 1518 1239 1610 propria,
1278 1539 1395 1582 suo
1450 1518 1593 1582 loco
1650 1516 1822 1581 dicta
1876 1520 2054 1600 sunt3
2100 1540 2264 1601 quae

181 1623 230 1661 1⁵
263 1609 482 1669 autem
526 1605 758 1671 harum
802 1606 1116 1670 virtutum
1107 1650 1164 1698 J
1192 1606 1269 1670 de
1315 1605 1548 1688 quibus
1592 1606 1723 1670 iam
1771 1605 1877 1669 diu
1925 1606 2265 1690 loquimur,

263 1714 427 1776 quae
480 1693 809 1778 pertinent
863 1693 945 1758 ad
997 1693 1449 1759 verecundiam
1503 1698 1568 1758 et
1622 1693 1704 1758 ad
1757 1715 1978 1758 eorum
2037 1716 2263 1779 appro-

260 1781 640 1871 bationem,
665 1781 1045 1865 quibuscum
1090 1782 1396 1864 vivimuS,
1439 1804 1608 1846 nunc
1654 1782 1918 1847 dicenda
1964 1787 2131 1848 sunt.

395 1870 576 1934 Talis
603 1874 704 1935 est
730 1870 933 1955 igitur
952 1870 1109 1935 ordo
1138 1871 1464 1936 actionum
1486 1870 1915 1956 adhibendus!
1926 1875 2018 1955 ut,
2045 1892 2235 1954 quem
2269 1888 2373 1936 144

260 1958 344 2023 ad
399 1959 660 2023 modum
713 1959 783 2023 in
828 1959 1120 2025 oratione
1175 1960 1528 2043 constanti,
1592 1959 1683 2025 sic
1735 1959 1804 2024 in
1855 1960 1994 2025 vita
2048 1962 2263 2025 omnia

178 2062 231 2103 ²0
262 2046 398 2112 sint
443 2050 599 2132 apta
642 2047 813 2112 inter
858 2069 926 2112 se
973 2052 1038 2113 et
1082 2048 1557 2130 convenientia3
1600 2053 1790 2132 turpe
1837 2049 2006 2113 enim
2051 2050 2262 2114 valde-

261 2157 388 2219 que
433 2135 741 2201 vitiosum
787 2136 856 2200 in
900 2158 970 2200 re
1017 2157 1240 2201 severa
1293 2136 1588 2202 convivio
1637 2136 1832 2220 digna
1878 2142 1991 2201 aut
2037 2136 2261 2202 delica-

257 2230 402 2289 tum
450 2224 732 2307 aliquem
783 2223 1020 2289 inferre
1076 2245 1454 2289 sermonem.
1544 2223 1719 2287 Bene
1763 2224 2070 2307 Pericles,
2117 2247 2263 2291 cum

257 2311 532 2377 haberet
567 2312 887 2398 collegam
922 2312 993 2376 in
1026 2317 1334 2397 praetura
1361 2310 1743 2396 Sophoclem
1781 2316 2044 2396 poetam
2088 2312 2261 2397 iique

261 2400 340 2465 de
406 2400 729 2465 communi
792 2400 1005 2466 officio
1065 2400 1514 2465 convenissent
1585 2402 1651 2463 et
1723 2420 1874 2464 casu
1936 2399 2260 2465 formosus

176 2503 229 2544 8⁵
257 2509 421 2573 puer
474 2489 858 2573 praeteriret
910 2488 1301 2572 dixissetque
1358 2487 1735 2572 Sophocles:
1801 2486 1886 2551 ‘0
1946 2510 2261 2572 puerum

258 2576 693 2661 pulchrum,
745 2576 1103 2642 Pericle!'
1196 2576 1321 2641 ‘At
1374 2577 1570 2641 enim
1615 2580 2080 2661 praetorem,
2134 2574 2261 2641 So·

258 2664 561 2749 phocle,
599 2665 814 2730 decet
850 2686 1002 2730 non
1038 2665 1286 2731 solum
1325 2665 1783 2750 manusffsed
1822 2664 2056 2730 etiam
2094 2687 2261 2731 ocu-

260 2753 377 2817 los
434 2753 921 2818 abstinentes
973 2751 1296 2818 habere?
1371 2752 1578 2837 Atqui
1631 2753 1755 2818 hoc
1799 2753 1971 2817 idem
2018 2751 2262 2838 Sopho-

260 2840 392 2907 cles
458 2841 513 2905 si
575 2842 644 2905 in
700 2842 1094 2906 athletarum
1147 2842 1530 2926 probatione
1587 2841 1878 2926 dixisset,
1940 2842 2115 2906 iusta
2167 2865 2262 2906 re-

153 2944 233 2985 ω
259 2928 684 3012 prehensione
712 2929 1043 2995 caruisset.
1096 2928 1309 2994 Tanta
1335 2930 1434 2994 vis
1464 2934 1562 2994 est
1591 2933 1656 2993 et
1684 2930 1811 2995 loci
1838 2934 1906 2995 et
1931 2931 2261 3014 temporis.

259 3015 382 3102 Ut,
414 3017 471 3081 si
518 3017 646 3101 qui,
690 3039 836 3084 cum
882 3038 1142 3083 causam
1190 3018 1277 3083 sit
1323 3022 1600 3102 acturuS,
1646 3018 1713 3082 in
1759 3018 1988 3083 itinere
2035 3022 2148 3081 aut
2191 3018 2261 3081 in

260 3105 700 3171 ambulatione
755 3126 971 3171 secum
1025 3106 1166 3191 ipse
1214 3105 1575 3189 meditetur,
1623 3110 1736 3171 aut
1782 3106 1837 3172 si
1885 3105 2038 3190 quid
2083 3104 2261 3170 aliud

260 3193 573 3258 attentius
616 3193 887 3278 cogitet,
940 3215 1073 3259 non
1116 3194 1641 3279 reprehendatur,
1695 3198 1765 3259 at
1817 3193 1941 3259 hoc
1986 3193 2157 3258 idem
2204 3194 2261 3258 si

257 3280 323 3345 in
359 3282 654 3348 convivio
689 3281 922 3366 faciat,
957 3283 1347 3347 inhumanus
1384 3283 1679 3347 videatur
1714 3281 1974 3347 inscitia
2009 3287 2258 3366 tempo·
2377 3283 2379 3285 ’

176 3384 231 3425 ⁸⁵
261 3369 368 3435 ris.
440 3368 565 3435 Sed
611 3392 687 3435 ea
752 3392 914 3454 quae
959 3372 1238 3436 multum
1275 3372 1358 3436 ab
1396 3371 1802 3436 humanitate
1849 3369 2232 3454 discrepant,
2265 3386 2370 3435 14⁶

261 3461 331 3521 ut
377 3458 434 3522 si
489 3458 599 3541 qui
653 3405 722 3522 ιζι
773 3458 917 3523 foro
965 3463 1209 3542 cantet,
1266 3464 1379 3524 aut
1425 3459 1481 3524 si
1528 3480 1656 3542 qua
1701 3462 1803 3523 est
1849 3458 1979 3523 alia
2024 3480 2262 3543 magna

261 3547 681 3629 perversitas,
725 3546 916 3612 facile
962 3551 1234 3632 apparet
1277 3568 1396 3612 nec
1441 3546 1834 3632 magnopere
1881 3547 2261 3613 admonitio-

366 3657 651 3700 o1o.1v.s.
1912 3660 1944 3705 4
