2630 3913
882 208 1034 263 CAP.
1077 213 1300 261 11—13.
1374 214 1403 272 5
1441 214 1665 261 40—46.
2142 205 2269 268 227

263 370 598 435 distribuit
652 369 1013 434 animorum
1069 373 1135 433 et
1190 368 1484 452 singulos
1539 368 1831 431 adiunxit
1886 368 1967 431 ad
2013 368 2271 452 singula

264 465 459 543 atque
504 459 600 523 ita
647 458 833 542 quasi
878 457 946 522 in
990 479 1246 521 currum
1292 456 1735 520 universitatis
1780 455 2068 540 inposuit
2104 479 2270 521 com·

262 548 777 630 monstravitque
824 547 1001 631 leges
1047 546 1281 609 fatales
1329 567 1404 610 ac
1446 545 1843 609 necessarias
1886 548 1952 608 et
1988 545 2272 609 ostendit

262 636 542 721 primum
590 640 804 700 ortum
849 657 1049 698 unum
1095 633 1233 698 fore
1280 633 1578 697 omnibus
1589 684 1605 715 ,
1664 655 1935 717 eumque
1984 633 2270 697 modera-

209 743 236 783 5
263 731 402 789 tum
451 728 643 807 atque
690 726 1095 788 constantem
1141 744 1255 786 nec
1304 722 1387 785 ab
1443 723 1577 786 ullo
1634 721 2050 800 inminutum,
2109 722 2270 786 satis

263 818 481 878 autem
528 819 593 877 et
640 812 823 895 quasi
878 810 1123 895 sparsis
1183 808 1415 874 animis
1462 809 1599 874 fore
1645 810 1743 874 uti
1788 811 1981 874 certis
2027 816 2271 894 tempo-

262 925 407 966 rum
445 900 807 966 intervallis
846 902 1136 963 oreretur
1173 898 1444 980 animal,
1492 898 1662 981 quod
1698 902 1869 962 esset
1907 898 1988 961 ad
2025 899 2271 962 cultum

265 990 529 1054 deorum
583 989 1030 1072 aptissumum.
1121 985 1244 1051 Sed
1299 1010 1444 1051 cum
1508 986 1741 1070 duplex
1807 991 1976 1050 esset
2038 991 2272 1050 natura

264 1077 517 1163 generis
572 1076 864 1158 humani,
919 1077 1011 1140 sic
1068 1097 1135 1139 se
1192 1097 1293 1138 res
1350 1075 1659 1156 habebat,
1714 1078 1789 1138 ut
1833 1075 2271 1159 praestantius

188 1185 238 1223 10
267 1188 469 1252 genus
517 1168 689 1230 esset
725 1186 962 1246 eorum,
1008 1164 1120 1248 qui
1157 1168 1375 1227 essent
1410 1162 1613 1226 futuri
1650 1162 1789 1226 viri.
1853 1161 2017 1227 Cum
2054 1167 2272 1227 autem

266 1255 517 1318 animos
573 1252 948 1337 corporibus
1002 1252 1387 1317 necessitate
1443 1251 1809 1333 insevisset,
1863 1272 2134 1334 cumque
2190 1251 2271 1314 ad

267 1364 539 1426 corpora
583 1345 724 1405 tum
769 1340 1047 1405 accessio
1094 1341 1302 1421 fieret,
1358 1344 1498 1403 tum
1546 1339 1895 1422 abscessio,
1955 1339 2270 1424 principio

265 1452 522 1494 necesse
586 1433 726 1494 erat
789 1450 1049 1494 sensum
1111 1428 1418 1492 exsistere
1482 1450 1681 1491 unum
1743 1448 2271 1510 communemque

269 1518 556 1583 omnium
600 1516 1078 1582 vehementiore
1124 1520 1307 1581 motu
1353 1516 1703 1580 excitatum
1739 1515 2272 1599 coniunctumque

190 1622 240 1664 1⁵
265 1611 554 1689 naturae,
592 1606 818 1670 deinde
852 1606 1187 1690 voluptate
1216 1609 1283 1669 et
1319 1604 1622 1669 molestia
1659 1604 1932 1668 mixtum
1970 1627 2273 1687 amorem,

265 1699 416 1780 post
458 1695 624 1759 iram
670 1699 736 1759 et
781 1699 1026 1758 metum
1072 1697 1137 1757 et
1174 1693 1459 1777 reliquos
1497 1697 1711 1757 motus
1750 1692 1969 1776 animi,
2004 1693 2271 1757 comites

265 1783 667 1868 superiorum
715 1786 781 1847 et
836 1782 916 1846 iis
972 1782 1169 1847 etiam
1227 1781 1586 1846 contrarios
1642 1781 2050 1864 dissidentes;
2111 1803 2272 1864 quos

265 1873 374 1956 qui
419 1871 671 1937 ratione
717 1870 972 1953 rexerit,
1016 1870 1185 1935 iuste
1230 1870 1484 1951 vixerit,
1530 1870 1666 1953 qui.
1687 1873 1901 1934 autem
1947 1870 2028 1933 iis
2066 1892 2134 1934 se
2173 1869 2273 1933 de-

265 1962 523 2043 diderit,
577 1961 831 2025 iniuste.
922 1960 1138 2043 Atque
1184 1960 1323 2040 ille,
1378 1960 1489 2043 qui
1547 1963 1716 2024 recte
1764 1963 1957 2042 atque
2003 1959 2272 2023 honeste

185 2068 235 2106 20
266 2049 652 2114 curriculum
684 2048 943 2113 vivendi
979 2071 1018 2111 a
1052 2051 1287 2111 natura
1326 2048 1547 2111 datum
1585 2046 1946 2131 confecerit,
1993 2048 2074 2112 ad
2111 2048 2274 2112 illud

154 2150 161 2157 ’
267 2141 546 2218 astrum,
600 2157 873 2218 quocum
929 2140 1120 2219 aptus
1173 2135 1397 2217 fuerit,
1450 2140 1836 2217 revertetur3
1892 2136 2003 2220 qui
2057 2141 2273 2201 autem

267 2224 664 2287 inmoderate
701 2229 766 2287 et
801 2223 1227 2308 intemperate
1265 2223 1513 2305 vixerit,
1557 2246 1702 2288 eum
1741 2225 2053 2288 secundus
2092 2230 2271 2289 ortus

265 2312 335 2376 in
380 2312 657 2395 figuram
703 2310 1083 2375 muliebrem
1139 2311 1514 2394 transferet,
1571 2317 1661 2394 et,
1717 2312 1772 2376 si
1825 2335 1905 2377 ne
1950 2317 2091 2376 tum
2140 2315 2274 2395 qui-

268 2400 414 2464 dem
468 2399 662 2462 finem
717 2398 1021 2463 vitiorum
1073 2399 1294 2482 faciet,
1356 2400 1616 2485 gravius
1672 2400 1868 2464 etiam
1921 2401 2273 2464 iactabitur

186 2505 237 2544 25
267 2493 333 2552 et
376 2488 446 2551 in
482 2486 616 2551 suis
654 2487 941 2551 moribus
981 2487 1346 2552 simillimas
1381 2488 1623 2573 figuras
1659 2489 1973 2572 pecudum
2012 2495 2077 2552 et
2111 2489 2272 2553 fera·

265 2599 408 2640 rum
446 2575 874 2639 transferetur
909 2598 1114 2660 neque
1151 2577 1500 2641 terminum
1535 2578 1854 2641 malorum
1890 2576 2070 2662 prius
2108 2579 2271 2662 aspi·

265 2664 409 2747 ciet,
447 2687 642 2748 quam
670 2664 855 2728 illam
883 2666 1064 2748 sequi
1091 2665 1376 2749 coeperit
1404 2665 1904 2749 conversionem,
1942 2688 2136 2750 quam
2163 2668 2272 2730 ha-

265 2754 464 2817 bebat
490 2753 559 2816 in
587 2774 656 2817 se
687 2752 827 2837 ipse
865 2752 1148 2817 eiusdem
1185 2757 1252 2818 et
1289 2753 1521 2817 similis
1557 2753 1850 2818 innatam
1888 2758 1954 2818 et
1988 2755 2272 2819 insitam.

267 2839 448 2915 Quod
485 2845 625 2905 tum
664 2841 931 2923 eveniet,
967 2864 1111 2905 cum
1147 2842 1280 2921 illa,
1319 2864 1482 2925 quae
1512 2864 1586 2904 ex
1613 2842 1770 2927 igni,
1808 2843 2041 2925 anima,
2086 2866 2273 2927 aqua,

184 2946 236 2985 30
266 2935 441 2993 terra
467 2929 842 2993 turbulenta
880 2932 945 2993 et
980 2929 1252 2993 rationis
1290 2930 1579 3014 expertia
1614 2930 1983 3012 insederint,
2020 2932 2271 2995 ratione

267 3017 584 3101 depulerit
612 3022 677 3081 et
702 3018 781 3080 ad
802 3017 1077 3101 primam
1099 3021 1291 3101 atque
1313 3018 1627 3102 optimam
1650 3019 2052 3083 affectionem
2074 3020 2271 3083 animi

2311 1978 2374 2027 45

264 3105 648 3190 pervenerit.
709 3105 884 3180 Quae
921 3128 1065 3170 cum
1102 3107 1196 3170 ita
1234 3106 1659 3192 dissignasset
1695 3128 1976 3190 seseque,
2024 3107 2078 3171 si
2119 3109 2267 3191 quid
2296 3089 2375 3214 14}

262 3197 492 3277 postea
524 3193 771 3258 fraudis
810 3197 923 3257 aut
959 3194 1101 3258 vitii
1138 3195 1473 3276 evenisset,
1510 3199 1693 3258 extra
1731 3216 1984 3258 omnem
2014 3196 2270 3280 culpam

265 3304 651 3365 causamque
696 3283 1036 3366 posuisset,
1083 3283 1245 3348 alios
1290 3283 1361 3346 in
1406 3287 1664 3364 terram,
1711 3283 1874 3347 alios
1920 3284 1988 3346 in
2035 3284 2271 3366 lunam,

182 3386 235 3426 8⁵
265 3369 429 3434 alios
457 3371 526 3433 in
554 3370 836 3452 reliquas
866 3371 1086 3436 mundi
1113 3375 1351 3455 parteS,
1380 3394 1542 3455 quae
1572 3375 1722 3435 sunt
1753 3371 1887 3452 [ad]
1912 3372 2270 3456 spatiorum

263 3458 575 3542 temporis
632 3459 820 3544 signa
875 3464 939 3523 et
991 3464 1186 3524 notae
1242 3461 1660 3539 constitutae,
1716 3482 2029 3546 spargens
2086 3464 2270 3545 quasi

265 3546 536 3610 serebat.
610 3546 769 3610 Post
813 3552 1031 3612 autem
1077 3570 1219 3612 eam
1266 3548 1583 3612 sationem
1632 3548 1746 3633 dis,
1793 3554 1867 3613 ut
1912 3549 2007 3614 ita
2044 3550 2268 3633 dicam,

1850 3652 1953 3705 15*
