2630 3913
329 179 415 242 32
1112 175 1211 230 DE
1249 175 1549 232 OFFICIIS

328 339 582 404 tiones
629 339 1110 424 proeliorum
1155 339 1573 405 ferocitate
1621 339 2064 404 exultantes
2108 339 2333 405 domi-

328 428 635 493 toribus
673 426 982 492 tradere
1021 428 1357 511 soleant‚
1393 432 1477 491 ut
1511 427 1608 491 iis
1646 427 2142 493 facilioribus
2171 450 2344 514 pos·

330 516 490 579 sint
524 516 667 599 uti,
715 515 824 581 sic
857 515 1206 580 homines
1245 515 1591 580 secundis
1627 516 1855 581 rebus
1904 515 2342 582 ecfrenatos

331 605 637 688 sibique
673 603 1204 690 praefidentes
1240 608 1629 688 tamquam
1665 604 1743 668 in
1789 625 2056 690 gyrum
2102 605 2342 670 ratio-

327 693 446 757 nis
495 697 568 756 et
605 692 1004 757 doctrinae
1041 692 1212 757 duci
1249 697 1642 778 oportere,
1687 697 1771 756 ut
1809 693 2344 778 perspicerent
2369 712 2396 753 s

330 803 579 846 rerum
625 781 1125 846 humanarum
1180 781 1790 845 inbecillitatem
1845 783 2343 846 varietatem-

171 902 180 911 ·
225 884 286 933 91
330 891 470 952 que
526 869 932 934 fortunae?
997 870 1214 953 Atque
1264 870 1462 934 etiam
1508 870 1576 933 in
1627 869 2104 934 secundissimis
2149 871 2342 934 rebus

331 958 608 1022 maxime
655 962 756 1022 est
799 957 1108 1022 utendum
1156 957 1426 1023 consilio
1473 958 1827 1023 amicorum
1881 958 2089 1042 iisque
2135 960 2343 1022 maior

331 1047 527 1110 etiam
566 1068 761 1130 quam
799 1051 949 1110 ante
985 1047 1330 1111 tribuenda
1367 1047 1736 1111 auctoritas.
1808 1045 2147 1130 Isdemque
2184 1052 2342 1111 tem-

328 1134 595 1218 poribus
641 1136 995 1200 cavendum
1041 1138 1174 1227 est
1203 1156 1284 1198 ne
1323 1135 1835 1200 assentatoribus
1872 1135 2341 1219 patefaciamus
2373 1156 2423 1195 ιο

330 1224 504 1287 auris
540 1245 701 1288 neve
739 1223 990 1288 adulari
1024 1244 1144 1288 nos
1187 1223 1493 1309 sinamus,
1538 1224 1605 1288 in
1643 1245 1771 1325 quo
1806 1223 1951 1288 falli
1987 1223 2178 1288 facile
2215 1228 2355 1307 ests

329 1312 495 1376 tales
551 1312 723 1376 enim
778 1333 896 1377 nos
953 1333 1093 1376 esse
1146 1316 1480 1397 putamus
1533 1314 1607 1376 ut
1653 1312 1792 1376 iure
1848 1311 2209 1395 laudemur;
2264 1334 2341 1377 ex

330 1422 455 1483 quo
511 1404 863 1465 nascuntur
923 1400 1423 1465 innumerabilia
1486 1404 1778 1484 peccata,
1842 1422 1988 1465 cum
2047 1401 2339 1465 homines

327 1488 538 1552 inflati
593 1489 1004 1572 opinionibus
1059 1489 1341 1572 turpiter
1392 1489 1743 1552 irridentur
1798 1492 1865 1553 et
1918 1489 1985 1552 in
2042 1489 2340 1553 maximis

223 1590 289 1641 92
327 1581 670 1642 versantur
706 1577 1050 1642 erroribus,
1114 1574 1239 1641 Sed
1274 1577 1435 1641 haec
1473 1576 1727 1659 quidem
1764 1577 2106 1670 hactenus3
2167 1577 2338 1661 Illud
2371 1596 2422 1636 15
2436 1600 2469 1633 c·

331 1669 547 1730 autem
585 1665 676 1730 sic
714 1669 816 1729 est
851 1664 1633 1748 iudicandumffmaximas
1672 1665 1812 1750 geri
1848 1687 1951 1730 res
1980 1670 2047 1729 et
2075 1628 2338 1730 maximi
2441 1682 2448 1685 ⁴

329 1753 528 1817 animi
583 1753 666 1816 ab
721 1753 850 1838 iis
895 1753 1005 1836 qui
1059 1774 1162 1818 res
1218 1753 1515 1839 publicas
1570 1758 1830 1839 regant,
1895 1753 2065 1838 quod
2120 1776 2339 1819 earum

329 1804 850 1906 administratio
868 1841 1187 1906 latissime
1250 1844 1477 1927 pateat
1542 1841 1624 1906 ad
1685 1842 2129 1927 plurimosque
2202 1865 2341 1927 per-

328 1930 562 2013 tineat3
600 1950 740 1994 esse
770 1933 987 1995 autem
1025 1931 1247 2015 magni
1284 1930 1484 1995 animi
1521 1934 1587 1995 et
1620 1930 1822 1996 fuisse
1859 1932 2102 1996 multos
2142 1930 2339 1996 etiam

326 2019 395 2083 in
440 2019 577 2083 vita
632 2018 870 2103 otiosa,
925 2019 1035 2102 qui
1090 2025 1204 2084 aut
1255 2019 1731 2105 investigarent
1784 2024 1898 2085 aut
1952 2025 2341 2085 conarentur
2369 2039 2422 2079 ιο

328 2127 567 2192 magna
622 2107 937 2191 quaedam
984 2129 1248 2191 seseque
1313 2130 1576 2173 suarum
1628 2129 1843 2173 rerum
1901 2108 2139 2173 finibus
2194 2130 2338 2174 con-

327 2196 750 2274 tinerentffiut
777 2195 1099 2261 interiecti
1123 2196 1294 2261 inter
1329 2196 1756 2282 philosophos
1794 2202 1861 2261 et
1896 2196 2165 2281 eoquui
2200 2219 2338 2261 rem

326 2284 652 2370 publicam
691 2284 1241 2368 administrarent
1258 2284 1751 2352 delectarentur
1787 2307 1857 2350 re
1885 2307 2003 2350 sua
2027 2285 2367 2376 familiari,

327 2395 457 2437 non
502 2395 644 2438 eam
692 2373 948 2458 quidem
986 2375 1161 2439 omni
1201 2336 1454 2438 ratione
1490 2377 1957 2459 exaggerantes
1982 2395 2200 2475 neque
2238 2396 2338 2438 ex-

328 2461 658 2527 cludentes
699 2462 783 2527 ab
830 2462 967 2527 eius
1011 2484 1133 2527 usu
1178 2483 1354 2536 suos
1376 2461 1721 2546 potiusque
1769 2466 1833 2526 et
1870 2462 2094 2527 amicis
2130 2463 2336 2547 inper·
2365 2480 2420 2521 πε

326 2551 562 2615 tientes
610 2553 677 2616 et
721 2550 817 2615 rei
868 2551 1201 2636 publicae
1247 2551 1304 2614 si
1360 2549 1615 2633 quando
1669 2571 1824 2615 usus
1881 2554 2069 2615 esset.
2160 2548 2336 2626 Quae

327 2638 609 2722 primum
670 2637 835 2702 bene
897 2642 1091 2722 parta
1153 2639 1242 2702 sit
1303 2639 1487 2703 nullo
1549 2660 1755 2722 neque
1818 2639 1997 2724 turpi
2066 2643 2340 2722 quaestu

326 2747 533 2809 neque
571 2725 823 2808 odioso}
860 2726 1086 2791 deinde
1129 2729 1444 2812 augeatur
1488 2727 1766 2809 ratione,
1804 2727 2161 2812 diligentia,
2196 2751 2340 2811 par-

329 2813 631 2897 simonia,
677 2818 818 2878 tum
865 2836 1059 2898 quam
1104 2815 1431 2899 plurimiS‚
1468 2816 1659 2881 modo
1707 2816 1920 2901 dignis
1931 2866 1948 2899 ‚
1996 2837 2063 2881 se
2110 2817 2338 2881 utilem

326 2902 665 2987 praebeat,
698 2924 815 2968 nec
871 2902 1145 2967 lubidini
1189 2903 1408 2989 potius
1456 2904 1872 2988 luxuriaeque
1929 2926 2123 2988 quam
2184 2906 2337 2969 libe-
2365 2923 2420 2963 so

325 2991 576 3057 talitati
622 2995 689 3056 et
731 2991 1191 3056 beneficentiae
1236 2996 1481 3076 pareat.
1554 2992 1732 3058 Haec
1772 2994 2175 3078 praescripta
2212 3015 2338 3057 ser-

323 3084 587 3145 vantem
650 3080 805 3146 licet
862 3080 1230 3165 magnifice,
1295 3081 1583 3166 graviter
1646 3082 2059 3165 animoseque
2121 3082 2338 3147 vivere

325 3172 521 3252 atque
551 3169 749 3233 etiam
769 3169 1168 3254 simpliciter,
1194 3168 1491 3253 fideliter,
1520 3169 1567 3251 †
1586 3191 1733 3234 vere
1760 3170 2097 3235 hominum
2117 3170 2337 3235 amice.

221 3232 302 3298 27
459 3255 793 3359 Sequitur
824 3261 900 3322 ut
937 3258 1015 3321 de
1051 3279 1180 3322 una
1216 3258 1469 3341 reliqua
1504 3261 1691 3342 parte
1727 3258 2090 3324 honestatis
2134 3259 2339 3324 dicen·

255 3312 478 3407 3dum
524 3345 639 3429 sit,
692 3346 763 3409 in
818 3368 946 3429 qua
989 3345 1374 3411 verecundia
1419 3349 1485 3410 et
1531 3347 1716 3430 quasi
1763 3347 2024 3431 quidam
2071 3350 2339 3411 ornatus
2366 3363 2419 3405 ³⁵

324 3432 523 3514 vitae,
570 3434 1004 3518 temperantia
1047 3438 1114 3499 et
1159 3434 1502 3506 modestia
1524 3435 1860 3519 omnisque
1906 3435 2155 3500 sedatio
2199 3456 2339 3520 per·

325 3519 773 3585 turbationum
812 3522 1013 3585 animi
1049 3526 1116 3586 et
1152 3544 1368 3587 rerum
1405 3507 1634 3588 modus
1663 3524 1961 3589 cernitur.
2024 3522 2168 3588 Hoc
2193 3524 2337 3588 loco
