2630 3913
242 488 310 534 28

349 223 474 284 206
571 271 579 280 .
1154 221 1550 275 PARADOXA

347 382 808 447 coniurationis
848 404 887 444 a
914 379 1234 446 Catilinae
1270 382 1458 445 furiis
1488 378 1569 445 ad
1597 386 1781 445 tuum
1812 383 2019 446 scelus
2049 384 2354 448 furorem-

350 492 472 554 que
528 491 902 552 conversae,
955 490 1085 534 non
1140 469 1367 534 civitas
1432 475 1589 533 erat.
1680 470 1906 553 Itaque
1961 472 2186 555 pulsus
2234 496 2353 574 ego

347 559 610 623 civitate
654 580 786 621 non
832 579 1003 640 sum,-
1048 579 1210 639 quae
1254 558 1437 622 nulla
1483 562 1654 641 erat,
1700 558 2044 624 accersitus
2092 560 2161 624 in
2206 562 2355 625 civi-

345 651 549 711 tatem
596 668 770 728 sum,
815 667 961 711 cum
1007 653 1178 709 esset
1223 647 1291 709 in
1338 667 1406 710 re
1454 646 1714 730 publica
1759 648 2012 730 consul,
2056 648 2167 732 qui
2213 654 2354 714 tum

285 774 289 778 Α
343 736 560 799 331133
606 734 844 816 fuerat,
892 740 1064 797 33331
1110 737 1399 818 senatus,
1446 735 1572 835 qui
1602 738 1742 799 tum
1789 735 2135 819 occiderat,
2181 744 2355 802 esset
2407 756 2431 795 s

343 830 690 888 consensus
735 823 962 907 11011311
1007 822 1189 906 liber,
1236 785 1428 887 esset
1450 822 1610 886 iuris
1656 827 1722 887 et
1768 824 2144 908 aequitatis,
2190 847 2353 909 quae

346 911 558 975 vincla
596 914 748 974 sunt
783 911 1085 993 civitatis,
1121 911 1401 995 repetita
1437 911 1762 975 memoria.
1825 911 1924 977 Ac
1959 912 2123 996 vide,
2160 936 2352 1015 quam

345 999 475 1063 ista
528 999 625 1063 tui
679 999 1003 1064 latrocinii
1058 1000 1193 1063 tela
1246 1000 1762 1100 contempserim.
1849 1000 2098 1065 Iactam
2152 1007 2218 1065 et
2262 1004 2354 1067 in-

341 1089 614 1151 missam
670 1110 710 1152 a
763 1091 828 1150 te
881 1086 1195 1152 nefariam
1250 1088 1320 1150 in
1376 1110 1475 1151 133
1530 1088 1832 1162 iniuriam
1878 1109 2132 1189 semper
2186 1090 2352 1173 duxi,

345 1176 713 1277 113111331333
768 1175 850 1240 ad
903 1198 1007 1241 me
1060 1197 1412 1259 numquam
1465 1177 1717 1260 putavi,
1777 1176 1906 1240 nisi
1956 1176 2153 1257 forte,
2208 1201 2352 1244 cum
2383 1197 2431 1250 ιο,

345 1264 626 1349 113113133
682 1264 1096 1328 disturbabas
1152 1268 1265 1328 aut
1319 1286 1464 1329 cum
1518 1264 1709 1329 tectis
1769 1265 2115 1347 sceleratas
2178 1266 2351 1331 faces

345 1352 696 1437 inferebas,
752 1373 1064 1417 meorum.
1098 1352 1341 1435 aliquid
1397 1373 1581 1416 ruere
1628 1355 1743 1416 aut
1787 1352 2141 1439 deflagrare
2188 1356 2353 1420 arbi-

346 1441 626 1505 trabare.
717 1439 901 1505 Nihil
955 1462 1162 1523 neque
1216 1462 1430 1504 meum
1485 1443 1586 1504 est
1637 1462 1845 1523 neque
1908 1439 2350 1526 quoiusquam,

348 1528 517 1613 quod
565 1527 822 1613 auferri,
870 1529 1040 1612 quod
1086 1529 1264 1614 eripi,
1312 1528 1483 1612 quod
1524 1529 1740 1592 amitti
1776 1532 2013 1613 potest.
2084 1529 2155 1595 Si
2191 1533 2350 1596 mihi

347 1618 697 1701 eripuisses·
739 1616 1022 1680 divinam
1068 1616 1267 1681 animi
1308 1617 1435 1681 mei
1471 1617 1929 1682 conscientiam
1965 1620 2125 1683 meis
2164 1622 2352 1704 curis,
2381 1637 2430 1677 ιε

345 1706 411 1856 ἔξ
413 1705 639 1857 11111ᾆί1
680 1705 967 1856 {2¹52ss
977 1709 1281 1857 1022?ssss
1283 1704 1760 1858 einissssissssiissff
1774 1708 2350 1860 3330323323

346 1882 577 1965 visses,
642 1881 850 1945 multo
904 1880 1102 1945 etiam
1166 1881 1405 1967 magiS,
1469 1882 1525 1945 si
1576 1882 1760 1945 illam
1814 1887 2117 1967 mentem,
2180 1883 2346 1947 unde

344 1971 504 2034 haec
549 1969 822 2035 consilia
866 1974 1228 2054 manarunt,
1275 1932 1437 2034 milii
1481 1970 1853 2072 eripuisses,
1897 1976 2036 2036 tum
2081 1992 2202 2058 ego
2250 1994 2347 2038 ac-

346 2058 589 2142 cepisse
635 2079 738 2121 me
778 2058 1171 2123 confiterer
1153 2058 1473 2123 iniuriam.
1538 2056 1663 2123 Sed
1699 2060 1757 2123 si
1791 2022 1951 2124 h'aec
1986 2082 2101 2125 333
2134 2059 2348 2125 fecisti
2378 2079 2428 2118 20

344 2168 461 2211 nec
513 2145 724 2210 facere
777 2146 1079 2231 potuisti,
1142 2135 1422 2212 reditum
1485 2147 1645 2211 mihi
1706 2148 2063 2233 gloriosum
2114 2149 2351 2214 iniuria

345 2239 460 2299 tua
496 2234 712 2317 dedit,
733 2256 866 2299 non
901 2235 1144 2299 exitum
1180 2236 1649 2301 calamitosum.
1720 2235 1901 2322 Ergo
1938 2258 2060 2323 ego
2097 2258 2350 2322 semper

346 2323 530 2406 civis,
594 2326 662 2387 et
713 2327 855 2387 tum
909 2323 1211 2407 maxime,
1275 2346 1420 2388 cum
1484 2345 1695 2388 meam
1754 2324 2032 2389 salutem
2087 2330 2347 2391 senatus

346 2411 580 2476 exteris
635 2411 1008 2476 nationibus
1061 2417 1134 2477 ut
1184 2412 1344 2477 civis
1400 2412 1650 2496 optumi
1691 2413 2221 2499 commendabat,
2277 2419 2349 2478 tu

343 2522 424 2564 ne
467 2521 636 2564 nunc
683 2500 968 2583 quidem,
1025 2498 1153 2565 11131
1204 2501 1374 2565 forte
1418 2500 1589 2565 idem
1635 2500 1844 2566 1103113
1891 2522 2030 2567 3333
2077 2505 2145 2566 31
2188 2502 2346 2567 civis
2376 2518 2426 2557 2⁶

344 2591 579 2690 potest.
670 2587 778 2652 An
821 2592 895 2651 tu
940 2588 1145 2653 civem
1198 2588 1280 2652 ab
1336 2588 1524 2654 hoste
1576 2593 1813 2653 natura
1864 2610 1941 2654 ac
1995 2590 2165 2674 loco,
2219 2613 2349 2656 non

346 2676 561 2740 animo
615 2668 933 2760 factisque
989 2672 1378 2761 distinguis?
1469 2674 1745 2741 Caedem
1797 2677 1867 2740 in
1919 2676 2064 2743 foro
2118 2678 2349 2760 fecisti,

346 2763 613 2828 armatis
651 2764 1015 2828 latronibus
1056 2765 1301 2848 templa
1336 2764 1623 2848 tenuisti,
1666 2764 2068 2850 privatorum
2105 2766 2349 2844 domne,

255 2900 258 2904 ι
345 2852 533 2916 aedes
580 2872 795 2916 333133
849 2852 1217 2916 incendisti.
1296 2849 1429 2918 Cur
1473 2852 1683 2917 1103113
1730 2851 2106 2938 Spartacus,
2165 2855 2222 2918 si
2276 2859 2349 2917 tu

240 3568 300 3615 51

344 2940 545 3006 civis?
633 2938 830 3004 Potes
878 2943 1095 3005 autem
1141 2962 1279 3005 esse
1324 2945 1399 3005 tu
1445 2941 1632 3023 civiS,
1684 2945 1954 3026 propter
1999 2963 2190 3026 quem
2237 2943 2349 3007 ali·
2379 2959 2430 2997 ³0

345 3028 598 3113 quando
646 3028 872 3093 civitas
920 3049 1051 3092 non
1093 3026 1268 3092 fuit?
1317 3032 1383 3093 et
1426 3051 1529 3093 me
1575 3033 1689 3093 tuo
1733 3030 1993 3094 nomine
2039 3031 2349 3114 appellas,
2473 3038 2477 3042 *

343 3139 488 3183 cum
508 3138 730 3181 omnes
751 3137 893 3180 meo
923 3116 1207 3181 discessu
1235 3118 1528 3181 exulasse
1556 3138 1693 3181 rem
1720 3118 2048 3201 publicam
2074 3118 2351 3203 putent?

341 3203 812 3289 Numquamne,
847 3204 1042 3270 homo
1072 3205 1527 3288 amentissime,
1554 3210 1622 3269 te
1649 3204 2139 3290 circumspicies,
2171 3229 2350 3270 num-

310 3325 315 3330 ·
343 3316 554 3377 quam,
598 3315 715 3358 nec
754 3292 905 3375 quid
941 3292 1162 3376 faciae,
1203 3293 1660 3377 considerabiS,
1695 3315 1812 3359 333
1850 3294 2004 3377 quid
2040 3293 2351 3377 loquare?

340 3379 568 3446 Nescis
606 3381 868 3444 exilium
906 3382 1219 3462 333131313
1256 3403 1397 3446 3333
1437 3402 1746 3465 11033313,
1775 3404 1990 3446 133313
2024 3381 2189 3446 illud
2224 3383 2351 3446 iter
2381 3401 2431 3439 ³⁵

343 3467 425 3531 ob
480 3469 1031 3551 praeclarissimas
1088 3490 1188 3533 res
1249 3491 1286 3532 a
1333 3491 1435 3533 me
1483 3474 1702 3554 gestas
1750 3492 1890 3535 esse
1938 3471 2352 3555 susceptum?

343 3552 579 3616 Omnes
619 3557 916 3619 scelerati
953 3561 1145 3638 atque
1183 3558 1385 3640 impii,
1424 3579 1696 3639 quorum
1734 3562 1808 3622 tu
1844 3564 1910 3622 te
1949 3559 2174 3623 ducem
2213 3580 2353 3622 3333
