2630 3913
574 167 672 220 DE
711 166 1010 222 OFFICHS
1046 167 1179 223 LIB.
1217 169 1286 224 Π.
1364 166 1515 223 cAP.
1559 175 1605 237 1,
1642 174 1692 225 2.
1765 175 1796 235 ξ
1834 175 1986 224 1—5.
2202 169 2283 232 57

277 353 427 396 rum
462 350 702 416 genera
737 350 1120 421 persequar,
1151 352 1313 413 quae
1350 329 1677 415 pertinent
1713 329 1796 394 ad
1829 330 2004 395 vitae
2039 329 2285 396 cultum

279 423 348 484 et
402 419 485 484 ad
540 439 762 482 earum
806 438 1021 482 rerum
1025 463 1062 508 7
1104 418 1338 502 quibus
1392 421 1664 483 utuntur
1714 417 2051 510 homines,
2086 417 2285 483 facul-

277 510 501 590 tatem,
556 505 638 570 ad
684 525 868 588 opeS,
914 505 996 570 ad
1050 505 1267 591 copias
1288 491 1465 602 ſsssin
1511 528 1638 591 quo
1684 509 1824 570 tum
1870 506 2092 591 quaeri
2138 506 2306 597 dixiy

280 595 433 679 quid
477 593 666 677 utile,
722 592 877 677 quid
919 593 1149 658 inutile
1228 598 1369 658 tum
1417 616 1492 659 ex
1547 594 1818 658 utilibus
1865 594 2019 679 quid
2061 595 2285 659 utilius

228 701 253 741 5
282 687 397 749 aut
440 682 595 767 quid
639 681 919 746 maxime
962 682 1085 746 util
1155 732 1168 746 .
1248 682 1349 748 De
1395 682 1628 767 quibus
1676 682 1882 748 dicere
1928 682 2286 768 adgrediar,

282 772 338 836 si
382 792 587 856 pauca
629 769 810 854 prius
857 769 935 834 de
977 771 1132 834 inst1
1168 774 1281 836 uto
1331 794 1405 836 ae
1451 770 1527 834 de
1581 770 1814 835 iudicio
1861 792 2005 836 meo
2051 771 2286 835 dixero.

281 858 696 942 Quamquam
748 857 920 921 enim
983 858 1138 923 libri
1204 858 1416 924 nostri
1480 859 1840 943 complures
1904 879 2036 925 non
2097 858 2286 923 modo
2325 876 2357 923 2

282 948 364 1013 ad
426 945 682 1034 legendi
676 994 724 1035 Ι
773 945 886 1011 sed
941 946 1139 1011 etiam
1193 947 1276 1012 ad
1330 946 1650 1012 scribendi
1713 946 1996 1011 studium
2057 946 2286 1011 excita-

282 1039 538 1119 verunt,
592 1039 816 1099 tamen
865 1034 1189 1100 interdum
1234 1056 1497 1123 vereor,
1544 1056 1625 1098 ne
1671 1035 2055 1118 quibusdam
2099 1035 2286 1100 bonis

206 1142 254 1180 ιο
280 1124 439 1190 viris
484 1121 936 1208 philosophiae
986 1144 1226 1188 nomen
1278 1123 1368 1187 sit
1411 1122 2176 1209 invisum,mirenturque
2219 1122 2290 1185 in

284 1235 362 1278 ea
395 1214 653 1275 tantum
689 1232 792 1275 me
830 1231 1062 1294 operae
1100 1214 1166 1276 et
1201 1211 1516 1295 temporis
1552 1231 1806 1295 ponere.
1870 1209 2015 1295 Ego
2054 1214 2287 1292 autem,

287 1321 484 1384 quam
537 1298 645 1363 diu
696 1319 798 1363 res
852 1299 1115 1383 publica
1166 1320 1284 1383 per
1338 1319 1449 1364 eos
1505 1300 1851 1384 gerebatur
1856 1344 1897 1381 ,2
1933 1298 2165 1382 quibus
2220 1319 2287 1361 se

285 1389 434 1472 ipsa
490 1386 923 1470 commiserat,
986 1386 1195 1451 omnis
1255 1408 1432 1452 meas
1495 1407 1681 1451 curas
1736 1386 2287 1472 cogitationesque

287 1476 358 1540 in
386 1495 526 1539 eam
563 1474 995 1558 conferebam3
1040 1497 1186 1540 cum
1222 1479 1440 1540 autem
1478 1474 1811 1540 dominatu
1847 1475 2036 1540 unius
2073 1474 2290 1539 omnia

212 1577 262 1619 1⁵
288 1566 657 1628 tenerentur
690 1584 898 1646 neque
936 1567 1106 1627 esset
1143 1584 1418 1647 usquam
1455 1562 1723 1628 consilio
1766 1567 1880 1627 aut
1917 1562 2290 1628 auctoritati

290 1652 494 1736 locuS,
548 1651 756 1716 socios
811 1651 1082 1735 denique
1135 1652 1413 1716 tuendae
1466 1651 1562 1715 rei
1614 1652 1938 1736 publicae,
2003 1671 2287 1716 summos

285 1740 485 1823 virOS,
549 1739 937 1822 amisissem,
999 1761 1116 1805 nec
1178 1761 1281 1804 me
1346 1739 1698 1823 angoribus
1756 1739 1993 1823 dedidi,
2057 1739 2288 1824 quibus

286 1849 494 1893 essem
539 1827 895 1910 confectus,
945 1827 1075 1892 nisi
1117 1827 1199 1892 iis
1253 1828 1666 1912 restitissem,
1717 1849 1836 1893 nec
1888 1849 2145 1892 rursum
2197 1827 2290 1890 in—

285 1916 499 2002 dignis
544 1915 805 1983 homine
851 1915 1038 1982 docto
1085 1916 1550 2002 voluptatibus,
1630 1915 1847 2001 Atque
1892 1916 2142 1982 utinam
2187 1936 2288 1980 res
2327 1932 2359 1980 3

206 2021 257 2061 20
284 2006 546 2091 publica
589 2004 881 2070 stetisset
879 2054 924 2100 7
957 2026 1085 2088 quo
1130 2009 1432 2091 coeperat
1432 2053 1465 2090 Ι
1503 2008 1696 2098 statu>
1725 2027 1842 2070 nec
1885 2005 1955 2069 in
1997 2004 2290 2069 homines

284 2115 416 2158 non
460 2097 599 2158 tam
646 2093 1244 2158 commutandarum
1291 2115 1487 2176 quam
1542 2095 2031 2158 evertendarum
2077 2114 2292 2158 rerum

285 2180 550 2266 cupidos
587 2181 941 2245 incidisset!
1004 2180 1296 2245 Primum
1335 2181 1523 2264 enim,
1563 2184 1638 2245 ut
1674 2184 1889 2245 stante
1926 2203 1995 2245 re
2031 2181 2292 2266 publica

282 2269 496 2335 facere
544 2269 937 2353 solebamus,
989 2269 1059 2333 in
1113 2268 1363 2355 agendo
1409 2270 1554 2353 plus
1602 2290 1797 2352 quam
1841 2269 1911 2332 in
1955 2268 2290 2334 scribendo

287 2378 521 2442 operae
566 2379 948 2441 poneremus
957 2378 976 2442 3
1021 2357 1246 2422 deinde
1291 2356 1453 2441 ipsis
1499 2356 1758 2440 scriptis
1802 2377 1935 2421 non
1980 2377 2099 2440 ear
2129 2377 2290 2439 quae

207 2459 259 2500 25
285 2467 485 2534 nunc,
519 2445 630 2510 sed
675 2445 961 2510 actiones
997 2449 1258 2510 nostras
1294 2444 1764 2527 mandaremus,
1809 2447 1884 2508 ut
1920 2465 2110 2528 saepe
2145 2442 2291 2507 feci-

286 2554 450 2603 mus.
513 2531 930 2611 Cum-autem
967 2555 1070 2598 res
1106 2533 1385 2618 publica,
1425 2531 1495 2596 in
1532 2554 1659 2616 qua
1695 2531 1904 2597 omnis
1943 2553 2087 2596 mea
2122 2552 2293 2614 cura,

288 2620 622 2707 cogitatio,
658 2643 856 2707 opera
891 2621 1046 2706 poni
1083 2622 1354 2705 solebat,
1388 2621 1573 2685 nulla
1610 2624 1781 2685 esset
1817 2619 2095 2702 omnino,
2140 2618 2293 2684 illae

288 2709 534 2774 scilicet
597 2709 854 2774 litterae
918 2709 1364 2774 conticuerunt
1423 2708 1711 2774 forenses
1777 2713 1842 2773 et
1914 2708 2291 2773 senatoriae.

287 2796 473 2861 Nihil
528 2818 719 2882 agere
775 2801 993 2863 autem
1046 2819 1191 2862 cum
1246 2797 1499 2862 animus
1561 2818 1692 2862 non
1754 2800 2000 2881 posset,
2069 2797 2139 2861 in
2191 2797 2292 2860 his
2329 2812 2363 2859 4

208 2899 261 2939 ³0
289 2884 521 2950 studiis
568 2886 650 2950 ab
695 2885 886 2950 initio
931 2889 1226 2950 versatus
1282 2885 1537 2968 aetatis3
1573 2885 1939 2950 existimavi
1981 2884 2294 2950 honestis-

290 2973 450 3038 sime
496 2974 1068 3057 molestias'posse
1116 2973 1373 3057 deponi,
1429 2973 1485 3037 si
1536 2995 1640 3037 me
1688 2973 1768 3037 ad
1813 2971 2292 3057 philosophiam

287 3061 705 3126 rettulissem.
812 3060 934 3127 Cui
994 3081 1141 3126 cum
1212 3062 1493 3125 multum
1565 3060 1938 3126 adulescens
2012 3059 2294 3125 discendi

290 3170 484 3215 causa
528 3149 840 3234 temporis
886 3149 1287 3233 tribuissem,
1336 3153 1761 3234 posteaquam
1805 3148 2158 3213 honoribus
2203 3148 2294 3212 in-

288 3238 529 3302 servire
566 3237 749 3322 coepi
784 3259 1012 3321 meque
1049 3241 1263 3302 totum
1296 3237 1391 3301 rei
1423 3238 1720 3322 publicae
1746 3236 2002 3320 tradidi,
2037 3239 2294 3301 tantum

208 3338 259 3379 ³⁵
289 3330 429 3390 erat
470 3325 922 3410 philosophiae
959 3325 1122 3410 loci„
1149 3329 1461 3410 quantum
1500 3325 1906 3410 superfuerat
1943 3324 2292 3389 amicorum

288 3417 355 3477 et
381 3414 477 3479 rei
501 3414 798 3499 publicae
833 3411 1263 3499 temporibus;
1297 3412 1364 3477 id
1402 3417 1618 3478 autem
1656 3434 1844 3479 omne
1880 3412 2292 3479 consumeba-

288 3504 396 3566 tur
448 3501 518 3566 in
571 3501 872 3588 legendo,
936 3502 1257 3567 scribendi
1311 3501 1518 3566 otium
1570 3523 1705 3566 non
1748 3505 1904 3567 erat.
1992 3501 2290 3566 Maximis

2328 3471 2371 3595 ἕ
