2630 3913
252 355 321 405 ⁶1

252 2253 322 2302 52

253 3185 320 3235 53

364 177 449 240 74
1131 179 1229 232 DE
1267 177 1571 235 ormcns

360 338 520 404 iuris
566 340 775 405 civilis
822 342 890 406 in
935 342 1163 427 primis
1209 342 1457 426 peritus
1503 342 1648 407 fuit.
1738 342 1958 426 Atque
2005 344 2202 409 etiam
2248 344 2374 410 hoc

361 434 775 513 praeceptum
832 430 1028 494 officii
1083 431 1431 516 diligenter
1484 429 1834 495 tenendum
1882 435 2009 517 est,
2053 455 2134 497 ne
2183 455 2373 518 quem

360 540 669 602 umquam
714 518 1120 583 innocentem
1165 519 1400 584 iudicio
1447 519 1679 604 eapitis
1719 541 2044 604 arcessas3
2089 521 2155 586 id
2200 522 2370 585 enim

362 607 500 670 sine
556 607 795 671 scelere
849 607 990 671 fieri
1042 608 1224 672 nullo
1280 611 1472 691 pacto
1527 611 1766 691 potest.
1854 607 2028 673 Nam
2075 610 2228 694 quid
2275 613 2375 674 est

359 698 498 758 tam
545 694 966 760 inhumanum
1005 718 1200 780 quam
1237 697 1672 779 eloquentiam
1720 719 1760 760 a
1799 700 2035 762 natura
2081 698 2162 762 ad
2201 699 2374 763 salu·
2428 717 2457 756 ⁵

358 787 493 846 tem
540 783 875 848 hominum
932 788 997 848 et
1051 784 1132 848 ad
1178 785 1732 849 conservationem
1780 784 1997 850 datam
2044 787 2127 851 ad
2171 788 2372 852 bono-

359 893 503 934 rum
550 875 802 954 pestem
847 873 1323 957 perniciemque
1370 873 1786 938 convertere?
1858 872 1995 939 Nec
2030 879 2271 960 tamen,
2298 879 2373 940 ut

359 958 484 1023 hoc
530 959 905 1046 fugiendum
961 965 1088 1044 est,
1141 961 1301 1025 item
1357 965 1456 1026 est
1501 961 1870 1026 habendum
1914 963 2217 1049 religioni
2262 985 2372 1029 no-

358 1051 613 1112 centem
660 1049 1034 1134 aliquandO,
1080 1050 1272 1115 modo
1319 1072 1400 1114 ne
1435 1049 1756 1114 nefarium
1801 1051 2221 1136 impiumque,
2268 1052 2371 1116 de·

359 1136 647 1223 sendere3
691 1138 835 1202 vult
879 1138 1003 1203 hoc
1050 1138 1400 1203 multitudo
1411 1189 1428 1222 ,
1474 1137 1726 1223 patitur
1771 1140 2194 1224 consuetudo,
2234 1140 2371 1236 fert
2401 1161 2453 1199 10

359 1224 559 1288 etiam
605 1225 995 1292 humanitas,
1065 1226 1303 1291 Iudicis
1343 1231 1444 1291 est
1489 1249 1742 1310 semper
1787 1227 1856 1291 in
1893 1229 2104 1293 causis
2149 1251 2372 1293 verum

361 1315 573 1398 sequi,
619 1315 879 1399 patroni
924 1338 1057 1380 non
1101 1337 1455 1399 numquam
1491 1315 1630 1380 veri
1668 1315 1907 1399 simile,
1954 1317 2212 1381 etiamsi
2258 1318 2372 1381 mi·

359 1424 481 1466 nus
538 1402 624 1466 sit
678 1426 929 1486 verum,
987 1403 1352 1486 defendere3
1409 1404 1580 1488 quod
1627 1405 1933 1488 scribere,
1985 1406 2373 1490 praesertim

357 1513 506 1555 cum
571 1491 647 1555 de
709 1491 1127 1577 philosophia
1201 1492 1575 1575 scriberem,
1647 1514 1780 1556 non
1844 1493 2173 1578 auderem,
2243 1494 2372 1558 nisi

358 1579 530 1643 idem
559 1580 845 1664 placeret
873 1580 1258 1665 gravissimo
1287 1578 1670 1664 Stoicorum,
1697 1580 2026 1647 Panaetio.
2069 1581 2370 1647 Maxume
2401 1601 2453 1642 ιε

361 1672 579 1732 autem
627 1672 692 1732 et
730 1668 942 1754 gloria
977 1669 1230 1752 paritur
1266 1673 1334 1733 et
1371 1669 1586 1754 gratia
1626 1669 2130 1756 defensionibus,
2168 1693 2371 1755 eoque

363 1757 587 1839 maior,
641 1756 698 1819 si
754 1757 1009 1840 quando
1066 1756 1325 1840 accidit,
1382 1761 1455 1822 ut
1502 1758 1560 1822 ei
1606 1758 2042 1843 subveniatur,
2098 1759 2207 1843 qui
2259 1783 2371 1844 po-

358 1844 559 1907 tentis
590 1844 858 1910 alicuius
888 1845 1120 1930 opibus
1149 1846 1595 1911 circumveniri
1632 1847 2019 1932 urguerique
2057 1849 2370 1932 videatur,

364 1936 434 1996 ut
478 1953 597 1996 nos
645 1937 711 1997 et
758 1954 947 2019 saepe
994 1934 1157 1999 alias
1205 1939 1271 1999 et
1307 1934 1746 2000 adulescentes
1786 1941 2015 2002 contra
2049 1937 2120 2002 L.
2151 1935 2369 2002 Sullae

362 2021 756 2086 dominantis
821 2044 976 2107 opes
1040 2045 1158 2107 pro
1215 2021 1356 2088 Sex.
1401 2023 1637 2089 Roscio
1706 2025 2016 2091 Amerino
2081 2026 2369 2110 fecimuS,
2398 2046 2453 2085 20

362 2132 554 2194 quae,
600 2115 675 2174 ut
722 2111 873 2193 sciS,
920 2116 1134 2176 exstat
1179 2112 1408 2177 oratio.

494 2195 619 2263 Sed
664 2200 974 2284 expositis
1023 2201 1529 2266 adulescentium
1585 2201 1843 2286 officiis,
1899 2225 2062 2287 quae
2107 2204 2371 2269 valeant

362 2287 442 2351 ad
490 2288 769 2373 gloriam
816 2289 1322 2374 adipiscendam,
1370 2290 1667 2375 deinceps
1713 2291 1791 2356 de
1828 2292 2250 2357 beneficentia
2296 2315 2370 2357 ac

362 2376 438 2440 de
484 2377 881 2443 liberalitate
937 2379 1274 2443 dicendum
1330 2383 1456 2460 est3
1511 2379 1688 2444 cuius
1745 2384 1846 2444 est
1890 2380 2059 2446 ratio
2107 2381 2370 2466 duplex3

358 2487 511 2529 nam
568 2471 687 2531 aut⁴
736 2489 934 2551 opera
978 2467 1256 2553 benigne
1311 2467 1388 2531 fit
1433 2467 1874 2553 indigentibus
1921 2473 2035 2533 aut
2079 2470 2369 2554 pecunia.
2398 2486 2451 2527 2⁶

359 2553 640 2619 Facilior
698 2559 798 2619 est
841 2556 1001 2620 haec
1046 2555 1387 2639 posterior,
1432 2555 1741 2640 locupleti
1786 2558 2198 2641 praesertim,
2256 2559 2371 2622 sed

358 2642 478 2705 illa
514 2642 755 2707 lautior
784 2665 858 2707 ac
888 2643 1283 2727 splendidior
1312 2647 1380 2707 et
1406 2643 1547 2708 viro
1575 2643 1733 2709 forti
1762 2645 2065 2729 claroque
2095 2646 2369 2732 dignior.

360 2728 767 2813 Quamquam
806 2731 975 2795 enim
1010 2732 1079 2796 in
1114 2735 1389 2815 utroque
1424 2732 1596 2796 inest
1633 2734 2039 2818 gratificandi
2076 2735 2367 2799 liberalis

359 2818 691 2902 voluntas,
736 2822 959 2883 tamen
1004 2820 1213 2884 altera
1259 2842 1337 2883 ex
1383 2842 1562 2904 arca,
1610 2822 1818 2887 altera
1864 2845 1941 2887 ex
1977 2823 2219 2888 virtute
2266 2824 2369 2887 de-

358 2907 699 2991 promitur,
737 2907 1155 2992 largitioque‚
1194 2930 1358 2992 quae
1394 2909 1472 2972 fit
1508 2931 1585 2973 ex
1632 2932 1702 2974 re
1738 2910 2074 2995 familiari,
2118 2910 2368 2977 fontem
2397 2930 2452 2970 80

358 2996 574 3079 ipsum
619 2996 1041 3081 benignitatis
1089 2996 1404 3061 exhaurit.
1473 2996 1579 3062 Ita
1623 2999 2027 3085 benignitate
2073 2999 2370 3086 benigni-

357 3089 461 3149 tas
508 3084 793 3169 tollitur3
840 3107 968 3169 qua
1014 3107 1140 3169 quo
1186 3085 1255 3149 in
1298 3086 1520 3170 plures
1565 3109 1721 3153 usus
1759 3088 1875 3173 siS,
1921 3110 1996 3153 eo
2043 3089 2253 3154 minus
2299 3090 2372 3154 in

359 3173 601 3238 multos
638 3174 739 3237 uti
771 3174 1004 3258 possis,
1075 3173 1169 3237 At
1206 3174 1315 3258 qui
1354 3196 1575 3259 opera,
1615 3176 1684 3241 id
1729 3181 1829 3241 est
1873 3177 2114 3242 virtute
2161 3182 2227 3242 et
2271 3178 2371 3241 in·

359 3261 635 3343 dustria,
671 3262 941 3327 benefici
978 3266 1044 3327 et
1079 3262 1383 3327 liberales
1421 3268 1635 3348 erunt,
1671 3266 1980 3350 primum,
2009 3287 2135 3350 quo
2171 3267 2371 3351 pluri-

357 3349 480 3413 bus
524 3349 915 3435 profuerint,
975 3373 1049 3416 eo
1106 3351 1325 3435 plures
1391 3351 1472 3415 ad
1526 3352 1803 3440 benigne
1848 3354 2211 3419 faciendum
2259 3355 2370 3420 ad·
2400 3372 2454 3413 ⁸⁶

358 3439 602 3501 intores
647 3438 1009 3522 habebunt,
1057 3439 1203 3503 dein
1248 3441 1710 3507 consuetudine
1755 3443 2214 3508 beneficentiae
2261 3466 2372 3528 pa-

357 3522 634 3588 ratiores
682 3530 871 3589 erunt
926 3531 991 3590 et
1044 3531 1383 3612 tamquam
1429 3530 1909 3596 exercitatiores
1957 3531 2038 3595 ad
2085 3532 2246 3596 bene
2294 3532 2373 3598 de
