2630 3913
904 246 1056 301 CAP.
1099 253 1323 302 19—21.
1398 253 1427 312 ς,
1468 254 1691 303 70—77.
2137 246 2254 312 187

242 409 646 474 aestimandi.
736 408 951 472 Aliter
998 408 1320 473 amicitiae
1376 409 1646 473 stabiles
1706 431 2083 493 permanere
2129 432 2259 475 non

244 500 537 583 possunt.
627 496 939 580 Dispares
1004 497 1175 560 enim
1241 519 1452 561 mores
1463 548 1479 580 ,
1545 498 1828 581 disparia
1883 498 2096 563 studia
2162 520 2259 563 se-

245 589 548 671 quuntur,
597 606 869 668 quorum
909 583 1366 650 dissimilitudo
1407 585 1712 649 dissociat
1749 586 2097 668 amicitias3
2142 608 2258 651 nec

245 674 329 739 ob
377 674 574 738 aliam
621 694 883 738 causam
928 673 1131 737 ullam
1176 673 1333 737 boni
1368 674 1702 758 improbis,
1747 674 2029 758 improbi
2070 675 2257 739 bonis

192 784 218 823 5
247 762 440 827 amici
487 782 626 825 esse
671 782 802 826 non
848 765 1140 845 possunt,
1187 761 1313 825 nisi
1354 762 1524 845 quod
1561 766 1748 826 tanta
1786 766 1887 826 est
1923 763 2092 827 inter
2129 784 2260 844 eOS,

247 854 493 935 quanta
538 850 820 914 maxima
866 854 1085 933 potest
1123 871 1290 933 esse,
1338 872 1591 914 morum
1643 849 2130 934 studiorumque
2170 851 2258 914 d1-

245 938 508 1003 stantia.
598 937 797 1002 Recte
846 938 1043 1002 etiam
1088 938 1376 1022 praecipi
1429 941 1647 1021 potest
1700 940 1770 1001 in
1817 939 2139 1021 amicitiis,
2177 961 2256 1002 ne
2297 955 2359 1002 75

243 1028 680 1127 intemperata
726 1025 1067 1127 quaedam·
1087 1026 1544 1126 benivolentia,
1591 1025 1762 1110 quod
1807 1048 2115 1127 persaepe
2166 1027 2259 1110 fit,

169 1224 220 1263 ω
244 1138 379 1268 1:31⁰
374 1115 669 1268 ssssssssia?
672 1115 1279 1286 ῗὲἓέἒωῗᾞῖἓῖἓὲ
1292 1113 2259 1286 ἃῗὲίἶᾟῖζωηῗθὲαξῖἱῒᾈὲῗ

245 1292 499 1374 tuisset,
546 1292 602 1355 si
629 1291 1072 1374 Lycomedem,
1119 1291 1289 1375 apud
1328 1313 1517 1373 quem
1557 1294 1697 1355 erat
1734 1290 2060 1374 educatus,
2097 1292 2257 1354 mul-

246 1381 334 1444 tis
395 1402 539 1444 cum
592 1379 877 1444 lacrimis
937 1380 1063 1443 iter
1119 1400 1304 1443 suum
1361 1378 1816 1462 impedientem
1874 1379 2093 1442 audire
2147 1401 2258 1443 vo-

247 1468 494 1531 luisset.
555 1467 644 1531 Et
682 1489 873 1552 saepe
899 1467 1193 1533 incidunt
1230 1488 1506 1552 magnae
1541 1489 1664 1551 reS,
1700 1470 1775 1531 ut
1808 1466 2257 1532 discedendum

253 1558 340 1621 sit
387 1556 467 1620 ab
515 1556 766 1640 amicis3
832 1578 991 1639 quas
1049 1556 1160 1640 qui
1212 1554 1525 1639 impedire
1570 1555 1740 1639 vult,
1796 1554 1967 1638 quod
2014 1554 2256 1620 deside-

168 1664 218 1704 ιο
246 1645 416 1709 rium
468 1666 598 1709 non
652 1643 843 1709 facile
908 1643 1103 1726 ferat,
1167 1644 1224 1707 is
1281 1649 1348 1707 et
1402 1643 1695 1707 infirmus
1753 1647 1852 1707 est
1913 1644 2257 1727 mollisque

245 1737 480 1797 natura
534 1737 599 1796 et
655 1732 736 1796 ob
794 1755 936 1796 eam
991 1734 1203 1816 ipsam
1257 1753 1521 1796 causam
1575 1732 1643 1795 in
1699 1732 1983 1797 amicitia
2027 1754 2255 1816 parum

245 1822 470 1885 iustus.
562 1820 780 1903 Atque
826 1821 895 1884 in
940 1821 1117 1885 omni
1161 1843 1231 1884 re
1278 1820 1812 1885 considerandum
1850 1825 1967 1904 est,
2005 1824 2070 1884 et
2107 1820 2260 1904 quid
2298 1836 2363 1885 ‘16

244 1911 535 1995 postules
584 1909 666 1974 ab
714 1909 920 1975 amico
968 1914 1034 1972 et
1081 1909 1234 1993 quid
1277 1909 1530 1994 patiare
1578 1931 1617 1974 a
1662 1912 1727 1974 te
1773 1909 2129 1993 impetrari.

374 1998 499 2062 Est
541 1999 737 2062 etiam
769 1997 1083 2080 quaedam
1120 1999 1460 2062 calamitas
1489 1999 1557 2062 in
1595 1998 1896 2062 amicitiis
1936 1998 2258 2062 dimitten-
2280 2000 2354 2061 21

166 2106 218 2145 xo
248 2087 349 2150 dis
393 2107 527 2150 non
570 2107 920 2168 numquam
966 2087 1358 2170 necessaria3
1403 2087 1534 2150 iam
1582 2087 1752 2150 enim
1791 2110 1830 2150 a
1868 2087 2256 2170 sapientium

246 2172 806 2237 familiaritatibus
827 2174 909 2237 ad
927 2174 1231 2259 vulgares
1256 2175 1575 2238 amicitias
1606 2174 1814 2238 oratio
1843 2178 2070 2238 nostra
2091 2174 2258 2239 dela-

249 2261 442 2324 bitur.
487 2259 855 2344 Erumpunt
875 2282 1063 2346 saepe
1083 2263 1245 2327 vitia
1273 2263 1627 2327 amicorum
1654 2266 1794 2325 tum
1815 2263 1884 2325 in
1905 2262 2082 2345 ipsos
2106 2264 2259 2326 ami-

248 2371 377 2432 cos,
412 2352 554 2412 tum
589 2348 659 2411 in
695 2349 959 2432 alienOS,
1001 2372 1274 2432 quorum
1309 2355 1532 2414 tamen
1562 2350 1643 2413 ad
1671 2350 1912 2413 amicos
1944 2350 2258 2415 redundet

246 2436 534 2502 infamia.
588 2436 778 2501 Tales
805 2437 1007 2522 igitur
1036 2439 1358 2503 amicitiae
1379 2442 1531 2502 sunt
1559 2438 1935 2502 remissione
1955 2459 2108 2501 usus
2130 2438 2258 2502 elu-

168 2545 219 2583 25
247 2526 448 2590 endae
486 2529 569 2608 et,
615 2529 688 2588 ut
734 2523 1045 2591 Catonem
1094 2526 1301 2591 dicere
1350 2526 1582 2609 audivi,
1628 2525 2004 2589 dissuendae
2048 2527 2258 2610 magis

249 2637 445 2698 quam
466 2613 931 2698 discindendae,
951 2615 1080 2678 nisi
1110 2615 1424 2697 quaedam
1454 2614 1798 2679 admodum
1824 2614 2257 2678 intolerabilis

247 2702 483 2767 iniuria
529 2703 867 2786 exarserit,
921 2708 995 2766 ut
1033 2724 1238 2786 neque
1273 2707 1523 2768 rectum
1548 2724 1755 2786 neque
1796 2702 2143 2768 honestum
2172 2703 2259 2767 sit

246 2812 363 2856 nec
406 2790 547 2854 fieri
591 2792 819 2875 possit,
864 2795 940 2854 ut
984 2812 1115 2855 non
1161 2792 1387 2855 statim
1434 2791 1740 2856 alienatio
1788 2791 2256 2875 disiunctioque

245 2878 548 2943 faciunda
602 2880 705 2943 sit.
798 2877 910 2943 Sin
966 2883 1182 2943 autem
1239 2884 1353 2943 aut
1409 2902 1661 2944 morum
1716 2884 1829 2944 aut
1894 2880 2257 2944 studiorum
2296 2895 2357 2942 77

169 2985 220 3024 ³⁰
248 2968 668 3031 commutatio
718 2966 1058 3050 quaedam,
1105 2972 1178 3031 ut
1222 2968 1362 3032 fieri
1411 2969 1593 3050 solet,
1637 2967 1813 3032 facta
1859 2969 1982 3031 erit
2029 2973 2142 3031 aut
2187 2968 2256 3031 in

245 3055 339 3118 rei
401 3055 700 3139 publicae
763 3055 1059 3139 partibus
1121 3054 1435 3119 dissensio
1499 3055 1936 3119 intercesserit
1998 3054 2256 3139 (loquor

246 3143 417 3206 enim
463 3143 614 3226 iam,
658 3148 733 3207 ut
777 3143 972 3227 paulo
1020 3147 1170 3207 ante
1219 3144 1367 3226 dixi,
1403 3166 1533 3208 non
1581 3143 1656 3207 de
1694 3143 2100 3226 sapientium,
2147 3143 2258 3207 sed

247 3231 322 3295 de
371 3194 812 3296 commdnibus
862 3231 1216 3316 amicitiis),
1263 3232 1616 3297 cavendum
1663 3232 1812 3314 erit,
1857 3252 1937 3295 ne
1983 3253 2114 3295 non
2161 3253 2258 3296 so·

244 3321 383 3383 lum
416 3319 737 3384 amicitiae
769 3319 1118 3403 depositae,
1148 3319 1259 3383 sed
1288 3318 1487 3384 etiam
1514 3282 1890 3385 inimicitiae
1921 3324 2257 3404 susceptae

169 3431 219 3472 ιε»
246 3407 603 3472 videantur.
674 3407 860 3471 Nihil
907 3412 1007 3472 est
1053 3409 1226 3473 enim
1271 3409 1527 3492 turpius
1575 3430 1769 3492 quam
1816 3430 1959 3473 cum
2008 3430 2082 3472 eo
2121 3409 2257 3472 bel-

247 3497 383 3559 lum
432 3516 671 3580 gerere,
720 3518 994 3580 quocum
1038 3495 1450 3560 familiariter
1494 3496 1750 3561 vixeris
1828 3496 1929 3560 Ab
1972 3497 2258 3561 amicitia

247 3581 318 3657 Q.
346 3583 616 3667 Pompei
654 3606 796 3649 meo
832 3585 1092 3649 nomine
1134 3606 1203 3647 se
1238 3588 1626 3656 removerat,
1668 3589 1742 3648 ut
1780 3584 1976 3663 scitis,
2015 3582 2256 3666 Scipi03
