2630 3913
880 214 1032 269 CAP.
1076 221 1280 279 13,14.
1355 220 1387 279 ς
1422 220 1649 269 46—52.
2139 212 2271 276 229

263 377 615 462 attingunt.
699 375 1116 476 Respondent
1161 378 1379 440 autem
1427 375 1688 439 dextera
1735 375 2044 459 dexteris,
2088 375 2269 440 laeva

264 465 465 529 laevis
531 464 947 529 conversione
1011 463 1327 528 luminum
1346 514 1362 545 ,
1432 484 1577 528 cum
1642 485 1718 527 ea
1778 463 1948 527 inter
2012 425 2080 527 s'e
2142 485 2272 528 non

264 554 740 618 cohaerescunt.
844 551 920 615 Id
981 552 1083 634 fit,
1147 574 1294 616 cum
1357 552 1765 636 speculorum
1828 551 2061 616 levitas
2122 551 2273 616 hinc

263 643 569 725 illincque
616 640 1025 705 altitudinem
1069 640 1433 724 adsumpsit
1469 644 1534 703 et
1569 640 1665 703 ita
1702 639 1963 705 dextera
1999 640 2275 704 detrusit

211 747 237 786 5
265 731 334 793 in
397 732 650 795 laevam
709 733 963 814 partem
1026 729 1360 793 oculorum
1424 728 1734 812 laevaque
1795 728 1865 791 in
1927 728 2272 792 dexteram.

267 817 745 903 Sup'ina‘etiam
785 840 899 881 ora
936 820 1283 881 cernuntur
1320 816 1695 901 depulsione
1731 816 2074 899 luminum3
2113 839 2275 901 quae

266 909 647 972 convertens
691 905 1002 970 inferiora
1045 905 1274 988 reddit,
1320 926 1484 989 quae
1531 908 1684 969 sunt
1728 905 2078 989 superiora.
2160 905 2275 969 At·

269 1017 390 1079 que
438 995 595 1059 haec
642 994 860 1060 omnia
905 1015 980 1058 ex
1029 1015 1103 1057 eo
1161 1014 1394 1079 genere
1450 997 1627 1076 sunt,
1684 1014 1846 1076 quae
1900 1015 2116 1058 rerum
2171 993 2276 1057 ad-

267 1085 494 1148 iuvant
548 1104 803 1165 causas;
869 1082 1101 1166 quibus
1163 1082 1372 1146 utitur
1436 1081 1812 1145 ministeriis
1884 1081 2065 1164 deuS,
2130 1104 2276 1146 cum

192 1190 240 1228 1⁰
264 1171 502 1256 optimi
547 1171 843 1254 speciem,
890 1171 1102 1253 quoad
1145 1170 1286 1234 fieri
1331 1173 1566 1254 potest,
1613 1168 1826 1233 efficit.
1889 1166 2012 1233 Sed
2058 1169 2277 1234 existi-

270 1263 453 1324 mant
493 1259 783 1343 plerique
819 1280 953 1322 non
984 1259 1145 1323 haec
1190 1258 1563 1323 adiuvantia
1598 1279 1953 1338 causarum,
2001 1257 2110 1321 sed
2154 1259 2274 1322 has

268 1349 447 1433 ipsas
495 1368 634 1411 esse
681 1346 966 1410 omnium
1013 1368 1257 1430 causaS,
1303 1368 1466 1430 quae
1511 1346 1646 1410 vim
1688 1346 1973 1410 habeant
2016 1345 2277 1431 refrige-

269 1436 457 1500 randi
494 1434 890 1517 calfaciendi,
935 1434 1381 1499 concrescendi
1417 1434 1719 1519 liquendi,
1764 1438 2024 1499 careant
2060 1438 2276 1498 autem

273 1526 449 1587 omni
494 1523 944 1608 intellegentia
988 1527 1182 1607 atque
1228 1523 1505 1607 ratione,
1561 1545 1723 1606 quae
1777 1522 1904 1586 nisi
1948 1522 2017 1585 in
2062 1523 2276 1587 animo

195 1630 242 1669 15
269 1613 454 1677 nulla
500 1612 630 1676 alia
676 1612 742 1675 in
786 1615 1022 1676 natura
1065 1612 1486 1696 reperiantur.
1559 1611 1833 1675 Animus
1880 1613 2093 1675 autem
2141 1632 2279 1675 sen·

271 1723 414 1765 sum
461 1722 717 1765 omnem
765 1700 992 1786 effugit
1038 1702 1396 1782 oculorum3
1443 1703 1512 1763 at
1555 1699 1755 1784 ignis,
1800 1701 2040 1782 anima,
2092 1722 2280 1783 aqua,

2313 920 2379 969 50

269 1795 445 1853 terra
499 1811 773 1874 corpora
828 1792 1007 1871 sunt,
1071 1810 1271 1872 eaque
1334 1792 1693 1853 cernuntur.
1792 1786 1988 1852 Illum
2044 1792 2277 1869 autem,
2316 1804 2379 1853 51

272 1879 381 1963 qui
426 1878 915 1964 intellegentiae
962 1877 1442 1962 sapientiaeque
1490 1898 1558 1940 se
1613 1880 1970 1940 amatorem
2020 1876 2277 1962 profite-

270 1971 398 2050 tur,
440 1989 700 2031 necesse
746 1971 846 2031 est
889 1965 1332 2051 intellegentis
1372 1965 1807 2050 sapientisque
1843 1969 2114 2030 naturae
2152 1967 2279 2050 pri-

192 2072 245 2111 20
273 2076 414 2118 mas
443 2076 669 2118 causas
700 2054 1092 2138 conquirere,
1122 2055 1267 2119 dein
1286 2053 1595 2119 secundas
1614 2075 1834 2118 earum
1853 2076 2086 2137 rerum,
2115 2077 2278 2139 quae

272 2142 635 2205 necessario
675 2146 935 2206 movent
973 2143 1154 2224 aliaS,
1199 2165 1344 2207 cum
1389 2143 1568 2226 ipsae
1614 2142 1695 2206 ab
1739 2142 1884 2206 aliis
1922 2147 2278 2208 moventur.

276 2227 588 2303 Quocirca
631 2229 819 2294 nobis
867 2230 959 2294 sic
1005 2252 1195 2295 cerno
1243 2251 1383 2294 esse
1426 2230 1819 2313 faciendum,
1863 2234 1937 2294 ut
1984 2230 2060 2294 de
2105 2235 2279 2295 utro-

276 2339 399 2400 que
443 2338 560 2381 nos
609 2317 864 2400 quidem
912 2317 1195 2382 dicamus
1244 2338 1475 2403 genere
1522 2341 1877 2402 causarum,
1928 2319 2276 2403 separatim

276 2409 493 2470 autem
541 2405 616 2468 de
662 2405 770 2487 iis,
832 2427 993 2489 quae
1049 2428 1193 2471 cum
1239 2407 1688 2492 intellegentia
1734 2411 1883 2471 sunt
1930 2406 2276 2471 efficientes

193 2511 244 2551 25
274 2493 852 2578 pulcherrimarum
906 2516 1120 2558 rerum
1177 2498 1370 2578 atque
1429 2499 1867 2579 optumarum,
1931 2499 1996 2559 et
2049 2495 2125 2559 de
2178 2495 2278 2578 iis,

276 2604 439 2664 quae
500 2585 805 2646 vacantes
870 2582 1211 2667 prudentia
1271 2583 1711 2648 inconstantia
1771 2583 2277 2668 perturbataque

274 2669 578 2735 efficiunt.
653 2670 748 2734 Ac
795 2670 872 2734 de
919 2672 1250 2736 oculorum
1289 2671 1547 2755 quidem
1583 2671 1811 2755 causiS,
1854 2675 1930 2736 ut
1963 2673 2277 2736 haberent

274 2780 416 2823 eam
461 2759 613 2840 vim,
659 2781 855 2843 quam
899 2782 1067 2825 nunc
1109 2759 1371 2844 habent,
1418 2760 1578 2824 satis
1621 2759 1823 2825 ferme
1862 2783 2000 2825 esse
2039 2761 2278 2825 dictum

273 2851 449 2931 put0.
520 2846 826 2911 Maxuma
863 2851 1079 2912 autem
1117 2870 1340 2913 eorum
1376 2848 1628 2913 utilitas
1668 2848 1906 2912 donata
1939 2849 2277 2913 hominum

193 2952 246 2991 3ο
276 2934 496 3019 generi
560 2935 824 2999 deorum
889 2958 1149 3000 munere
1214 2936 1509 3021 deinceps
1570 2936 1939 3021 explicetur.
2037 2936 2277 3000 Rerum

275 3023 445 3086 enim
502 3027 915 3106 optumarum
970 3024 1406 3110 cognitionem
1451 3025 1639 3088 nobis
1686 3025 1854 3089 oculi
1901 3025 2277 3089 attulerunt.

272 3107 445 3174 Nam
491 3110 676 3195 haec,
732 3133 896 3196 quae
951 3116 1052 3176 est
1102 3112 1330 3177 habita
1386 3113 1461 3177 de
1514 3112 1935 3177 universitate
1982 3112 2191 3176 oratio
2240 3136 2279 3177 a

271 3199 488 3282 nobis,
541 3198 715 3263 haud
769 3223 1077 3284 umquam
1131 3205 1302 3266 esset
1356 3200 1645 3282 inventa,
1701 3201 1757 3264 si
1808 3222 2013 3284 neque
2070 3201 2280 3266 sidera

272 3308 477 3370 neque
515 3287 614 3352 sol
654 3309 858 3371 neque
897 3289 1145 3353 caelum
1183 3289 1301 3354 sub
1333 3289 1665 3354 oculorum
1694 3293 2025 3373 aspectum
2055 3289 2279 3354 cadere

193 3391 244 3430 ³⁵
272 3375 654 3458 potuissent.
726 3373 914 3441 Nunc
951 3399 1103 3441 vero
1141 3377 1275 3442 dies
1320 3381 1669 3461 noctesque
1715 3377 1919 3442 oculis
1964 3377 2280 3463 cognitae,

273 3465 413 3528 tum
470 3485 762 3528 mensum
819 3487 1259 3549 annorumque
1314 3464 1764 3531 conversiones
1820 3469 1887 3530 et
1943 3488 2279 3531 numerum

273 3551 680 3641 machinatae
727 3557 879 3617 sunt
925 3557 990 3618 et
1037 3553 1318 3638 spatium
1363 3554 1677 3637 temporis
1723 3554 2049 3619 dimensae
2096 3559 2161 3619 et
2199 3556 2280 3619 ad

2316 2689 2345 2736 2³1

2352 2689 2380 2735 ιθ
