<?xml version="1.0" encoding="UTF-8"?>
<!DOCTYPE html PUBLIC "-//W3C//DTD XHTML 1.0 Transitional//EN"
    "http://www.w3.org/TR/xhtml1/DTD/xhtml1-transitional.dtd">
<html xmlns="http://www.w3.org/1999/xhtml" xml:lang="en" lang="en">
 <head>
  <title>
</title>
<meta http-equiv="Content-Type" content="text/html;charset=utf-8" />
  <meta name='ocr-system' content='tesseract 3.04.00' />
  <meta name='ocr-capabilities' content='ocr_page ocr_carea ocr_par ocr_line ocrx_word'/>
</head>
<body>
  <div class='ocr_page' id='page_1' title='image "./scriptaquaemans01cicegoog_0393.png"; bbox 0 0 2630 3913; ppageno 0'>
   <div class='ocr_carea' id='block_1_1' title="bbox 815 222 2263 285">
    <p class='ocr_par' dir='ltr' id='par_1_1' title="bbox 815 222 2263 285">
     <span class='ocr_line' id='line_1_1' title="bbox 815 222 2263 285; baseline 0.008 -10"><span class='ocrx_word' id='word_1_1' title='bbox 815 222 1237 278; x_wconf 82' lang='lat' dir='ltr'>PfflLOSOPH.</span> <span class='ocrx_word' id='word_1_2' title='bbox 1275 222 1333 275; x_wconf 80' lang='lat' dir='ltr'>F.</span> <span class='ocrx_word' id='word_1_3' title='bbox 1372 222 1423 275; x_wconf 92' lang='lat' dir='ltr'>V</span> <span class='ocrx_word' id='word_1_4' title='bbox 1460 229 1683 276; x_wconf 80' lang='lat'>42-59.</span> <span class='ocrx_word' id='word_1_5' title='bbox 1718 279 1725 284; x_wconf 67' lang='grc'>,</span> <span class='ocrx_word' id='word_1_6' title='bbox 2133 222 2263 285; x_wconf 83' lang='grc'>319</span> 
     </span>
    </p>
   </div>
   <div class='ocr_carea' id='block_1_2' title="bbox 172 382 2275 3633">
    <p class='ocr_par' dir='ltr' id='par_1_2' title="bbox 248 382 2272 729">
     <span class='ocr_line' id='line_1_2' title="bbox 249 382 2266 470; baseline 0.001 -24"><span class='ocrx_word' id='word_1_7' title='bbox 249 407 410 447; x_wconf 89' lang='lat' dir='ltr'>rum.</span> <span class='ocrx_word' id='word_1_8' title='bbox 477 382 626 448; x_wconf 85' lang='lat' dir='ltr'>Una</span> <span class='ocrx_word' id='word_1_9' title='bbox 670 384 874 470; x_wconf 87' lang='lat' dir='ltr'>igitur</span> <span class='ocrx_word' id='word_1_10' title='bbox 921 405 1203 448; x_wconf 86' lang='lat' dir='ltr'>essemus</span> <span class='ocrx_word' id='word_1_11' title='bbox 1252 384 1429 448; x_wconf 86' lang='lat' dir='ltr'>beati</span> <span class='ocrx_word' id='word_1_12' title='bbox 1477 383 1844 469; x_wconf 77' lang='lat' dir='ltr'>cognitione</span> <span class='ocrx_word' id='word_1_13' title='bbox 1882 388 2151 448; x_wconf 86' lang='lat' dir='ltr'>naturae</span> <span class='ocrx_word' id='word_1_14' title='bbox 2200 389 2266 448; x_wconf 88' lang='lat' dir='ltr'>et</span> 
     </span>
     <span class='ocr_line' id='line_1_3' title="bbox 250 471 2264 554; baseline 0 -19"><span class='ocrx_word' id='word_1_15' title='bbox 250 472 553 554; x_wconf 87' lang='lat' dir='ltr'>scientia,</span> <span class='ocrx_word' id='word_1_16' title='bbox 618 493 744 554; x_wconf 87' lang='lat' dir='ltr'>qua</span> <span class='ocrx_word' id='word_1_17' title='bbox 805 471 945 535; x_wconf 91' lang='lat' dir='ltr'>sola</span> <span class='ocrx_word' id='word_1_18' title='bbox 1002 472 1199 538; x_wconf 90' lang='lat' dir='ltr'>etiam</span> <span class='ocrx_word' id='word_1_19' title='bbox 1256 471 1519 536; x_wconf 87' lang='lat' dir='ltr'>deorum</span> <span class='ocrx_word' id='word_1_20' title='bbox 1577 475 1676 535; x_wconf 90' lang='lat' dir='ltr'>est</span> <span class='ocrx_word' id='word_1_21' title='bbox 1733 472 1870 535; x_wconf 84' lang='lat' dir='ltr'>vita</span> <span class='ocrx_word' id='word_1_22' title='bbox 1925 472 2264 537; x_wconf 89' lang='lat' dir='ltr'>laudanda.</span> 
     </span>
     <span class='ocr_line' id='line_1_4' title="bbox 248 559 2272 645; baseline 0.001 -23"><span class='ocrx_word' id='word_1_23' title='bbox 248 559 347 622; x_wconf 85' lang='lat' dir='ltr'>Ex</span> <span class='ocrx_word' id='word_1_24' title='bbox 396 582 522 643; x_wconf 90' lang='lat' dir='ltr'>quo</span> <span class='ocrx_word' id='word_1_25' title='bbox 568 560 864 645; x_wconf 79' lang='lat' dir='ltr'>intellegi</span> <span class='ocrx_word' id='word_1_26' title='bbox 903 564 1122 642; x_wconf 88' lang='lat' dir='ltr'>potest</span> <span class='ocrx_word' id='word_1_27' title='bbox 1160 563 1373 624; x_wconf 88' lang='lat' dir='ltr'>cetera</span> <span class='ocrx_word' id='word_1_28' title='bbox 1408 559 1814 624; x_wconf 77' lang='lat' dir='ltr'>necessitatis</span> <span class='ocrx_word' id='word_1_29' title='bbox 1863 582 2018 641; x_wconf 84' lang='lat' dir='ltr'>esse,</span> <span class='ocrx_word' id='word_1_30' title='bbox 2065 583 2272 624; x_wconf 83' lang='lat' dir='ltr'>unum</span> 
     </span>
     <span class='ocr_line' id='line_1_5' title="bbox 251 647 2265 729; baseline 0 -18"><span class='ocrx_word' id='word_1_31' title='bbox 251 648 373 712; x_wconf 88' lang='lat' dir='ltr'>hoc</span> <span class='ocrx_word' id='word_1_32' title='bbox 410 648 782 713; x_wconf 81' lang='lat' dir='ltr'>voluntatis,</span> <span class='ocrx_word' id='word_1_33' title='bbox 846 648 954 711; x_wconf 88' lang='lat' dir='ltr'>Ita</span> <span class='ocrx_word' id='word_1_34' title='bbox 990 649 1093 712; x_wconf 84' lang='lat' dir='ltr'>ille</span> <span class='ocrx_word' id='word_1_35' title='bbox 1133 653 1343 711; x_wconf 77' lang='lat' dir='ltr'>tantus</span> <span class='ocrx_word' id='word_1_36' title='bbox 1386 653 1596 712; x_wconf 85' lang='lat' dir='ltr'>orator</span> <span class='ocrx_word' id='word_1_37' title='bbox 1640 668 1777 712; x_wconf 85' lang='lat' dir='ltr'>cum</span> <span class='ocrx_word' id='word_1_38' title='bbox 1811 647 2265 729; x_wconf 78' lang='lat' dir='ltr'>philosophiam</span> 
     </span>
    </p>

    <p class='ocr_par' dir='ltr' id='par_1_3' title="bbox 198 735 2271 1065">
     <span class='ocr_line' id='line_1_6' title="bbox 198 735 2268 819; baseline 0.001 -20"><span class='ocrx_word' id='word_1_39' title='bbox 198 751 223 791; x_wconf 86' lang='lat'>⁵</span> <span class='ocrx_word' id='word_1_40' title='bbox 241 737 627 817; x_wconf 76' lang='lat' dir='ltr'>praedicaret</span> <span class='ocrx_word' id='word_1_41' title='bbox 668 736 931 801; x_wconf 79' lang='lat' dir='ltr'>recolens</span> <span class='ocrx_word' id='word_1_42' title='bbox 972 757 1070 818; x_wconf 89' lang='lat' dir='ltr'>ea,</span> <span class='ocrx_word' id='word_1_43' title='bbox 1122 756 1278 817; x_wconf 80' lang='lat' dir='ltr'>quae</span> <span class='ocrx_word' id='word_1_44' title='bbox 1321 756 1364 799; x_wconf 93' lang='lat' dir='ltr'>a</span> <span class='ocrx_word' id='word_1_45' title='bbox 1401 735 1780 817; x_wconf 80' lang='lat' dir='ltr'>philosophis</span> <span class='ocrx_word' id='word_1_46' title='bbox 1822 742 2153 819; x_wconf 85' lang='lat' dir='ltr'>acceperat,</span> <span class='ocrx_word' id='word_1_47' title='bbox 2211 743 2268 801; x_wconf 85' lang='lat' dir='ltr'>et</span> 
     </span>
     <span class='ocr_line' id='line_1_7' title="bbox 240 823 2265 907; baseline 0 -19"><span class='ocrx_word' id='word_1_48' title='bbox 240 825 558 905; x_wconf 88' lang='lat' dir='ltr'>praeclare</span> <span class='ocrx_word' id='word_1_49' title='bbox 593 844 666 889; x_wconf 92' lang='lat' dir='ltr'>ac</span> <span class='ocrx_word' id='word_1_50' title='bbox 699 825 969 889; x_wconf 79' lang='lat' dir='ltr'>suaviter</span> <span class='ocrx_word' id='word_1_51' title='bbox 1002 824 1332 905; x_wconf 70' lang='lat' dir='ltr'>explicam,</span> <span class='ocrx_word' id='word_1_52' title='bbox 1370 825 1437 888; x_wconf 88' lang='lat' dir='ltr'>in</span> <span class='ocrx_word' id='word_1_53' title='bbox 1472 823 1587 887; x_wconf 78' lang='lat' dir='ltr'>hac</span> <span class='ocrx_word' id='word_1_54' title='bbox 1622 829 1862 888; x_wconf 81' lang='lat' dir='ltr'>tantum</span> <span class='ocrx_word' id='word_1_55' title='bbox 1898 827 2043 907; x_wconf 86' lang='lat' dir='ltr'>vita,</span> <span class='ocrx_word' id='word_1_56' title='bbox 2078 845 2265 906; x_wconf 80' lang='lat' dir='ltr'>quam</span> 
     </span>
     <span class='ocr_line' id='line_1_8' title="bbox 249 912 2271 995; baseline 0 -19"><span class='ocrx_word' id='word_1_57' title='bbox 249 914 520 978; x_wconf 81' lang='lat' dir='ltr'>videmus</span> <span class='ocrx_word' id='word_1_58' title='bbox 563 913 878 977; x_wconf 82' lang='lat' dir='ltr'>aerumnis</span> <span class='ocrx_word' id='word_1_59' title='bbox 930 917 988 976; x_wconf 91' lang='lat' dir='ltr'>et</span> <span class='ocrx_word' id='word_1_60' title='bbox 1037 912 1343 976; x_wconf 84' lang='lat' dir='ltr'>erroribus</span> <span class='ocrx_word' id='word_1_61' title='bbox 1388 912 1668 995; x_wconf 83' lang='lat' dir='ltr'>plenam,</span> <span class='ocrx_word' id='word_1_62' title='bbox 1723 932 1929 976; x_wconf 83' lang='lat' dir='ltr'>omnes</span> <span class='ocrx_word' id='word_1_63' title='bbox 1980 918 2271 994; x_wconf 75' lang='lat' dir='ltr'>quattuor</span> 
     </span>
     <span class='ocr_line' id='line_1_9' title="bbox 249 1001 1302 1065; baseline -0.001 -1"><span class='ocrx_word' id='word_1_64' title='bbox 249 1001 622 1064; x_wconf 83' lang='lat' dir='ltr'>necessarias</span> <span class='ocrx_word' id='word_1_65' title='bbox 664 1001 827 1065; x_wconf 78' lang='lat' dir='ltr'>dixit</span> <span class='ocrx_word' id='word_1_66' title='bbox 868 1020 989 1065; x_wconf 82' lang='lat' dir='ltr'>esse</span> <span class='ocrx_word' id='word_1_67' title='bbox 1032 1002 1302 1064; x_wconf 82' lang='lat' dir='ltr'>virtutes.</span> 
     </span>
    </p>

    <p class='ocr_par' dir='ltr' id='par_1_4' title="bbox 386 1086 2268 1169">
     <span class='ocr_line' id='line_1_10' title="bbox 386 1086 2268 1169; baseline 0.001 -18"><span class='ocrx_word' id='word_1_68' title='bbox 386 1088 489 1152; x_wconf 84' lang='lat'>51.</span> <span class='ocrx_word' id='word_1_69' title='bbox 535 1088 698 1153; x_wconf 87' lang='lat' dir='ltr'>Non.</span> <span class='ocrx_word' id='word_1_70' title='bbox 732 1109 800 1169; x_wconf 90' lang='lat' dir='ltr'>p.</span> <span class='ocrx_word' id='word_1_71' title='bbox 836 1091 984 1153; x_wconf 84' lang='grc'><strong><em>254.</em></strong></span> <span class='ocrx_word' id='word_1_72' title='bbox 1020 1090 1059 1151; x_wconf 88' lang='lat'><strong><em>5</em></strong></span> <span class='ocrx_word' id='word_1_73' title='bbox 1097 1088 1192 1151; x_wconf 94' lang='lat' dir='ltr'><strong><em>M</em></strong></span> <span class='ocrx_word' id='word_1_74' title='bbox 1233 1086 1477 1152; x_wconf 81' lang='lat' dir='ltr'>Tullius</span> <span class='ocrx_word' id='word_1_75' title='bbox 1522 1089 1593 1152; x_wconf 90' lang='lat' dir='ltr'>in</span> <span class='ocrx_word' id='word_1_76' title='bbox 1629 1088 1995 1152; x_wconf 85' lang='lat' dir='ltr'>Hortensio:</span> <span class='ocrx_word' id='word_1_77' title='bbox 2042 1088 2268 1152; x_wconf 89' lang='lat' dir='ltr'>deinde</span> 
     </span>
    </p>

    <p class='ocr_par' dir='ltr' id='par_1_5' title="bbox 175 1175 2272 1327">
     <span class='ocr_line' id='line_1_11' title="bbox 175 1175 2272 1259; baseline 0 -20"><span class='ocrx_word' id='word_1_78' title='bbox 175 1192 225 1230; x_wconf 79' lang='grc' dir='ltr'>ιο</span> <span class='ocrx_word' id='word_1_79' title='bbox 255 1176 410 1240; x_wconf 93' lang='lat' dir='ltr'>boni</span> <span class='ocrx_word' id='word_1_80' title='bbox 466 1197 677 1240; x_wconf 92' lang='lat' dir='ltr'>mores</span> <span class='ocrx_word' id='word_1_81' title='bbox 734 1181 801 1239; x_wconf 93' lang='lat' dir='ltr'>et</span> <span class='ocrx_word' id='word_1_82' title='bbox 856 1175 1278 1239; x_wconf 89' lang='lat' dir='ltr'>modestiores</span> <span class='ocrx_word' id='word_1_83' title='bbox 1332 1179 1397 1238; x_wconf 93' lang='lat' dir='ltr'>et</span> <span class='ocrx_word' id='word_1_84' title='bbox 1443 1175 1524 1238; x_wconf 90' lang='lat' dir='ltr'>ad</span> <span class='ocrx_word' id='word_1_85' title='bbox 1571 1175 1878 1259; x_wconf 88' lang='lat' dir='ltr'>capienda</span> <span class='ocrx_word' id='word_1_86' title='bbox 1924 1181 2272 1259; x_wconf 87' lang='lat' dir='ltr'>praecepta</span> 
     </span>
     <span class='ocr_line' id='line_1_12' title="bbox 255 1262 605 1327; baseline -0.003 0"><span class='ocrx_word' id='word_1_87' title='bbox 255 1262 605 1327; x_wconf 73' lang='lat' dir='ltr'>molliores</span> 
     </span>
    </p>

    <p class='ocr_par' dir='ltr' id='par_1_6' title="bbox 255 1351 2271 1524">
     <span class='ocr_line' id='line_1_13' title="bbox 389 1351 2271 1432; baseline 0.001 -18"><span class='ocrx_word' id='word_1_88' title='bbox 389 1351 491 1415; x_wconf 84' lang='lat'>52.</span> <span class='ocrx_word' id='word_1_89' title='bbox 530 1351 693 1415; x_wconf 91' lang='lat' dir='ltr'>Non.</span> <span class='ocrx_word' id='word_1_90' title='bbox 718 1372 787 1432; x_wconf 92' lang='lat' dir='ltr'>p.</span> <span class='ocrx_word' id='word_1_91' title='bbox 823 1353 969 1416; x_wconf 83' lang='grc'><strong><em>235.</em></strong></span> <span class='ocrx_word' id='word_1_92' title='bbox 1005 1356 1087 1416; x_wconf 89' lang='grc'>18</span> <span class='ocrx_word' id='word_1_93' title='bbox 1124 1352 1215 1414; x_wconf 92' lang='grc' dir='ltr'>Μ.</span> <span class='ocrx_word' id='word_1_94' title='bbox 1258 1351 1503 1416; x_wconf 82' lang='lat' dir='ltr'>Tullius</span> <span class='ocrx_word' id='word_1_95' title='bbox 1543 1352 1610 1414; x_wconf 88' lang='lat' dir='ltr'>in</span> <span class='ocrx_word' id='word_1_96' title='bbox 1648 1351 2011 1415; x_wconf 86' lang='lat' dir='ltr'>Hortensio:</span> <span class='ocrx_word' id='word_1_97' title='bbox 2061 1352 2271 1416; x_wconf 89' lang='lat' dir='ltr'>altera</span> 
     </span>
     <span class='ocr_line' id='line_1_14' title="bbox 255 1439 2267 1524; baseline -0 -21"><span class='ocrx_word' id='word_1_98' title='bbox 255 1443 354 1504; x_wconf 86' lang='lat' dir='ltr'>est</span> <span class='ocrx_word' id='word_1_99' title='bbox 400 1461 566 1503; x_wconf 82' lang='lat' dir='ltr'>nexa</span> <span class='ocrx_word' id='word_1_100' title='bbox 619 1461 765 1503; x_wconf 90' lang='lat' dir='ltr'>cum</span> <span class='ocrx_word' id='word_1_101' title='bbox 821 1439 1148 1523; x_wconf 87' lang='lat' dir='ltr'>superiore</span> <span class='ocrx_word' id='word_1_102' title='bbox 1203 1443 1267 1503; x_wconf 82' lang='lat' dir='ltr'>et</span> <span class='ocrx_word' id='word_1_103' title='bbox 1322 1439 1470 1502; x_wconf 91' lang='lat' dir='ltr'>inde</span> <span class='ocrx_word' id='word_1_104' title='bbox 1525 1442 1681 1522; x_wconf 88' lang='lat' dir='ltr'>apta</span> <span class='ocrx_word' id='word_1_105' title='bbox 1728 1442 1922 1522; x_wconf 89' lang='lat' dir='ltr'>atque</span> <span class='ocrx_word' id='word_1_106' title='bbox 1967 1440 2267 1524; x_wconf 82' lang='lat' dir='ltr'>pendens,</span> 
     </span>
    </p>

    <p class='ocr_par' dir='ltr' id='par_1_7' title="bbox 389 1526 2270 1608">
     <span class='ocr_line' id='line_1_15' title="bbox 389 1526 2270 1608; baseline -0.001 -17"><span class='ocrx_word' id='word_1_107' title='bbox 389 1527 491 1591; x_wconf 87' lang='lat'>53.</span> <span class='ocrx_word' id='word_1_108' title='bbox 537 1526 702 1592; x_wconf 89' lang='lat' dir='ltr'>Non.</span> <span class='ocrx_word' id='word_1_109' title='bbox 743 1548 803 1608; x_wconf 91' lang='lat' dir='ltr'>p.</span> <span class='ocrx_word' id='word_1_110' title='bbox 851 1532 997 1591; x_wconf 81' lang='grc'><strong><em>402.</em></strong></span> <span class='ocrx_word' id='word_1_111' title='bbox 1043 1530 1122 1591; x_wconf 88' lang='grc'>15</span> <span class='ocrx_word' id='word_1_112' title='bbox 1157 1528 1252 1591; x_wconf 99' lang='grc' dir='ltr'><strong><em>Μ</em></strong></span> <span class='ocrx_word' id='word_1_113' title='bbox 1294 1527 1540 1591; x_wconf 78' lang='lat' dir='ltr'>Tullius</span> <span class='ocrx_word' id='word_1_114' title='bbox 1586 1528 1654 1590; x_wconf 86' lang='lat' dir='ltr'>in</span> <span class='ocrx_word' id='word_1_115' title='bbox 1691 1526 2059 1591; x_wconf 85' lang='lat' dir='ltr'>Hortensio:</span> <span class='ocrx_word' id='word_1_116' title='bbox 2106 1529 2270 1592; x_wconf 90' lang='lat' dir='ltr'>caeli</span> 
     </span>
    </p>

    <p class='ocr_par' dir='ltr' id='par_1_8' title="bbox 175 1613 2267 1787">
     <span class='ocr_line' id='line_1_16' title="bbox 175 1613 2267 1700; baseline 0 -22"><span class='ocrx_word' id='word_1_117' title='bbox 175 1638 225 1678; x_wconf 89' lang='lat'>15</span> <span class='ocrx_word' id='word_1_118' title='bbox 256 1616 589 1700; x_wconf 85' lang='lat' dir='ltr'>signorum</span> <span class='ocrx_word' id='word_1_119' title='bbox 646 1614 1094 1679; x_wconf 87' lang='lat' dir='ltr'>admirabilem</span> <span class='ocrx_word' id='word_1_120' title='bbox 1152 1615 1441 1680; x_wconf 88' lang='lat' dir='ltr'>ordinem</span> <span class='ocrx_word' id='word_1_121' title='bbox 1500 1613 2067 1698; x_wconf 88' lang='lat' dir='ltr'>insatiabilemque</span> <span class='ocrx_word' id='word_1_122' title='bbox 2132 1616 2267 1699; x_wconf 91' lang='lat' dir='ltr'>pul-</span> 
     </span>
     <span class='ocr_line' id='line_1_17' title="bbox 254 1703 1258 1787; baseline -0.001 -19"><span class='ocrx_word' id='word_1_123' title='bbox 254 1703 685 1768; x_wconf 87' lang='lat' dir='ltr'>chritudinem</span> <span class='ocrx_word' id='word_1_124' title='bbox 733 1703 941 1787; x_wconf 84' lang='lat' dir='ltr'>magis</span> <span class='ocrx_word' id='word_1_125' title='bbox 990 1706 1258 1786; x_wconf 87' lang='lat' dir='ltr'>spectat.</span> 
     </span>
    </p>

    <p class='ocr_par' dir='ltr' id='par_1_9' title="bbox 253 1790 2272 2051">
     <span class='ocr_line' id='line_1_18' title="bbox 388 1790 2272 1874; baseline 0 -19"><span class='ocrx_word' id='word_1_126' title='bbox 388 1792 491 1856; x_wconf 84' lang='lat'>54.</span> <span class='ocrx_word' id='word_1_127' title='bbox 527 1793 858 1874; x_wconf 64' lang='lat' dir='ltr'>Augustin.</span> <span class='ocrx_word' id='word_1_128' title='bbox 903 1793 976 1855; x_wconf 80' lang='lat' dir='ltr'>de</span> <span class='ocrx_word' id='word_1_129' title='bbox 1020 1792 1178 1854; x_wconf 84' lang='lat' dir='ltr'>civit.</span> <span class='ocrx_word' id='word_1_130' title='bbox 1222 1792 1321 1854; x_wconf 87' lang='lat' dir='ltr'>dei</span> <span class='ocrx_word' id='word_1_131' title='bbox 1354 1790 1489 1854; x_wconf 95' lang='lat' dir='ltr'>III</span> <span class='ocrx_word' id='word_1_132' title='bbox 1515 1793 1594 1854; x_wconf 88' lang='lat'>15</span> <span class='ocrx_word' id='word_1_133' title='bbox 1640 1791 1724 1855; x_wconf 90' lang='lat' dir='ltr'>In</span> <span class='ocrx_word' id='word_1_134' title='bbox 1760 1791 2096 1855; x_wconf 88' lang='lat' dir='ltr'>Hortensio</span> <span class='ocrx_word' id='word_1_135' title='bbox 2139 1793 2272 1855; x_wconf 86' lang='lat' dir='ltr'>dia-</span> 
     </span>
     <span class='ocr_line' id='line_1_19' title="bbox 257 1878 2269 1964; baseline 0 -20"><span class='ocrx_word' id='word_1_136' title='bbox 257 1880 387 1962; x_wconf 74' lang='lat' dir='ltr'>loqo</span> <span class='ocrx_word' id='word_1_137' title='bbox 430 1878 716 1964; x_wconf 81' lang='lat' dir='ltr'>(Cicero),</span> <span class='ocrx_word' id='word_1_138' title='bbox 765 1900 903 1946; x_wconf 85' lang='lat' dir='ltr'>cum</span> <span class='ocrx_word' id='word_1_139' title='bbox 946 1881 1019 1943; x_wconf 84' lang='lat' dir='ltr'>de</span> <span class='ocrx_word' id='word_1_140' title='bbox 1062 1880 1210 1944; x_wconf 85' lang='lat' dir='ltr'>solis</span> <span class='ocrx_word' id='word_1_141' title='bbox 1253 1879 1562 1943; x_wconf 88' lang='lat' dir='ltr'>canonicis</span> <span class='ocrx_word' id='word_1_142' title='bbox 1607 1880 2035 1959; x_wconf 80' lang='lat' dir='ltr'>defectionibus</span> <span class='ocrx_word' id='word_1_143' title='bbox 2080 1880 2269 1962; x_wconf 79' lang='lat' dir='ltr'>loque-</span> 
     </span>
     <span class='ocr_line' id='line_1_20' title="bbox 253 1967 2271 2051; baseline 0.001 -21"><span class='ocrx_word' id='word_1_144' title='bbox 253 1974 455 2033; x_wconf 82' lang='lat' dir='ltr'>retur:</span> <span class='ocrx_word' id='word_1_145' title='bbox 509 1972 584 2033; x_wconf 90' lang='lat' dir='ltr'>ut</span> <span class='ocrx_word' id='word_1_146' title='bbox 629 1969 910 2050; x_wconf 90' lang='lat' dir='ltr'>easdem,</span> <span class='ocrx_word' id='word_1_147' title='bbox 966 1970 1194 2051; x_wconf 83' lang='lat' dir='ltr'>inquit,</span> <span class='ocrx_word' id='word_1_148' title='bbox 1246 1967 1548 2031; x_wconf 88' lang='lat' dir='ltr'>tenebras</span> <span class='ocrx_word' id='word_1_149' title='bbox 1596 1967 1861 2051; x_wconf 87' lang='lat' dir='ltr'>efficiat,</span> <span class='ocrx_word' id='word_1_150' title='bbox 1917 1990 2075 2051; x_wconf 92' lang='lat' dir='ltr'>quas</span> <span class='ocrx_word' id='word_1_151' title='bbox 2125 1968 2271 2032; x_wconf 86' lang='lat' dir='ltr'>effe·</span> 
     </span>
    </p>

    <p class='ocr_par' dir='ltr' id='par_1_10' title="bbox 172 2054 2273 2208">
     <span class='ocr_line' id='line_1_21' title="bbox 172 2054 2273 2138; baseline 0.001 -20"><span class='ocrx_word' id='word_1_152' title='bbox 172 2080 227 2118; x_wconf 83' lang='lat'>20</span> <span class='ocrx_word' id='word_1_153' title='bbox 254 2058 345 2121; x_wconf 88' lang='lat' dir='ltr'>cit</span> <span class='ocrx_word' id='word_1_154' title='bbox 399 2057 469 2119; x_wconf 93' lang='lat' dir='ltr'>in</span> <span class='ocrx_word' id='word_1_155' title='bbox 522 2056 791 2121; x_wconf 89' lang='lat' dir='ltr'>interitu</span> <span class='ocrx_word' id='word_1_156' title='bbox 840 2055 1130 2138; x_wconf 84' lang='lat' dir='ltr'>Romuli,</span> <span class='ocrx_word' id='word_1_157' title='bbox 1183 2055 1230 2136; x_wconf 58' lang='grc' dir='ltr'>ἦ·</span> <span class='ocrx_word' id='word_1_158' title='bbox 1285 2055 1396 2138; x_wconf 91' lang='lat' dir='ltr'>qui</span> <span class='ocrx_word' id='word_1_159' title='bbox 1451 2054 1904 2120; x_wconf 83' lang='lat' dir='ltr'>obscuratione</span> <span class='ocrx_word' id='word_1_160' title='bbox 1961 2058 2143 2120; x_wconf 45' lang='lat' dir='ltr'>solis¹</span> <span class='ocrx_word' id='word_1_161' title='bbox 2172 2061 2273 2120; x_wconf 90' lang='lat' dir='ltr'>est</span> 
     </span>
     <span class='ocr_line' id='line_1_22' title="bbox 253 2144 485 2208; baseline -0.013 0"><span class='ocrx_word' id='word_1_162' title='bbox 253 2144 485 2208; x_wconf 83' lang='lat' dir='ltr'>factuS.</span> 
     </span>
    </p>

    <p class='ocr_par' dir='ltr' id='par_1_11' title="bbox 256 2231 2275 2491">
     <span class='ocr_line' id='line_1_23' title="bbox 390 2231 2271 2313; baseline 0.001 -18"><span class='ocrx_word' id='word_1_163' title='bbox 390 2231 494 2295; x_wconf 84' lang='lat'>55.</span> <span class='ocrx_word' id='word_1_164' title='bbox 541 2232 704 2295; x_wconf 87' lang='lat' dir='ltr'>Non.</span> <span class='ocrx_word' id='word_1_165' title='bbox 737 2252 806 2313; x_wconf 92' lang='lat' dir='ltr'>p.</span> <span class='ocrx_word' id='word_1_166' title='bbox 840 2236 986 2296; x_wconf 82' lang='lat'>329.</span> <span class='ocrx_word' id='word_1_167' title='bbox 1023 2237 1103 2295; x_wconf 88' lang='grc'>19</span> <span class='ocrx_word' id='word_1_168' title='bbox 1149 2231 1243 2294; x_wconf 88' lang='grc' dir='ltr'>Μ.</span> <span class='ocrx_word' id='word_1_169' title='bbox 1294 2231 1540 2296; x_wconf 80' lang='lat' dir='ltr'>Tullius</span> <span class='ocrx_word' id='word_1_170' title='bbox 1584 2233 1652 2296; x_wconf 88' lang='lat' dir='ltr'>in</span> <span class='ocrx_word' id='word_1_171' title='bbox 1700 2232 2061 2296; x_wconf 86' lang='lat' dir='ltr'>Hortensio:</span> <span class='ocrx_word' id='word_1_172' title='bbox 2107 2232 2271 2296; x_wconf 89' lang='lat' dir='ltr'>Tum</span> 
     </span>
     <span class='ocr_line' id='line_1_24' title="bbox 256 2318 2275 2471; baseline 0 -88"><span class='ocrx_word' id='word_1_173' title='bbox 256 2319 739 2471; x_wconf 49' lang='lat' dir='ltr'>plsleuidomergon</span> <span class='ocrx_word' id='word_1_174' title='bbox 801 2323 867 2382; x_wconf 88' lang='lat' dir='ltr'>et</span> <span class='ocrx_word' id='word_1_175' title='bbox 937 2319 1207 2382; x_wconf 88' lang='lat' dir='ltr'>soritam</span> <span class='ocrx_word' id='word_1_176' title='bbox 1271 2323 1339 2382; x_wconf 89' lang='lat' dir='ltr'>et</span> <span class='ocrx_word' id='word_1_177' title='bbox 1408 2322 1619 2383; x_wconf 91' lang='lat' dir='ltr'>totam</span> <span class='ocrx_word' id='word_1_178' title='bbox 1692 2318 2094 2383; x_wconf 89' lang='lat' dir='ltr'>dialecticam</span> <span class='ocrx_word' id='word_1_179' title='bbox 2160 2325 2275 2383; x_wconf 91' lang='lat' dir='ltr'>aut</span> 
     </span>
     <span class='ocr_line' id='line_1_25' title="bbox 262 2428 1000 2491; baseline -0.004 -19"><span class='ocrx_word' id='word_1_180' title='bbox 262 2432 285 2472; x_wconf 91' lang='lat'>1</span> <span class='ocrx_word' id='word_1_181' title='bbox 342 2431 383 2470; x_wconf 91' lang='lat' dir='ltr'>u</span> <span class='ocrx_word' id='word_1_182' title='bbox 429 2430 485 2470; x_wconf 90' lang='lat' dir='ltr'>1s</span> <span class='ocrx_word' id='word_1_183' title='bbox 533 2429 615 2471; x_wconf 86' lang='lat' dir='ltr'>au</span> <span class='ocrx_word' id='word_1_184' title='bbox 690 2428 1000 2491; x_wconf 77' lang='lat' dir='ltr'>increpas,</span> 
     </span>
    </p>

    <p class='ocr_par' dir='ltr' id='par_1_12' title="bbox 176 2493 2269 2754">
     <span class='ocr_line' id='line_1_26' title="bbox 176 2493 2269 2576; baseline 0 -20"><span class='ocrx_word' id='word_1_185' title='bbox 176 2517 230 2557; x_wconf 83' lang='lat'>25</span> <span class='ocrx_word' id='word_1_186' title='bbox 394 2497 496 2560; x_wconf 85' lang='lat'>56.</span> <span class='ocrx_word' id='word_1_187' title='bbox 544 2495 708 2559; x_wconf 88' lang='lat' dir='ltr'>Non.</span> <span class='ocrx_word' id='word_1_188' title='bbox 742 2516 811 2576; x_wconf 90' lang='lat' dir='ltr'>p.</span> <span class='ocrx_word' id='word_1_189' title='bbox 844 2500 989 2560; x_wconf 79' lang='lat'>364.</span> <span class='ocrx_word' id='word_1_190' title='bbox 1026 2498 1135 2560; x_wconf 84' lang='grc'>22,</span> <span class='ocrx_word' id='word_1_191' title='bbox 1162 2496 1258 2559; x_wconf 98' lang='grc' dir='ltr'><strong><em>Μ</em></strong></span> <span class='ocrx_word' id='word_1_192' title='bbox 1299 2495 1543 2559; x_wconf 78' lang='lat' dir='ltr'>Tullius</span> <span class='ocrx_word' id='word_1_193' title='bbox 1588 2496 1658 2558; x_wconf 89' lang='lat' dir='ltr'>in</span> <span class='ocrx_word' id='word_1_194' title='bbox 1703 2495 2066 2559; x_wconf 85' lang='lat' dir='ltr'>Hortensio:</span> <span class='ocrx_word' id='word_1_195' title='bbox 2115 2493 2269 2567; x_wconf 88' lang='lat' dir='ltr'>Quis</span> 
     </span>
     <span class='ocr_line' id='line_1_27' title="bbox 259 2581 2269 2666; baseline -0.001 -18"><span class='ocrx_word' id='word_1_196' title='bbox 259 2588 324 2648; x_wconf 90' lang='lat' dir='ltr'>te</span> <span class='ocrx_word' id='word_1_197' title='bbox 373 2588 486 2648; x_wconf 86' lang='lat' dir='ltr'>aut</span> <span class='ocrx_word' id='word_1_198' title='bbox 533 2587 632 2647; x_wconf 87' lang='lat' dir='ltr'>est</span> <span class='ocrx_word' id='word_1_199' title='bbox 678 2586 791 2647; x_wconf 87' lang='lat' dir='ltr'>aut</span> <span class='ocrx_word' id='word_1_200' title='bbox 842 2581 971 2647; x_wconf 87' lang='lat' dir='ltr'>fuit</span> <span class='ocrx_word' id='word_1_201' title='bbox 1023 2604 1331 2665; x_wconf 93' lang='lat' dir='ltr'>umquam</span> <span class='ocrx_word' id='word_1_202' title='bbox 1385 2582 1455 2646; x_wconf 93' lang='lat' dir='ltr'>in</span> <span class='ocrx_word' id='word_1_203' title='bbox 1507 2581 1870 2666; x_wconf 86' lang='lat' dir='ltr'>partiundis</span> <span class='ocrx_word' id='word_1_204' title='bbox 1930 2582 2121 2645; x_wconf 91' lang='lat' dir='ltr'>rebus</span> <span class='ocrx_word' id='word_1_205' title='bbox 2134 2633 2149 2664; x_wconf 87' lang='lat'><em>‚</em></span> <span class='ocrx_word' id='word_1_206' title='bbox 2204 2582 2269 2645; x_wconf 91' lang='lat' dir='ltr'>in</span> 
     </span>
     <span class='ocr_line' id='line_1_28' title="bbox 259 2669 1593 2754; baseline -0.001 -19"><span class='ocrx_word' id='word_1_207' title='bbox 259 2671 634 2735; x_wconf 91' lang='lat' dir='ltr'>definiendis</span> <span class='ocrx_word' id='word_1_208' title='bbox 645 2723 663 2754; x_wconf 83' lang='lat'><em>‚</em></span> <span class='ocrx_word' id='word_1_209' title='bbox 708 2670 777 2734; x_wconf 92' lang='lat' dir='ltr'>in</span> <span class='ocrx_word' id='word_1_210' title='bbox 823 2670 1216 2754; x_wconf 85' lang='lat' dir='ltr'>explicandis</span> <span class='ocrx_word' id='word_1_211' title='bbox 1263 2669 1593 2754; x_wconf 77' lang='lat' dir='ltr'>pressior?</span> 
     </span>
    </p>

    <p class='ocr_par' dir='ltr' id='par_1_13' title="bbox 260 2757 2271 2932">
     <span class='ocr_line' id='line_1_29' title="bbox 392 2757 2270 2840; baseline -0.001 -16"><span class='ocrx_word' id='word_1_212' title='bbox 392 2760 493 2824; x_wconf 81' lang='lat'>57.</span> <span class='ocrx_word' id='word_1_213' title='bbox 541 2760 705 2824; x_wconf 82' lang='lat' dir='ltr'>Non.</span> <span class='ocrx_word' id='word_1_214' title='bbox 738 2780 805 2840; x_wconf 91' lang='lat' dir='ltr'>p.</span> <span class='ocrx_word' id='word_1_215' title='bbox 841 2763 989 2823; x_wconf 82' lang='lat'>270.</span> <span class='ocrx_word' id='word_1_216' title='bbox 1026 2763 1115 2824; x_wconf 88' lang='grc'>26</span> <span class='ocrx_word' id='word_1_217' title='bbox 1158 2760 1253 2823; x_wconf 97' lang='grc' dir='ltr'><strong><em>Μ</em></strong></span> <span class='ocrx_word' id='word_1_218' title='bbox 1294 2758 1539 2822; x_wconf 79' lang='lat' dir='ltr'>Tullius</span> <span class='ocrx_word' id='word_1_219' title='bbox 1584 2760 1653 2821; x_wconf 87' lang='lat' dir='ltr'>in</span> <span class='ocrx_word' id='word_1_220' title='bbox 1687 2759 2052 2823; x_wconf 86' lang='lat' dir='ltr'>Hortensio:</span> <span class='ocrx_word' id='word_1_221' title='bbox 2101 2757 2270 2822; x_wconf 91' lang='lat' dir='ltr'>Nam</span> 
     </span>
     <span class='ocr_line' id='line_1_30' title="bbox 260 2845 2271 2932; baseline -0.001 -20"><span class='ocrx_word' id='word_1_222' title='bbox 260 2848 432 2932; x_wconf 90' lang='lat' dir='ltr'>quod</span> <span class='ocrx_word' id='word_1_223' title='bbox 476 2846 718 2912; x_wconf 86' lang='lat' dir='ltr'>vereris</span> <span class='ocrx_word' id='word_1_224' title='bbox 730 2897 747 2928; x_wconf 88' lang='lat'><em>‚</em></span> <span class='ocrx_word' id='word_1_225' title='bbox 792 2868 873 2910; x_wconf 89' lang='lat' dir='ltr'>ne</span> <span class='ocrx_word' id='word_1_226' title='bbox 918 2868 1050 2910; x_wconf 92' lang='lat' dir='ltr'>non</span> <span class='ocrx_word' id='word_1_227' title='bbox 1095 2845 1437 2910; x_wconf 85' lang='lat' dir='ltr'>conveniat</span> <span class='ocrx_word' id='word_1_228' title='bbox 1480 2846 1725 2910; x_wconf 92' lang='lat' dir='ltr'>nostris</span> <span class='ocrx_word' id='word_1_229' title='bbox 1772 2846 2096 2910; x_wconf 87' lang='lat' dir='ltr'>aetatibus</span> <span class='ocrx_word' id='word_1_230' title='bbox 2143 2847 2271 2909; x_wconf 87' lang='lat' dir='ltr'>ista</span> 
     </span>
    </p>

    <p class='ocr_par' dir='ltr' id='par_1_14' title="bbox 177 2934 1591 3018">
     <span class='ocr_line' id='line_1_31' title="bbox 177 2934 1591 3018; baseline 0.001 -23"><span class='ocrx_word' id='word_1_231' title='bbox 177 2956 232 2996; x_wconf 84' lang='lat'>30</span> <span class='ocrx_word' id='word_1_232' title='bbox 262 2937 501 3017; x_wconf 88' lang='lat' dir='ltr'>orati0‚</span> <span class='ocrx_word' id='word_1_233' title='bbox 548 2956 711 3018; x_wconf 89' lang='lat' dir='ltr'>quae</span> <span class='ocrx_word' id='word_1_234' title='bbox 758 2937 1007 3018; x_wconf 88' lang='lat' dir='ltr'>spectet</span> <span class='ocrx_word' id='word_1_235' title='bbox 1054 2934 1136 2998; x_wconf 93' lang='lat' dir='ltr'>ad</span> <span class='ocrx_word' id='word_1_236' title='bbox 1181 2934 1591 2998; x_wconf 89' lang='lat' dir='ltr'>hortandum.</span> 
     </span>
    </p>

    <p class='ocr_par' dir='ltr' id='par_1_15' title="bbox 256 3020 2273 3282">
     <span class='ocr_line' id='line_1_32' title="bbox 393 3020 2273 3103; baseline -0.002 -16"><span class='ocrx_word' id='word_1_237' title='bbox 393 3024 494 3089; x_wconf 85' lang='lat'>58.</span> <span class='ocrx_word' id='word_1_238' title='bbox 541 3023 703 3087; x_wconf 87' lang='lat' dir='ltr'>Non.</span> <span class='ocrx_word' id='word_1_239' title='bbox 742 3044 807 3103; x_wconf 94' lang='lat' dir='ltr'>p.</span> <span class='ocrx_word' id='word_1_240' title='bbox 851 3026 998 3086; x_wconf 83' lang='lat'>271.</span> <span class='ocrx_word' id='word_1_241' title='bbox 1043 3026 1127 3086; x_wconf 82' lang='lat'>30</span> <span class='ocrx_word' id='word_1_242' title='bbox 1172 3023 1266 3086; x_wconf 93' lang='grc' dir='ltr'><strong><em>Μ</em></strong></span> <span class='ocrx_word' id='word_1_243' title='bbox 1318 3022 1561 3086; x_wconf 80' lang='lat' dir='ltr'>Tullius</span> <span class='ocrx_word' id='word_1_244' title='bbox 1606 3023 1675 3085; x_wconf 87' lang='lat' dir='ltr'>in</span> <span class='ocrx_word' id='word_1_245' title='bbox 1717 3020 2080 3085; x_wconf 84' lang='lat' dir='ltr'>Hortensio:</span> <span class='ocrx_word' id='word_1_246' title='bbox 2138 3021 2273 3084; x_wconf 90' lang='lat' dir='ltr'>Aut</span> 
     </span>
     <span class='ocr_line' id='line_1_33' title="bbox 256 3108 2272 3194; baseline -0.002 -19"><span class='ocrx_word' id='word_1_247' title='bbox 256 3111 382 3176; x_wconf 90' lang='lat' dir='ltr'>tibi</span> <span class='ocrx_word' id='word_1_248' title='bbox 408 3111 475 3175; x_wconf 93' lang='lat' dir='ltr'>id</span> <span class='ocrx_word' id='word_1_249' title='bbox 502 3111 716 3194; x_wconf 92' lang='lat' dir='ltr'>ipsum</span> <span class='ocrx_word' id='word_1_250' title='bbox 744 3110 1239 3194; x_wconf 86' lang='lat' dir='ltr'>pervertendum</span> <span class='ocrx_word' id='word_1_251' title='bbox 1268 3109 1411 3192; x_wconf 90' lang='lat' dir='ltr'>fuit,</span> <span class='ocrx_word' id='word_1_252' title='bbox 1442 3110 1612 3192; x_wconf 91' lang='lat' dir='ltr'>quod</span> <span class='ocrx_word' id='word_1_253' title='bbox 1639 3112 1712 3173; x_wconf 90' lang='lat' dir='ltr'>tu</span> <span class='ocrx_word' id='word_1_254' title='bbox 1731 3130 1812 3172; x_wconf 90' lang='lat' dir='ltr'>ne</span> <span class='ocrx_word' id='word_1_255' title='bbox 1833 3108 2119 3193; x_wconf 84' lang='lat' dir='ltr'>attigisti</span> <span class='ocrx_word' id='word_1_256' title='bbox 2139 3109 2272 3191; x_wconf 87' lang='lat' dir='ltr'>qui-</span> 
     </span>
     <span class='ocr_line' id='line_1_34' title="bbox 259 3195 2271 3282; baseline -0.002 -18"><span class='ocrx_word' id='word_1_257' title='bbox 259 3200 424 3282; x_wconf 85' lang='lat' dir='ltr'>dem,</span> <span class='ocrx_word' id='word_1_258' title='bbox 460 3202 574 3263; x_wconf 88' lang='lat' dir='ltr'>aut</span> <span class='ocrx_word' id='word_1_259' title='bbox 612 3198 748 3262; x_wconf 93' lang='lat' dir='ltr'>eius</span> <span class='ocrx_word' id='word_1_260' title='bbox 785 3201 1004 3282; x_wconf 85' lang='lat' dir='ltr'>partes</span> <span class='ocrx_word' id='word_1_261' title='bbox 1044 3198 1229 3280; x_wconf 88' lang='lat' dir='ltr'>quasi</span> <span class='ocrx_word' id='word_1_262' title='bbox 1265 3197 1558 3262; x_wconf 90' lang='lat' dir='ltr'>membra</span> <span class='ocrx_word' id='word_1_263' title='bbox 1588 3196 1904 3280; x_wconf 84' lang='lat' dir='ltr'>quaedam</span> <span class='ocrx_word' id='word_1_264' title='bbox 1936 3195 2271 3260; x_wconf 90' lang='lat' dir='ltr'>caedenda.</span> 
     </span>
    </p>

    <p class='ocr_par' dir='ltr' id='par_1_16' title="bbox 393 3282 2272 3367">
     <span class='ocr_line' id='line_1_35' title="bbox 393 3282 2272 3367; baseline -0.003 -15"><span class='ocrx_word' id='word_1_265' title='bbox 393 3287 495 3352; x_wconf 88' lang='lat'>59.</span> <span class='ocrx_word' id='word_1_266' title='bbox 542 3286 707 3350; x_wconf 91' lang='lat' dir='ltr'>Non.</span> <span class='ocrx_word' id='word_1_267' title='bbox 740 3307 808 3367; x_wconf 90' lang='lat' dir='ltr'>p.</span> <span class='ocrx_word' id='word_1_268' title='bbox 855 3291 994 3350; x_wconf 83' lang='lat'>193.</span> <span class='ocrx_word' id='word_1_269' title='bbox 1032 3293 1073 3350; x_wconf 88' lang='grc'><em>9</em></span> <span class='ocrx_word' id='word_1_270' title='bbox 1118 3287 1213 3349; x_wconf 94' lang='grc' dir='ltr'><strong><em>Μ</em></strong></span> <span class='ocrx_word' id='word_1_271' title='bbox 1255 3286 1500 3350; x_wconf 78' lang='lat' dir='ltr'>Tullius</span> <span class='ocrx_word' id='word_1_272' title='bbox 1544 3287 1614 3349; x_wconf 90' lang='lat' dir='ltr'>in</span> <span class='ocrx_word' id='word_1_273' title='bbox 1650 3286 2014 3349; x_wconf 81' lang='lat' dir='ltr'>Hortensio:</span> <span class='ocrx_word' id='word_1_274' title='bbox 2062 3282 2272 3358; x_wconf 75' lang='lat' dir='ltr'>Quid?</span> 
     </span>
    </p>

    <p class='ocr_par' dir='ltr' id='par_1_17' title="bbox 174 3373 2272 3633">
     <span class='ocr_line' id='line_1_36' title="bbox 174 3373 2272 3458; baseline 0 -24"><span class='ocrx_word' id='word_1_275' title='bbox 174 3393 228 3434; x_wconf 81' lang='lat'>35</span> <span class='ocrx_word' id='word_1_276' title='bbox 256 3380 349 3457; x_wconf 87' lang='lat' dir='ltr'>tu,</span> <span class='ocrx_word' id='word_1_277' title='bbox 387 3375 671 3458; x_wconf 85' lang='lat' dir='ltr'>inquam,</span> <span class='ocrx_word' id='word_1_278' title='bbox 709 3375 898 3456; x_wconf 82' lang='lat' dir='ltr'>soleS,</span> <span class='ocrx_word' id='word_1_279' title='bbox 935 3395 1080 3437; x_wconf 88' lang='lat' dir='ltr'>cum</span> <span class='ocrx_word' id='word_1_280' title='bbox 1118 3373 1438 3437; x_wconf 89' lang='lat' dir='ltr'>rationem</span> <span class='ocrx_word' id='word_1_281' title='bbox 1477 3395 1516 3437; x_wconf 88' lang='lat' dir='ltr'>a</span> <span class='ocrx_word' id='word_1_282' title='bbox 1544 3373 1988 3457; x_wconf 88' lang='lat' dir='ltr'>dispensatore</span> <span class='ocrx_word' id='word_1_283' title='bbox 2020 3373 2272 3455; x_wconf 78' lang='lat' dir='ltr'>accipiS‚</span> 
     </span>
     <span class='ocr_line' id='line_1_37' title="bbox 258 3460 2271 3546; baseline -0.001 -19"><span class='ocrx_word' id='word_1_284' title='bbox 258 3463 315 3527; x_wconf 89' lang='lat' dir='ltr'>si</span> <span class='ocrx_word' id='word_1_285' title='bbox 363 3484 515 3526; x_wconf 86' lang='lat' dir='ltr'>aera</span> <span class='ocrx_word' id='word_1_286' title='bbox 562 3461 821 3546; x_wconf 83' lang='lat' dir='ltr'>singula</span> <span class='ocrx_word' id='word_1_287' title='bbox 867 3461 1188 3544; x_wconf 85' lang='lat' dir='ltr'>probasti,</span> <span class='ocrx_word' id='word_1_288' title='bbox 1246 3483 1590 3543; x_wconf 87' lang='lat' dir='ltr'>summam,</span> <span class='ocrx_word' id='word_1_289' title='bbox 1648 3482 1809 3544; x_wconf 91' lang='lat' dir='ltr'>quae</span> <span class='ocrx_word' id='word_1_290' title='bbox 1857 3481 1935 3523; x_wconf 86' lang='lat' dir='ltr'>ex</span> <span class='ocrx_word' id='word_1_291' title='bbox 1980 3460 2081 3524; x_wconf 93' lang='lat' dir='ltr'>his</span> <span class='ocrx_word' id='word_1_292' title='bbox 2131 3482 2271 3525; x_wconf 88' lang='lat' dir='ltr'>con-</span> 
     </span>
     <span class='ocr_line' id='line_1_38' title="bbox 255 3548 1138 3633; baseline 0 -20"><span class='ocrx_word' id='word_1_293' title='bbox 255 3550 430 3615; x_wconf 86' lang='lat' dir='ltr'>fecta</span> <span class='ocrx_word' id='word_1_294' title='bbox 477 3550 590 3629; x_wconf 90' lang='lat' dir='ltr'>sit,</span> <span class='ocrx_word' id='word_1_295' title='bbox 635 3570 767 3613; x_wconf 90' lang='lat' dir='ltr'>non</span> <span class='ocrx_word' id='word_1_296' title='bbox 812 3548 1138 3633; x_wconf 76' lang='lat' dir='ltr'>probare?</span> 
     </span>
    </p>
   </div>
  </div>
 </body>
</html>
