2630 3913
709 277 1131 334 POEMATUM.
1170 278 1235 332 H.
1275 278 1355 332 IV
1392 295 1427 331 a
1462 296 1513 332 v.
1553 285 1849 335 eoo—396.
2161 280 2282 343 371

116 449 257 506 120
364 439 553 504 Hunc
598 443 867 523 propter
914 441 1262 523 subterque
1308 439 1530 525 pedeS,
1593 461 1753 523 quos
1803 440 2075 505 diximus
2123 447 2291 527 ante,

277 526 533 592 Orionis
580 527 748 592 iacet
795 526 1041 612 levipes
1086 526 1353 612 Lepus.
1426 527 1551 592 Hic
1595 528 1768 612 fugit
1813 528 1978 593 ictus
2187 547 2286 595 365

274 615 630 681 Horrificos
679 617 970 679 metuens
1017 616 1217 678 rostri
1262 616 1723 679 tremebundus
1772 617 1961 681 acuti.

274 703 446 768 Nam
494 702 688 768 Canis
734 703 971 768 infesto
1021 703 1310 786 sequitur
1358 704 1637 789 vestigia
1683 725 1872 769 cursu

276 791 819 875 Praecipitantem
867 792 1125 876 agitans
1173 791 1385 856 oriens
1432 792 1564 856 iam
1611 792 1886 876 denique
1932 794 2127 876 paulo

122 888 254 945 125
278 877 683 944 Curriculum
729 901 1083 962 numquam
1129 878 1378 943 defesso
1427 902 1693 963 corpore
1740 880 1989 959 sedans

364 969 455 1030 At
494 965 686 1031 Canis
734 968 816 1031 ad
863 967 1132 1031 caudam
1178 989 1442 1051 serpens
1478 969 1846 1051 prolabitur
1884 969 2091 1054 Argo
2184 986 2283 1035 37c

277 1053 670 1119 Conversam
716 1076 872 1139 prae
920 1076 988 1119 se
1033 1059 1303 1139 portans
1351 1078 1496 1119 cum
1542 1056 1782 1120 lumine
1828 1059 2125 1142 puppim,

276 1140 426 1206 Non
472 1142 639 1206 aliae
685 1164 884 1207 naves
931 1147 1005 1207 ut
1048 1143 1119 1206 in
1164 1143 1300 1207 alto
1349 1166 1585 1226 ponere
1636 1166 1863 1228 proras

277 1231 449 1294 Ante
497 1230 709 1295 solent
755 1232 970 1296 rostro
1015 1230 1346 1315 Neptunia
1393 1237 1583 1315 prata
1630 1237 1949 1316 secantes,

124 1325 258 1382 130
278 1315 404 1381 Sed
450 1339 758 1383 conversa
802 1323 979 1383 retro
1027 1320 1190 1383 caeli
1235 1341 1303 1382 se
1351 1342 1465 1403 per
1510 1322 1655 1385 loca
1698 1324 1937 1405 portat.

280 1403 485 1487 Sicut,
532 1427 674 1470 cum
720 1411 1025 1490 coeptant
1071 1411 1249 1471 tutos
1297 1408 1671 1493 contingere
1716 1413 1972 1493 portus,
2185 1427 2288 1475 375

280 1491 642 1557 Obvertunt
685 1515 915 1558 navem
963 1516 1201 1580 magno
1249 1517 1395 1559 cum
1439 1496 1719 1580 pondere
1765 1502 2002 1562 nautae

278 1580 763 1664 Adversamque
810 1583 1082 1647 trahunt
1127 1587 1356 1667 optata
1403 1584 1484 1647 ad
1529 1585 1755 1648 littora
1798 1585 2096 1670 puppim,

279 1667 383 1734 Sic
428 1690 738 1733 conversa
783 1675 967 1735 vetus
1016 1693 1208 1754 super
1253 1672 1518 1736 aethera
1566 1673 1840 1737 vertitur
1885 1673 2067 1758 Argo

123 1763 255 1822 135
276 1756 495 1840 Atque
550 1779 751 1842 usque
798 1781 838 1823 a
891 1780 1088 1843 prora
1134 1759 1216 1823 ad
1266 1761 1509 1824 celsum
1556 1760 1693 1825 sine
1740 1761 1980 1825 lumine
2027 1762 2287 1845 malum,

275 1845 336 1910 A
382 1846 555 1910 malo
604 1846 686 1911 ad
730 1846 998 1931 puppim
1046 1848 1219 1911 clara
1263 1870 1409 1912 cum
1456 1849 1595 1914 luce
1642 1850 1921 1934 videtur3
2184 1853 2288 1916 386

273 1931 433 1998 Inde
483 1934 947 2021 gubernaclum
994 1935 1286 2020 disperso
1335 1936 1576 2002 lumine
1621 1937 1880 2024 fulgens

276 2021 455 2087 Clari
499 2022 864 2107 posteriora
909 2021 1102 2087 Oanis
1152 2024 1433 2109 vestigia
1478 2026 1713 2091 condit.

362 2109 534 2174 Exin
579 2115 895 2175 semotam
941 2111 1166 2195 procul
1211 2110 1281 2175 in
1326 2116 1597 2196 tutoque
1643 2115 1926 2178 locatam

120 2204 256 2263 140
274 2196 755 2263 Andromedam
800 2202 1022 2263 tamen
1068 2201 1409 2283 explorans
1454 2200 1593 2264 fera
1640 2223 1943 2284 quaerere
1990 2202 2285 2267 Pistrix

273 2284 501 2371 Pergit
538 2290 604 2351 et
640 2308 842 2369 usque
881 2288 1077 2351 sitam
1115 2287 1365 2352 validas
1399 2288 1743 2371 Aquilonis
1782 2289 1862 2353 ad
1900 2312 2090 2354 auras
2182 2308 2285 2357 385

276 2370 552 2438 Caerula
596 2375 883 2459 vestigat
926 2375 1114 2439 finita
1157 2375 1227 2438 in
1270 2376 1568 2459 partibus
1615 2377 1858 2441 Austri.

272 2459 461 2526 Hanc
506 2462 696 2526 Aries
742 2463 908 2547 tegit
955 2467 1020 2527 et
1066 2485 1412 2547 squamoso
1460 2484 1727 2548 corpore
1772 2465 1989 2531 Pisces

273 2548 592 2614 Fluminis
638 2549 935 2614 inlustris
982 2553 1361 2636 tangentem
1406 2554 1665 2636 pectore
1711 2552 1907 2638 ripas,

119 2642 250 2701 145
273 2636 572 2721 Namque
619 2637 817 2702 etiam
861 2638 1281 2703 Eridanum
1328 2662 1546 2704 cernes
1591 2641 1660 2704 in
1704 2645 1892 2725 parte
1937 2642 2221 2707 locatum

276 2722 484 2808 Caeli,
528 2726 859 2790 funestum
907 2726 1162 2811 magnis
1211 2749 1356 2791 cum
1401 2728 1648 2793 viribus
1696 2751 1976 2811 amnem,
2180 2748 2283 2797 390

275 2810 480 2888 Quem
525 2813 810 2879 lacrimis
857 2819 1144 2879 maestae
1189 2815 1620 2881 Phaethontis
1667 2839 1859 2901 saepe
1905 2839 2159 2883 sorores

274 2898 666 2985 Sparserunt
710 2901 914 2966 letum
961 2902 1275 2967 maerenti
1320 2925 1476 2968 voce
1522 2908 1842 2968 canentes.

272 2988 461 3053 Hunc
508 2987 767 3054 Orionis
815 2991 933 3054 sub
982 2990 1169 3054 laeva
1213 3012 1469 3055 cernere
1515 2992 1744 3075 planta

120 3084 251 3140 150
273 3073 652 3161 Serpentem
697 3078 942 3163 poteris
988 3100 1382 3162 proceraque
1428 3078 1708 3144 Vincla
1751 3079 2029 3162 videbis,

271 3163 448 3239 Quae
496 3165 780 3229 retinent
824 3165 1066 3247 Pisces,
1114 3167 1460 3230 caudarum
1509 3189 1547 3230 a
1591 3171 1777 3251 parte
1824 3166 2039 3231 locata
2181 3185 2280 3233 395

268 3250 566 3318 Flumine
614 3253 819 3318 mixta
864 3258 1036 3319 retro
1085 3254 1167 3319 ad
1211 3253 1506 3318 Pistricis
1552 3258 1740 3339 terga
1786 3255 2040 3319 reverti.

409 3475 477 3530 V.
517 3484 618 3531 369
643 3494 723 3545 sq.
762 3478 838 3534 N.
876 3480 951 3533 D.
990 3480 1070 3532 ΙΙ
1097 3483 1183 3535 44.
1222 3484 1355 3546 114,
1395 3485 1691 3545 370—373‚
1730 3484 2039 3547 375—378,
2078 3487 2179 3535 381
2203 3499 2280 3549 sq.

266 3548 481 3618 quin.
519 3548 631 3614 fab.
671 3553 741 3602 14
769 3565 831 3617 p.
869 3554 939 3603 49
978 3548 1150 3603 Schm.
1193 3581 1257 3589 -
1296 3555 1399 3604 387
1427 3567 1505 3617 sq.
1547 3549 1656 3605 Cic.
1696 3550 1770 3605 N.
1808 3550 1881 3603 D.
1920 3550 2001 3605 II
2028 3556 2113 3605 44.
2151 3557 2285 3607 114.-

263 3619 597 3686 tangentem
635 3634 864 3688 corpore
901 3618 1068 3688 ripas.
1108 3650 1174 3660 --
1214 3626 1318 3673 894
1334 3637 1414 3687 sq.
1456 3619 1563 3675 0⁸⁶0.
1602 3621 1734 3674 ibid.

1857 3707 1967 3762 24*
