2630 3913
252 224 524 280 FACETE
543 223 932 280 DICTORUM.
956 223 1020 280 G.
1048 223 1085 277 b
1105 230 1174 279 50
1190 255 1249 262 ——
1264 221 1686 278 POEMATUM.
1707 221 1774 276 H.
1806 223 1829 274 I
1850 238 1884 275 a
1908 228 2056 275 1—5.
2122 220 2247 286 351

334 388 513 464 Quae
549 386 809 451 Priamo
857 387 1101 451 cladem
1149 388 1214 449 et
1251 384 1482 450 Troiae
1523 388 1898 469 pestemque
1942 384 2257 467 ferebant,

332 476 474 542 Nos
521 475 761 541 circum
807 474 1034 540 latices
1082 474 1330 560 gelidos
1376 473 1778 537 fumantibus
1826 474 1954 538 aris

333 564 676 651 Aurigeris
724 563 940 628 divom
984 563 1318 647 placantes
1362 562 1630 625 numina
1676 562 1879 626 tauris

335 651 468 718 Sub
514 654 784 738 platano
829 651 1214 735 umbrifera,
1258 650 1406 714 fons
1455 650 1618 714 unde
1665 654 1924 715 emanat
1970 650 2189 734 aquai,

198 761 224 802 s
335 742 634 806 Vidimus
678 740 927 805 inmani
973 739 1181 825 specie
1227 742 1535 822 tortuque
1582 738 1923 804 draconem

334 831 745 912 Terribilem,
788 828 965 893 Iovis
1013 831 1086 892 ut
1130 827 1325 912 pulsu
1368 829 1740 911 penetraret
1783 827 1866 891 ab
1915 850 2055 910 ara3

336 919 460 994 Qui
504 918 756 1003 platani
799 917 870 981 in
914 937 1097 981 ramo
1142 915 1451 980 foliorum
1496 915 1781 1001 tegmine
1829 921 2088 1001 saeptos

337 1007 668 1092 Corripuit
711 1005 957 1091 pullos3
1003 1025 1164 1088 quos
1211 1026 1357 1068 cum
1402 1008 1807 1068 consumeret
1853 1010 2026 1086 oct0,

336 1095 529 1160 Nona
574 1116 767 1179 super
812 1093 1092 1158 tremulo
1140 1091 1435 1178 genetrix
1481 1092 1784 1178 clangore
1830 1093 2123 1177 volabat3

175 1204 223 1243 ιο
339 1182 458 1248 Cui
501 1183 675 1247 ferus
720 1182 967 1247 inmani
1011 1180 1284 1245 laniavit
1331 1180 1578 1245 viscera
1623 1202 1858 1246 morsu.

335 1270 544 1353 Hunc,
589 1271 701 1335 ubi
737 1275 875 1334 tam
912 1273 1169 1334 teneros
1206 1268 1488 1334 volucris
1528 1273 1924 1354 matremque
1965 1270 2261 1355 peremit,

339 1358 463 1434 Qui
507 1358 635 1423 luci
681 1358 994 1440 ediderat,
1042 1357 1299 1443 genitor
1345 1356 1685 1422 Saturnius
1731 1357 1900 1422 idem

338 1446 611 1512 Abdidit
657 1450 723 1511 et
770 1447 929 1511 duro
975 1446 1284 1510 formavit
1329 1445 1615 1531 tegmine
1662 1446 1818 1511 saxi.

339 1534 478 1601 Nos
525 1539 740 1600 autem
787 1534 1002 1599 timidi
1047 1537 1296 1598 stantes
1344 1534 1641 1599 mirabile
1687 1539 2049 1599 monstrum

175 1642 223 1682 15
341 1623 636 1688 Vidimus
679 1624 750 1688 in
796 1623 1022 1688 mediis
1070 1623 1286 1687 divom
1331 1622 1647 1687 versarier
1692 1624 1838 1689 aris,

337 1712 502 1777 Tum
550 1711 824 1777 Calchas
870 1712 1030 1776 haec
1077 1714 1176 1775 est
1220 1711 1447 1775 fidenti
1490 1733 1645 1776 voce
1691 1711 1973 1777 locutus:

335 1800 679 1877 ‘Quidnam
724 1804 1057 1886 torpentes
1107 1800 1323 1865 subito
1372 1799 1802 1884 obstipuistis,
1847 1800 2123 1866 Achivi?

334 1889 544 1955 Nobis
590 1891 748 1955 haec
793 1891 1101 1975 portenta
1147 1888 1335 1952 deum
1382 1888 1557 1952 dedit
1600 1889 1740 1975 ipse
1787 1894 2039 1955 creator

336 1979 550 2044 Tarda
595 1983 662 2044 et
706 2001 850 2043 sera
893 1978 1117 2062 nimis,
1164 1977 1276 2042 sed
1320 1977 1495 2042 fama
1543 2001 1615 2042 ac
1661 1979 1850 2043 laude
1895 1980 2177 2063 perenni.

168 2086 221 2125 20
335 2065 509 2130 Nam
556 2070 715 2151 quot
760 2067 898 2131 avis
945 2070 1156 2130 taetro
1204 2069 1524 2131 mactatas
1572 2066 1760 2131 dente
1806 2067 2066 2149 videtis,

339 2153 466 2218 Tot
508 2176 629 2219 nos
675 2154 756 2219 ad
801 2154 1065 2219 Troiam
1110 2155 1269 2219 belli
1315 2154 1794 2219 exanclabimus
1842 2177 2070 2237 annos3

204 2239 210 2244 ’
341 2240 516 2317 Quae
563 2242 827 2307 decumo
873 2244 1058 2307 cadet
1104 2246 1170 2307 et
1213 2264 1423 2328 poena
1470 2243 1738 2306 satiabit
1783 2241 2108 2307 Achivos?

338 2329 562 2394 Edidit
605 2330 765 2395 haec
810 2328 1111 2415 CalchaS,
1158 2353 1321 2415 quae
1366 2330 1498 2394 iam
1546 2335 1801 2395 matura
1846 2330 2094 2395 videtis

385 2419 445 2484 2.
491 2417 613 2484 Cic.
661 2419 835 2483 Tusc.
871 2418 1005 2483 III
1029 2423 1134 2485 26.
1172 2425 1254 2484 63
1296 2418 1515 2501 (Hom.
1564 2418 1666 2483 VI
1691 2423 1819 2485 201
1835 2419 1955 2502 sq.)
1998 2420 2106 2483 Ex
2149 2420 2261 2483 hoe
2360 2419 2364 2423 Α

169 2523 223 2564 ²⁵
250 2508 460 2589 evenit,
502 2512 575 2571 ut
613 2507 685 2571 in
728 2508 931 2571 animi
972 2509 1279 2572 doloribus
1322 2508 1441 2572 alii
1481 2507 1839 2572 solitudines
1883 2513 2145 2590 captent,
2190 2514 2260 2572 ut

248 2597 348 2660 ait
389 2595 702 2662 Homerus
744 2597 817 2662 de
859 2594 1356 2677 Bellerophonte:

340 2681 464 2761 Qui
508 2684 704 2749 miser
748 2683 817 2749 in
865 2684 1110 2769 campis
1158 2705 1449 2748 maerens
1496 2685 1757 2750 errabat
1804 2685 1982 2749 Aleis

337 2771 488 2858 Ipse
535 2796 722 2838 suum
769 2794 880 2838 cor
924 2774 1143 2857 edens,
1187 2772 1522 2837 hominum
1566 2774 1848 2860 vestigia
1892 2774 2123 2839 vitans

383 2862 443 2926 3.
483 2861 604 2928 Cio.
638 2863 712 2927 de
739 2862 892 2944 ylor.
919 2861 1013 2925 II
1038 2882 1138 2943 ap.
1167 2860 1321 2926 Gell.
1349 2862 1421 2925 X
1430 2862 1550 2927 V6
1577 2861 1795 2944 (Hom.
1835 2863 1975 2928 VII
2004 2869 2089 2927 89
2106 2864 2259 2944 sqq.)

166 2968 220 3007 ³0
337 2948 465 3015 Hic
510 2950 674 3014 situs
720 2953 821 3014 est
865 2950 1038 3015 vitae
1082 2950 1214 3015 iam
1259 2949 1511 3034 pridem
1556 2950 1804 3015 lumina
1848 2950 2144 3034 linquens
2154 3001 2171 3032 ,

338 3036 483 3112 Qui
510 3038 833 3122 quondam
879 3038 1199 3104 Hectoreo
1244 3039 1579 3123 perculsus
1625 3038 1904 3104 concidit
1951 3060 2115 3102 ense.

336 3124 607 3191 Fabitur
652 3127 812 3193 haec
858 3127 1120 3211 aliquis,
1167 3149 1311 3191 mea
1358 3148 1611 3212 semper
1658 3127 1868 3210 gloria
1912 3127 2103 3190 vivet.

381 3216 443 3278 4.
488 3214 610 3281 Cic.
658 3216 732 3280 de
783 3217 902 3281 cliv.
946 3216 1039 3280 II
1073 3221 1175 3281 39.
1220 3219 1308 3282 82
1353 3216 1570 3299 (Hom.
1616 3216 1731 3279 IX
1767 3216 1927 3298 236)
1971 3216 2257 3280 Homeri-

244 3321 354 3368 cus
398 3302 574 3368 Aiax
624 3305 795 3386 apud
833 3304 1136 3369 Achillem
1188 3325 1441 3387 querens
1493 3305 1565 3368 de
1605 3305 1913 3383 ferocitate
1961 3304 2255 3368 Troiano-

162 3406 215 3447 ³⁵
244 3411 391 3455 rum
435 3393 634 3456 nescio
678 3393 831 3473 quid
870 3393 979 3457 hoc
1020 3394 1197 3458 modo
1240 3394 1524 3457 nuntiat:

334 3477 659 3565 Prospera
700 3479 994 3565 Iuppiter
1039 3480 1142 3545 his
1189 3481 1433 3545 dextris
1477 3479 1847 3567 fulgoribus
1894 3480 2042 3546 edit.

382 3567 440 3633 5.
486 3566 608 3637 Cio.
650 3569 723 3634 de
774 3571 898 3635 div.
942 3569 993 3633 I
1027 3573 1129 3635 25.
1175 3573 1261 3635 52
1304 3570 1523 3649 (Hom.
1569 3570 1684 3633 IX
1722 3571 1877 3648 363)
1920 3570 2042 3635 Est
2091 3572 2257 3652 apud
