2630 3913
353 166 481 228 248
1125 166 1575 220 FRAGMENTA

438 330 640 394 omnis
684 330 878 394 locum
922 331 1232 410 spectandi
1274 328 1650 394 senatoribus
1694 330 1990 408 dederint,
2044 331 2117 394 de
2161 332 2360 396 eodem

439 418 547 482 illo
580 417 744 497 facto
779 417 1087 499 Scipionis
1121 419 1192 481 in
1224 416 1342 481 hac
1374 419 1617 498 quidem
1652 420 1939 493 oratione,
1987 421 2136 500 quia
2173 441 2359 485 eausa

428 507 756 587 popularis
788 511 923 570 erat
947 506 1450 587 premebaturque
1491 511 1739 570 senatus
1781 510 2140 571 auctor-itate
2182 513 2359 589 atque

441 594 512 659 ob
569 596 637 659 id
686 595 1042 676 dignitatem
1102 595 1232 658 eius
1293 595 1531 658 ordinis
1591 614 1778 675 quam
1830 600 2034 677 posset
2092 599 2359 660 maxime

438 684 662 748 elevari
721 703 940 747 causae
1000 682 1365 763 expediebat,
1420 685 1793 763 paenituisse
1852 685 1949 746 ait
1998 682 2358 767 Scipionem,
2414 700 2441 739 ἰ

438 773 601 852 quod
636 791 865 852 passus
918 776 1065 835 esset
1114 772 1182 835 id
1233 771 1404 852 fieri;
1459 772 1532 834 in
1577 770 1722 854 [ea]
1767 773 2041 836 oratione
2091 774 2164 837 de
2214 794 2358 836 aru-

437 861 672 940 spicum
705 879 1004 940 responso,
1050 861 1197 940 quia
1231 861 1302 923 in
1338 864 1554 923 senatu
1587 859 1933 942 habebatur,
1977 862 2152 925 cuius
2185 864 2356 925 auri-

439 948 548 1013 bus
590 953 724 1012 erat
774 948 1231 1028 blandiendum,
1286 952 1344 1011 et
1393 967 1752 1029 maqnopere
1802 948 1983 1013 illum
2038 949 2254 1014 laudat
2303 956 2361 1014 et

436 1057 563 1101 non
605 1041 911 1101 auctorem
950 1036 1143 1116 fuisse
1195 997 1388 1100 dandi
1432 1035 1610 1117 (nam
1663 1038 1734 1100 id
1783 1041 1918 1100 erat
1968 1037 2202 1121 levius),
2255 1041 2361 1103 sed

437 1145 640 1278 21,ng
635 1130 888 1293 ῼῗιῗφῗὲἷ
913 1126 1175 1278 &13²sz
1185 1126 1306 1277 dg}
1308 1130 1469 1276 &Est
1509 1214 1759 1277 interim
1801 1217 1967 1277 certa
2007 1215 2210 1295 finitio
2225 1264 2240 1290 ,
2286 1216 2359 1278 de
2388 1143 2442 1182 ω

348 1323 471 1383 qua
506 1304 665 1367 inter
697 1307 1019 1383 utramque
1042 1305 1287 1382 partem
1323 1303 1609 1383 convenit,
1644 1305 1717 1364 ut
1751 1299 1953 1366 Cicero
1988 1303 2139 1366 dicit
2169 1302 2354 1383 (part.

348 1412 434 1454 or.
478 1396 578 1455 30.
623 1392 774 1473 105)
786 1410 808 1454 .·
857 1389 1181 1455 ‘Maiestas
1224 1393 1310 1454 est
1354 1390 1424 1452 in
1466 1390 1714 1470 imperii
1755 1394 1934 1471 atque
1975 1392 2047 1454 in
2089 1393 2358 1455 nominis

345 1480 557 1561 populi
591 1477 867 1543 Romani
909 1476 1241 1560 dignitate?
1317 1477 1650 1557 Quaeritur
1685 1482 1905 1561 tamen,
1948 1499 2036 1542 an
2069 1481 2358 1544 maiestas

347 1570 592 1631 minuta
635 1568 739 1649 sit,
783 1573 855 1630 ut
895 1569 966 1631 in
1008 1586 1197 1630 causa
1236 1564 1482 1630 Corneli
1523 1568 1864 1647 quaesitum
1907 1572 2009 1631 est.
2386 1583 2439 1624 1⁵

481 1657 583 1719 27.
619 1654 814 1719 Prisc.
852 1653 998 1719 VII
1014 1660 1072 1718 3.
1110 1659 1152 1718 9
1175 1675 1243 1735 p.
1278 1657 1430 1718 292.
1466 1659 1549 1719 16
1586 1653 1790 1719 Cicero
1818 1676 1937 1737 pro
1974 1654 2254 1719 Cornelio
2281 1655 2331 1718 Ι
2333 1677 2356 1719 .·

349 1767 424 1807 ex
469 1743 994 1827 promulgatione
1032 1743 1275 1805 trinum
1312 1742 1669 1806 nundinum
1717 1743 1850 1806 dies
1899 1743 1976 1806 ad
2023 1742 2355 1807 ferendum

346 1834 765 1916 potestasque
810 1831 1110 1895 venisset.

480 1920 583 1984 28.
643 1919 896 1999 Quintil.
953 1919 1015 1985 V
1049 1924 1144 1984 13.
1197 1921 1285 1985 25
1342 1918 1517 1999 Quod
1572 1953 1647 1966 —
1697 1920 1884 2001 posui
1935 1921 2184 2004 referre,
2238 1941 2353 2003 quo

345 2010 606 2090 quidque
657 2014 971 2073 accusator
1014 2010 1190 2073 modo
1233 2009 1484 2090 dixerit,
1537 2007 1654 2072 huc
1685 2010 1972 2090 pertinet,
2026 2015 2123 2088 ut,
2175 2046 2249 2055 —-
2295 2011 2351 2073 si
2376 2023 2429 2062 2⁰

345 2097 479 2161 acri
512 2102 571 2161 et
602 2096 928 2161 vehementi
958 2096 1153 2176 fuerit
1183 2117 1335 2161 usus
1368 2097 1656 2173 oratione,
1690 2098 1942 2161 eandem
1975 2118 2104 2162 rem
2128 2098 2348 2162 nostris

344 2185 539 2250 verbis
574 2186 918 2250 mitioribus
940 2186 1354 2268 proferamuS,
1389 2190 1461 2249 ut
1486 2184 1691 2250 Cicero
1721 2187 1794 2249 de
1821 2183 2098 2251 Cornelio
2111 2207 2133 2249 .·
2172 2184 2351 2250 Codi-

346 2295 484 2338 cem
540 2273 781 2360 attigit.
829 2311 912 2321 -—
957 2274 1399 2339 Fortunatian.
1453 2278 1571 2337 art.
1628 2272 1775 2337 rhet.
1830 2272 1922 2337 II
1965 2277 2059 2339 27
2100 2296 2168 2357 p.
2213 2280 2353 2339 117,

344 2368 432 2427 37
458 2363 675 2427 Halm.
739 2363 826 2427 In
859 2362 1224 2445 hypophoris
1265 2382 1420 2443 quae
1459 2363 1724 2426 cavenda
1758 2361 1946 2425 sunt?
2012 2363 2111 2427 Ne
2133 2363 2354 2444 plenae

343 2456 402 2514 et
452 2453 725 2532 copiosae
765 2455 1104 2532 ponantur.
1197 2450 1374 2530 Quod
1432 2454 1635 2514 tamen
1695 2450 2030 2531 aliquando
2088 2450 2355 2531 facimus
2382 2465 2436 2505 2⁵

347 2575 431 2586 —-
486 2541 798 2605 inridendi
851 2540 1193 2604 adversarii
1238 2539 1474 2620 qratia,
1536 2539 1594 2602 si
1645 2537 1754 2602 hoc
1805 2543 2050 2621 auqeat',
2113 2540 2186 2604 de
2236 2560 2354 2621 quo

344 2628 521 2691 nulla
577 2629 846 2709 quaestio
899 2633 1009 2711 est,
1071 2632 1142 2691 ut
1197 2646 1312 2707 pro
1368 2625 1644 2691 Cornelio
1706 2627 2062 2692 maiestatis.
2121 2664 2203 2674 —
2259 2626 2352 2708 Gfi

344 2736 533 2797 supra
579 2736 637 2780 n.
684 2719 741 2781 5.

477 2803 580 2867 29.
627 2804 848 2869 Ascon.
884 2825 951 2885 p.
999 2807 1100 2868 62.
1145 2806 1230 2868 25
1277 2801 1461 2867 Circa
1513 2804 1805 2881 medium,
1857 2824 1974 2885 quo
2030 2804 2154 2868 loeo
2206 2824 2353 2868 enu-

343 2897 563 2973 merat,
633 2913 769 2956 oum
834 2893 928 2956 lex
985 2893 1251 2972 feratur,
1323 2896 1469 2972 quot
1528 2893 1659 2957 loca
1727 2892 2168 2957 intercessionis
2226 2894 2357 2956 sint
2380 2906 2440 2947 ³⁰

343 2980 388 3061 †
425 2981 629 3045 iubeat
659 2982 984 3046 discedere:
1029 2979 1152 3044 Est
1188 2980 1411 3064 utique
1448 2980 1547 3044 ius
1586 2980 1861 3062 vetandi,
1899 3002 2159 3045 cumea
2191 2979 2353 3044 fera-

343 3072 477 3151 tur,
534 3069 860 3151 quamdin,
917 3070 1135 3150 quibus
1187 3071 1288 3134 ius
1341 3074 1429 3133 est
1477 3069 1769 3151 suffragii
1817 3069 2092 3151 ferundi,
2146 3072 2353 3133 trans-

342 3157 655 3241 feruntur,
699 3158 766 3221 id
812 3161 913 3221 est
956 3160 1104 3223 dum
1147 3159 1439 3222 recitatur
1474 3157 1597 3240 lex,
1644 3157 1795 3220 dum
1840 3156 2082 3240 privati
2119 3157 2353 3239 dieunt,

344 3245 495 3308 dum
549 3250 957 3311 summovetur
998 3246 1293 3329 populus,
1355 3245 1505 3308 dum
1563 3245 1780 3309 sitella
1837 3244 2146 3329 defertur,
2201 3245 2353 3308 dum

344 3338 696 3414 aequantur
741 3337 968 3417 sortes),
1013 3335 1165 3397 dum
1209 3333 1470 3397 sortitio
1516 3334 1609 3417 fit,
1656 3337 1721 3397 et
1769 3333 1823 3397 si
1862 3356 1989 3417 qua
2035 3337 2186 3398 sunt
2224 3333 2355 3398 alia
2383 3349 2439 3389 ³5

343 3419 532 3482 huius
581 3421 852 3503 generisi.

563 3507 751 3570 Astat
779 3509 1049 3589 populus
1093 3509 1381 3589 confusus
1418 3514 1493 3574 ut
1535 3530 1766 3591 semper
1810 3509 2003 3592 alias,
2047 3510 2141 3573 ita
2183 3514 2243 3573 et
2282 3510 2356 3573 in
