2630 3913
770 221 904 277 LIB.
940 223 1035 278 111.
1110 221 1262 278 CAP.
1302 229 1353 289 9,
1396 229 1475 278 10.
1549 229 1578 288 ξ
1617 229 1841 278 39—45.
2183 224 2311 289 103

301 389 367 449 et
412 389 632 449 tamen
687 385 855 448 muri
909 406 1170 449 causam
1227 385 1558 468 opposuit,
1614 385 1892 469 speciem
1944 384 2309 451 honestatis

298 496 416 538 nec
470 472 878 558 probabilem
932 494 1050 537 nec
1117 494 1269 536 sane
1324 472 1638 537 idoneam.
1727 472 2025 538 Peccavit
2087 475 2310 560 igitur,

301 583 457 646 pace
521 561 625 626 vel
690 559 943 635 Quirini
1004 562 1108 625 vel
1168 560 1435 625 Romuli
1498 561 1783 626 dixerim.
1890 560 2026 627 Nec
2088 566 2310 627 tamen

299 654 563 714 nostrae
608 649 798 714 nobis
844 649 1164 713 utilitates
1222 649 1619 714 omittendae
1666 653 1817 714 sunt
1864 650 2134 734 aliisque
2179 655 2309 715 tra-

247 759 273 798 5
302 738 571 821 dendae,
625 760 769 803 cum
814 737 896 802 iis
942 738 1070 822 ipsi
1116 758 1448 822 egeamuS,
1507 737 1621 802 sed
1667 759 1819 802 suae
1866 739 2092 823 cuique
2137 741 2310 804 utili-

301 828 450 910 tati,
506 826 677 910 quod
740 826 878 890 sine
934 825 1201 890 alterius
1254 826 1492 890 iniuria
1543 826 1686 910 fiat,
1743 828 2144 893 serviendum
2191 832 2309 892 est.

302 913 473 980 Scite
520 913 952 998 ChrysipPUS,
1004 918 1080 978 ut
1133 914 1367 978 multa:
1424 912 1595 988 ‘Qui
1644 915 2034 1000 stadium',
2078 917 2309 1000 inquit,

302 1002 603 1086 ‘currit,
660 1003 854 1066 eniti
909 1007 986 1066 et
1040 1001 1499 1067 contendere
1555 1002 1807 1087 debet,
1875 1026 2095 1088 quam
2161 1027 2310 1069 ma-

299 1114 517 1156 xume
562 1091 845 1176 possit,
889 1095 970 1155 ut
1004 1092 1290 1174 vincat,
1337 1091 1845 1175 supplantare
1891 1113 2081 1177 eum,
2130 1115 2309 1176 quo-

221 1201 275 1240 10
302 1203 465 1244 cum
528 1183 806 1262 certet,
872 1183 1002 1244 aut
1065 1200 1287 1243 manu
1345 1179 1737 1263 depellere
1799 1180 2017 1245 nullo
2083 1182 2307 1246 modo

302 1269 557 1350 debet3
622 1267 730 1332 sic
789 1268 867 1331 in
921 1267 1088 1332 vita
1142 1267 1296 1331 sibi
1354 1288 1722 1351 quemque
1778 1271 2065 1352 petere,
2113 1270 2309 1352 quod

299 1357 696 1441 pertineat
762 1356 853 1420 ad
915 1377 1161 1438 usum,
1237 1377 1388 1420 non
1450 1355 1799 1439 iniquum
1865 1360 2008 1440 est,
2073 1358 2308 1422 alteri

302 1445 650 1529 deripere
696 1445 814 1508 ius
860 1466 1008 1508 non
1054 1443 1211 1508 est?

432 1533 731 1597 Maxume
791 1536 1007 1597 autem
1069 1532 1532 1616 perturbantur
1596 1531 1809 1598 officia
1862 1534 1930 1597 in
1986 1533 2307 1619 amicitiis,

220 1640 272 1681 15
302 1621 533 1705 quibus
582 1625 647 1685 et
690 1643 822 1686 non
859 1621 1164 1704 tribuere,
1210 1621 1381 1704 quod
1418 1624 1589 1685 recte
1627 1622 1858 1705 possis,
1906 1625 1972 1686 et
2006 1623 2310 1706 tribuere,

300 1710 471 1794 quod
514 1732 646 1775 non
692 1710 780 1773 sit
825 1731 1119 1794 aequum,
1164 1713 1392 1774 contra
1437 1709 1720 1774 officium
1758 1714 1872 1775 est.
1947 1708 2072 1775 Sed
2117 1711 2307 1776 huius

298 1799 552 1883 generis
606 1798 811 1862 totius
864 1799 1059 1862 breve
1114 1802 1180 1861 et
1229 1820 1363 1862 non
1418 1797 1677 1863 difficile
1731 1802 2146 1884 praeceptum
2193 1807 2308 1865 est.

298 1887 474 1963 Quae
521 1887 692 1951 enim
740 1886 1038 1950 videntur
1081 1886 1287 1971 utilia,
1334 1885 1631 1971 honoreS,
1679 1887 1969 1973 divitiae,
2014 1890 2310 1975 volupta-

296 1982 416 2060 teS,
459 1979 674 2041 cetera
721 1976 975 2061 generis
1023 1976 1339 2059 eiusdem,
1382 1976 1542 2041 haec
1587 1976 1909 2041 amicitiae
1953 1999 2308 2063 numquam

222 2083 273 2122 πο
302 2064 750 2149 anteponenda
804 2067 972 2128 sunt.
1070 2062 1164 2127 At
1216 2085 1423 2147 neque
1490 2068 1717 2129 contra
1777 2087 1914 2129 rem
1978 2067 2308 2150 publicam

299 2174 504 2235 neque
561 2156 784 2216 contra
836 2152 936 2217 ius
991 2152 1331 2216 iurandum
1378 2173 1451 2216 ac
1496 2152 1689 2216 fidem
1736 2154 1925 2218 amici
1970 2176 2165 2219 causa
2208 2156 2310 2220 vir

301 2241 509 2304 bonus
553 2238 772 2324 faciet,
817 2261 898 2305 ne
944 2240 1001 2304 si
1046 2240 1235 2305 iudex
1283 2240 1540 2323 quidem
1587 2241 1710 2304 erit
1757 2242 1832 2305 de
1877 2242 2020 2325 ipso
2069 2244 2309 2327 amico;

299 2328 488 2413 ponit
533 2328 702 2392 enim
744 2351 1090 2414 personam
1137 2329 1345 2411 amici,
1391 2349 1536 2392 cum
1580 2328 1790 2393 induit
1825 2329 2071 2394 iudicis,
2144 2331 2309 2395 Tan-

299 2422 441 2480 tum
506 2416 685 2480 dabit
748 2417 1097 2501 amicitiae,
1167 2421 1243 2481 ut
1303 2438 1524 2480 veram
1590 2416 1780 2482 amici
1843 2438 2101 2482 causam
2167 2440 2306 2484 esse

216 2521 269 2562 25
298 2505 503 2589 malit,
548 2509 623 2569 ut
659 2506 937 2570 orandae
975 2505 1112 2570 litis
1149 2509 1426 2590 tempuS,
1473 2504 1682 2587 quoad
1726 2526 1843 2590 per
1879 2505 2056 2590 leges
2095 2506 2307 2592 liceat,

2344 579 2415 628 42

2344 1551 2414 1601 43

297 2594 755 2659 accommodet.
828 2591 990 2658 Cum
1036 2616 1187 2658 vero
1233 2594 1449 2658 iurato
1497 2593 1818 2657 sententia
1863 2593 2128 2659 dicenda
2164 2595 2307 2679 erit,
2342 2606 2410 2657 44

294 2682 664 2747 meminerit
710 2683 898 2746 deum
954 2704 1022 2747 se
1079 2682 1383 2747 adhibere
1436 2685 1700 2765 testem,
1753 2682 1819 2745 id
1876 2687 2001 2767 est,
2055 2689 2129 2747 ut
2183 2706 2304 2771 ego

295 2771 606 2854 arbitror,
653 2774 937 2835 mentem
984 2793 1193 2855 suam,
1254 2793 1382 2854 qua
1425 2770 1590 2834 nihil
1636 2770 1883 2835 homini
1930 2771 2105 2836 dedit
2151 2772 2304 2838 deus

294 2858 433 2943 ipse
481 2859 778 2924 divinius
850 2857 1079 2942 Itaque
1129 2860 1534 2943 praeclarum
1583 2882 1622 2922 a
1666 2859 2019 2923 maioribus
2067 2862 2304 2945 accepi-

214 2964 267 3005 so
295 2969 437 3011 mus
484 2969 731 3011 morem
778 2946 1054 3033 rogandi
1097 2946 1344 3030 iudicis,
1391 2948 1446 3011 si
1492 2969 1639 3011 eum
1682 2951 2045 3011 teneremus
2056 2998 2074 3031 ,
2121 2966 2304 3025 QUAE

294 3052 519 3101 SALvA
557 3053 726 3099 FIDE
764 3053 1039 3099 FACERE
1078 3052 1336 3101 Possrr.
1408 3033 1586 3099 Haec
1631 3036 1888 3121 rogatio
1937 3036 2019 3100 ad
2056 3058 2130 3100 ea
2166 3059 2307 3120 per-

292 3124 489 3207 tinet,
554 3145 716 3207 quae
772 3124 967 3208 paulo
1026 3127 1175 3188 ante
1233 3123 1364 3187 dixi
1417 3123 1688 3188 honeste
1745 3124 1950 3188 amico
2008 3147 2047 3188 a
2099 3124 2305 3199 iudice

291 3233 484 3295 posse
522 3212 811 3296 concedi3
855 3234 1008 3276 nam
1047 3213 1102 3276 si
1140 3212 1358 3276 omnia
1392 3211 1686 3277 facienda
1723 3212 1872 3294 sint,
1914 3234 2076 3295 quae
2115 3214 2305 3278 amici

291 3300 517 3383 velint,
563 3322 694 3365 non
733 3300 1054 3365 amicitiae
1090 3301 1274 3383 taleS,
1321 3300 1433 3365 sed
1471 3300 1942 3365 coniurationes
1980 3302 2304 3386 putandae

212 3411 264 3453 ⁸5
293 3387 441 3452 sint.
533 3388 795 3472 Loquor
849 3394 1065 3453 autem
1121 3389 1197 3453 de
1253 3387 1699 3453 communibus
1761 3388 2090 3473 amicitiis3
2151 3412 2302 3454 nam
2341 3404 2411 3454 45

288 3476 359 3540 in
404 3477 808 3562 sapientibus
853 3477 1012 3541 viris
1053 3477 1482 3562 perfectisque
1517 3477 1684 3541 nihil
1720 3480 1938 3561 potest
1975 3500 2115 3543 esse
2152 3480 2303 3544 tale.

288 3562 652 3630 Damonem
700 3570 766 3630 et
801 3565 1134 3630 Phintiam
1170 3565 1617 3650 Pythagoreos
1663 3565 1880 3630 ferunt
1924 3566 2047 3632 hoc
2086 3568 2301 3633 animo
