2630 3913
341 226 470 290 340
1113 223 1561 278 FRAGMENTA

929 426 1030 485 XI.
1094 427 1200 484 DE
1249 425 1751 485 VIRTUTIBUS.

476 567 528 628 1.
574 565 937 645 Hieronym.
982 568 1291 627 comment.
1337 564 1406 627 in
1442 562 1703 627 Zachar.
1727 562 1947 645 proph.
1983 561 2034 625 Ι
2059 567 2100 626 1
2140 561 2209 626 Τ.
2253 562 2364 626 VI

329 674 393 735 p.
425 657 556 720 792
580 653 743 735 Asq.
784 652 1048 716 Vallars.
1080 650 1380 730 Quattuor
1407 652 1673 728 virtutes,
1698 652 2051 753 prudentia,
2085 649 2351 735 iustitia,

334 742 647 818 fortitudo,
693 740 1111 822 temperantia,
1153 740 1226 804 de
1259 739 1476 821 quibus
1498 699 1856 840 plenissime
1890 740 1960 803 in
2003 738 2352 820 officiorum

339 831 515 896 libris
549 829 794 895 Tullius
828 828 1103 910 disputat
1133 828 1399 892 scribens
1422 828 1750 909 proprium
1785 848 2016 909 quoque
2059 829 2133 892 de
2173 833 2351 909 quat·
2409 848 2440 889 ⁵

339 924 494 1002 tuor
519 918 847 982 virtutibus
891 917 1132 982 librum.

470 1006 530 1071 2.
577 1004 824 1072 Charis.
869 1005 962 1070 II
986 1026 1052 1087 p.
1097 1008 1244 1069 208.
1290 1009 1374 1068 14
1422 1002 1843 1086 Neutiquam'
1891 1003 2093 1071 Cicero
2145 1004 2219 1069 de
2260 1024 2351 1070 se-

337 1098 582 1160 nectute.
644 1131 715 1141 —
778 1095 954 1159 Idem
1007 1095 1076 1158 in
1138 1093 1568 1157 commentario
1629 1095 1701 1157 de
1760 1094 2119 1159 virtutibus:
2180 1092 2352 1157 illud

337 1183 715 1266 neutiquam
761 1182 1132 1268 probanteS.

915 1486 1047 1544 XII.
1115 1484 1764 1546 CHOROGRAPHIA.
2030 1552 2033 1553 ⁷
2381 1505 2434 1543 ιο

472 1623 993 1707 Choroyraphiam
1036 1625 1206 1690 haud
1245 1625 1368 1689 scio
1413 1643 1500 1687 an
1538 1622 1699 1687 illud
1733 1620 1936 1688 Gicero
1970 1623 2354 1706 inscriPserit

340 1733 489 1793 opus
527 1712 1009 1795 yeoyraphioum‚
1052 1714 1123 1778 in
1164 1732 1284 1795 quo
1328 1711 1691 1794 conficiendo
1734 1730 1796 1775 se
1839 1709 2099 1776 Caesare
2140 1718 2200 1777 et
2230 1711 2349 1778 Bi-

339 1800 477 1865 bulo
522 1820 664 1865 coss.
713 1802 801 1881 (a.
845 1821 905 1865 u.
951 1802 1104 1883 695)
1151 1801 1461 1865 elaborare
1502 1800 1712 1865 scribit
1751 1799 1839 1864 ad
1878 1799 2007 1864 Att.
2053 1801 2146 1865 II
2182 1805 2242 1866 4.
2288 1807 2351 1885 3,

342 1893 500 1966 6.1‚
549 1893 705 1952 7.1.
799 1889 1026 1955 Nouae

472 1939 777 2042 I'riscian.
835 1977 1069 2043 VI16.
1115 1981 1298 2060 8312.
1343 1982 1495 2043 267.
1534 1977 1709 2042 3Η.
1757 1976 2062 2057 Quercus,
2108 1978 2435 2046 laurus’u

346 2102 419 2111 -
473 2071 600 2129 tam
651 2067 944 2132 secundae
994 2087 1182 2148 quam
1225 2071 1483 2149 quartae
1525 2066 1938 2131 inveniuntur.
2028 2065 2235 2133 Oicero
2280 2070 2354 2133 in

342 2153 838 2257 Choroyraphiaf
890 2153 994 2219 Ibi
1039 2176 1417 2239 quereorum
1463 2154 1630 2219 rami
1684 2154 1767 2219 ad
1821 2158 2063 2219 terram
2116 2155 2352 2242 iacent,

341 2246 412 2308 ut
457 2264 604 2308 sues
651 2244 837 2328 quasi
883 2265 1112 2328 caprae
1157 2265 1233 2308 ex
1279 2243 1478 2307 ramis
1527 2242 1762 2327 glande
1808 2247 2173 2327 pascantur.

974 2549 1141 2608 XIII.
1204 2547 1709 2607 ADMIRANDA.

479 2687 533 2751 1.
569 2685 737 2750 Ptin
780 2689 909 2750 nat.
952 2683 1090 2749 hist.
1126 2683 1379 2748 XXXI
1404 2688 1491 2748 12
1523 2704 1610 2749 ex.
1649 2681 1854 2748 Gicero
1900 2685 1969 2747 in
2005 2683 2357 2750 Admiran-
2385 2704 2442 2744 20

342 2775 438 2839 dis
489 2774 704 2856 posuit
752 2772 1037 2838 Reatinis
1101 2777 1343 2837 tantum
1394 2771 1729 2854 paludibus
1789 2773 2058 2855 unyulas
2121 2775 2357 2839 iumen·

348 2867 549 2927 torum
593 2863 899 2928 indurari.

477 2952 534 3015 2.
570 2949 737 3016 Ptin.
774 2950 1028 3015 XXXI
1053 2952 1132 3015 51
1172 2948 1484 3030 Quaedam
1520 2954 1717 3014 terrae
1752 2948 2046 3014 imbribus
2078 2949 2363 3015 sicciores

342 3041 527 3124 fiunt,
579 3041 742 3104 velut
789 3041 862 3103 in
915 3039 1260 3104 Narniensi
1310 3058 1487 3120 ayro,
1545 3037 1707 3119 quod
1757 3037 2171 3103 Admirandis
2223 3040 2363 3104 suis

342 3129 604 3194 inseruit
654 3128 749 3192 M.
804 3125 1009 3193 Cicero
1061 3127 1327 3191 siccitate
1381 3127 1576 3190 lutum
1629 3127 1767 3208 fieri
1810 3127 2101 3208 prodens,
2164 3127 2364 3192 imbre
2393 3143 2448 3183 2⁵

341 3217 668 3299 pulverem.

479 3304 537 3369 3.
583 3304 752 3369 Ptin.
797 3302 1048 3367 XXIX
1087 3308 1170 3367 60
1214 3303 1392 3368 Haec
1442 3306 1645 3366 autem
1690 3302 2026 3386 (mustela),
2082 3322 2238 3384 quae
2292 3304 2368 3368 in

346 3392 622 3456 domibus
670 3393 899 3457 nostris
952 3392 1190 3456 oberrat
1240 3396 1299 3457 et
1355 3391 1586 3456 catulos
1646 3410 1813 3472 suos,
1874 3396 1946 3455 ut
2005 3396 2214 3456 auctor
2275 3395 2370 3457 est

349 3475 570 3624 Cicero,
614 3481 828 3544 cotidie
870 3480 1166 3559 transfert
1205 3484 1516 3561 mutatque
1558 3480 1782 3562 sedem
1825 3481 2120 3562 serpentis
2152 3497 2368 3562 perse-

347 3581 452 3638 qui
478 3584 576 3628 ur.
2401 3585 2456 3626 ω
