2630 3913
311 160 440 222 204
1123 105 1520 213 PARAnoxA

310 321 570 385 Etenim
629 322 687 386 si
741 322 903 385 bene
957 321 1135 386 faeta
1188 323 1361 385 recte
1408 319 1582 386 facta
1630 326 1782 385 sunt
1827 326 1895 385 et
1937 321 2101 385 nihil
2151 325 2327 386 recto

312 410 576 493 rectius,
640 413 812 475 certe
867 431 948 473 ne
1004 410 1174 474 bono
1237 408 1493 492 quidem
1550 409 1781 473 melius
1838 410 2184 493 quicquam
2236 410 2328 474 in-

311 498 518 562 veniri
582 501 819 583 potest.
911 494 1215 581 Sequitur
1278 497 1509 583 igitur,
1571 501 1647 562 ut
1709 498 1905 563 etiam
1970 497 2135 562 vitia
2197 498 2329 562 sint

312 586 525 670 paria,
572 586 889 669 siquidem
934 586 1293 669 pravitates
1342 585 1543 650 animi
1587 589 1760 650 recte
1806 585 1966 650 vitia
2015 586 2329 651 dicuntur.

312 673 536 758 Atqui,
578 674 885 757 quoniam
912 694 1101 757 pares
1130 673 1407 739 virtutes
1446 678 1617 757 sunt,
1652 678 1824 739 reete
1851 673 2045 759 facta,
2073 674 2327 758 quando
2382 692 2408 733 5

313 785 351 828 a
396 762 751 826 virtutibus
774 762 1300 847 proficiscuntur,
1345 762 1529 847 paria
1565 783 1704 827 esse
1742 761 1997 847 debent,
2043 763 2327 846 itemque

312 854 605 935 peccata,
661 851 966 934 quoniam
1015 872 1091 915 ex
1136 850 1318 915 vitiis
1364 854 1658 934 manant,
1706 850 1838 918 sint
1883 851 2179 935 aequalia
2222 873 2327 914 ne-

313 959 491 1004 cesse
539 942 655 1003 est.
749 939 831 1003 ‘A
880 938 1333 1024 philosophis',
1377 940 1615 1022 inquit,
1670 937 1821 1003 ‘ista
1865 938 2109 1004 sumis?
2198 939 2327 1003 Me-

313 1027 594 1109 tueb‘am,
638 1049 719 1091 ne
759 1028 821 1091 ‘a
862 1026 1227 1092 lenonibus'
1265 1026 1525 1092 diceres.
1592 1025 1913 1092 ‘Socrates
1951 1028 2328 1112 disputabat

312 1116 442 1181 isto
489 1114 724 1181 mod0.'
796 1115 972 1180 Bene
1019 1116 1277 1181 hercule
1321 1133 1577 1198 narras3
1623 1137 1774 1180 nam
1819 1116 2021 1181 istum
2068 1116 2326 1181 doctum
2357 1136 2407 1175 ιο

312 1207 379 1268 et
416 1204 774 1289 sapientem
812 1205 1025 1269 virum
1059 1204 1260 1269 fuisse
1298 1204 1645 1268 memoriae
1682 1204 1997 1268 traditum
2025 1209 2142 1270 est.
2202 1202 2327 1269 Sed

313 1297 534 1357 tamen
589 1314 827 1377 quaero
884 1315 960 1358 ex
989 1296 1108 1375 te,
1164 1292 1469 1376 quoniam
1523 1292 1737 1356 verbis
1793 1292 1965 1357 inter
2016 1313 2137 1358 nos
2182 1314 2326 1359 con-
2445 1357 2457 1372 ‚

311 1380 663 1464 tendimus,
716 1402 848 1446 non
901 1381 1165 1466 pugnis:
1225 1384 1445 1445 utrum
1491 1380 1679 1445 nobis
1727 1385 1828 1445 est
1873 1381 2325 1464 quaerendum,
2409 1389 2412 1392 ’

311 1468 463 1552 quid
508 1468 712 1549 baioli
759 1473 954 1552 atque
1001 1469 1280 1553 operarii
1326 1490 1410 1533 an
1448 1469 1601 1552 quid
1636 1469 1930 1533 homines
1969 1470 2327 1535 doctissimi

311 1557 673 1622 senserint?
738 1558 1124 1641 praesertim
1186 1579 1333 1622 cum
1395 1557 1518 1622 hac
1574 1557 1894 1622 sententia
1946 1580 2078 1623 non
2132 1559 2324 1624 modo
2358 1575 2405 1615 1⁵

308 1645 552 1729 verior,
597 1644 710 1709 sed
755 1667 834 1709 118
880 1645 1106 1710 utilior
1152 1645 1410 1729 quidem
1456 1645 1791 1710 hominum
1836 1646 2010 1711 vitae
2055 1647 2321 1731 reperiri

309 1735 447 1799 ulla
500 1734 727 1818 possit.
819 1731 996 1807 Quae
1049 1733 1148 1798 vis
1206 1738 1307 1798 est
1362 1734 1559 1816 enim,
1620 1755 1784 1817 quae
1838 1734 2049 1820 magis
2105 1738 2320 1799 arceat

309 1822 602 1887 homines
651 1822 733 1886 ab
779 1821 1202 1906 improbitate
1249 1821 1444 1905 omni,
1491 1844 1684 1905 quam
1731 1821 1788 1886 si
1831 1823 2147 1886 senserint
2181 1822 2320 1885 nul-

310 1911 445 1975 lum
500 1910 567 1974 in
625 1909 875 1975 delictis
923 1931 1062 1975 esse
1110 1910 1497 1976 discrimen?
1558 1931 1759 1994 aeque
1804 1932 2067 1996 peccare
2114 1931 2209 1994 se,
2266 1910 2319 1975 si

309 1999 582 2083 privatis
612 2021 687 2064 ac
720 1998 776 2062 si
803 1999 1300 2085 magistratibus
1330 2021 1559 2064 manus
1590 1999 1929 2065 adferant?
1958 2021 2321 2083 quamcum-
2352 2017 2405 2055 20

249 2134 257 2141 .
311 2109 433 2170 que
477 2087 548 2150 in
584 2086 846 2152 domum
885 2092 1182 2173 stuprum
1218 2088 1580 2172 intulerint,
1625 2088 1893 2153 eandem
1930 2109 2069 2153 esse
2107 2088 2324 2152 labem
2380 2154 2383 2156 ,

206 2194 271 2241 24

206 3075 269 3123 25

310 2174 663 2240 lubidinis?
756 2175 1054 2241 Nihilne
1109 2176 1313 2262 igitur
1369 2176 1671 2241 interest'
1736 2174 1918 2292 (nam
1973 2177 2098 2242 hoc
2155 2176 2325 2242 dicet

311 2261 595 2350 aliquis),
641 2258 917 2348 patrem
956 2265 1099 2349 quis
1134 2269 1322 2330 necet
1360 2286 1525 2329 anne
1564 2263 1890 2330 servum?'
1963 2264 2156 2330 Nuda
2194 2265 2325 2329 ista

311 2353 366 2416 si
429 2373 669 2437 ponaS‚
729 2352 1060 2437 iudicari,
1096 2353 1315 2437 qualia
1380 2353 1543 2436 sint,
1606 2375 1738 2418 non
1798 2352 1988 2419 facile
2053 2354 2323 2437 possint

311 2440 572 2506 Patrem
618 2441 756 2506 vita
800 2441 1077 2526 privaret
1115 2442 1168 2505 si
1223 2463 1340 2527 per
1395 2462 1464 2506 se
1519 2442 1727 2507 scelus
1782 2444 1906 2524 est,
1961 2439 2323 2527 Saguntini,
2351 2458 2403 2498 2⁶

312 2530 423 2613 qui
475 2533 777 2614 parentes
835 2551 985 2595 suos
1042 2530 1284 2594 liberos
1341 2529 1545 2594 emori
1601 2551 1794 2613 quam
1840 2551 2074 2607 servos
2106 2529 2322 2595 vivere

311 2618 704 2700 maluerunt,
759 2617 1116 2701 parricidae
1169 2617 1449 2682 fuerunt.
1539 2617 1720 2703 Ergo
1777 2621 1843 2683 et
1890 2618 2148 2703 parenti
2191 2639 2323 2683 non

311 2726 663 2788 numquam
703 2705 898 2769 adimi
934 2706 1072 2769 vita
1109 2704 1246 2770 sine
1284 2706 1523 2770 scelere
1558 2709 1779 2790 potest
1811 2710 1880 2770 et
1915 2728 2101 2771 servo
2131 2728 2323 2790 saepe

311 2794 448 2858 sine
485 2793 721 2858 iniuria
755 2811 889 2858 non
922 2797 1159 2879 potest.
1232 2790 1446 2859 Causa
1481 2793 1684 2879 igitur
1718 2794 1895 2879 11888,
1930 2815 2061 2860 11811
2086 2800 2324 2860 natura

311 2881 686 2967 distinguit3
733 2903 896 2965 quae
943 2881 1248 2964 quoniam
1293 2886 1442 2947 utro
1491 2882 1779 2966 accessit,
1822 2882 1889 2946 id
1931 2883 2011 2947 fit
2053 2904 2322 2968 propen-
2352 2900 2405 2940 ω

310 2971 462 3054 siuS,
510 2970 565 3034 si
609 2973 887 3054 utroque
933 2970 1236 3035 adiuncta
1282 2974 1408 3055 est,
1464 2970 1649 3055 paria
1692 2971 1855 3045 fiant
1900 2992 2160 3036 necesse
2206 2976 2323 3036 est.

307 3059 482 3123 Illud
520 3063 742 3123 tamen
785 3059 1076 3143 interest,
1123 3059 1293 3143 quod
1338 3059 1407 3123 in
1454 3080 1640 3124 servo
1685 3059 1991 3147 necando,
2037 3060 2093 3123 si
2136 3058 2203 3123 id
2248 3060 2326 3123 fit

306 3147 561 3230 iniuria,
606 3148 806 3212 semel
853 3151 1174 3232 peccatur,
1218 3148 1287 3211 in
1332 3147 1539 3231 patris
1583 3147 1722 3211 vita
1766 3147 2071 3213 violanda
2115 3149 2326 3212 multa

304 3239 678 3320 peccantur3
741 3235 1024 3300 violatur
1068 3237 1153 3319 is,
1209 3237 1321 3319 qui
1375 3235 1771 3320 procreavit,
1825 3235 1918 3319 is,
1974 3235 2084 3320 qui
2142 3236 2326 3318 aluit,

306 3324 389 3405 is,
437 3324 547 3406 qui
593 3322 897 3407 erudivit,
942 3323 1026 3408 is,
1073 3324 1184 3408 qui
1227 3325 1297 3388 in
1345 3324 1492 3388 sede
1539 3346 1614 3389 ae
1661 3324 1851 3389 domo
1899 3328 2094 3407 atque
2141 3325 2209 3388 in
2254 3347 2325 3388 re
2352 3339 2405 3381 ³⁸

307 3410 566 3493 publica
628 3411 1017 3496 conlocavit3
1080 3412 1495 3477 multitudine
1606 3417 1971 3477 eccatorum
2030 3416 2325 3496 praestat

308 3517 508 3578 eoque
554 3520 762 3582 poena
797 3500 1041 3564 maiore
1080 3499 1311 3584 dignus
1353 3505 1469 3564 est.
1542 3435 1623 3563 ge
1627 3499 1667 3562 d
1711 3519 1832 3565 nos
1875 3500 1944 3564 in
1991 3500 2145 3577 vita,
2189 3521 2323 3565 non
