<?xml version="1.0" encoding="UTF-8"?>
<!DOCTYPE html PUBLIC "-//W3C//DTD XHTML 1.0 Transitional//EN"
    "http://www.w3.org/TR/xhtml1/DTD/xhtml1-transitional.dtd">
<html xmlns="http://www.w3.org/1999/xhtml" xml:lang="en" lang="en">
 <head>
  <title>
</title>
<meta http-equiv="Content-Type" content="text/html;charset=utf-8" />
  <meta name='ocr-system' content='tesseract 3.04.00' />
  <meta name='ocr-capabilities' content='ocr_page ocr_carea ocr_par ocr_line ocrx_word'/>
</head>
<body>
  <div class='ocr_page' id='page_1' title='image "./scriptaquaemans01cicegoog_0284.png"; bbox 0 0 2630 3913; ppageno 0'>
   <div class='ocr_carea' id='block_1_1' title="bbox 236 982 295 1027">
    <p class='ocr_par' dir='ltr' id='par_1_1' title="bbox 236 982 295 1027">
     <span class='ocr_line' id='line_1_1' title="bbox 236 982 295 1027; baseline 0 0"><span class='ocrx_word' id='word_1_1' title='bbox 236 982 295 1027; x_wconf 80' lang='lat'>41</span> 
     </span>
    </p>
   </div>
   <div class='ocr_carea' id='block_1_2' title="bbox 336 183 1535 248">
    <p class='ocr_par' dir='ltr' id='par_1_2' title="bbox 336 183 1535 248">
     <span class='ocr_line' id='line_1_2' title="bbox 336 183 1535 248; baseline -0.012 0"><span class='ocrx_word' id='word_1_2' title='bbox 336 185 466 248; x_wconf 84' lang='lat'>210</span> <span class='ocrx_word' id='word_1_3' title='bbox 1143 183 1535 237; x_wconf 80' lang='lat' dir='ltr'>PARADOXA</span> 
     </span>
    </p>
   </div>
   <div class='ocr_carea' id='block_1_3' title="bbox 337 344 2426 2461">
    <p class='ocr_par' dir='ltr' id='par_1_3' title="bbox 337 344 2426 2461">
     <span class='ocr_line' id='line_1_3' title="bbox 337 344 2346 430; baseline 0 -21"><span class='ocrx_word' id='word_1_4' title='bbox 337 346 611 410; x_wconf 85' lang='lat' dir='ltr'>servitus</span> <span class='ocrx_word' id='word_1_5' title='bbox 651 350 768 427; x_wconf 87' lang='lat' dir='ltr'>est,</span> <span class='ocrx_word' id='word_1_6' title='bbox 814 346 869 409; x_wconf 91' lang='lat' dir='ltr'>si</span> <span class='ocrx_word' id='word_1_7' title='bbox 906 346 1064 410; x_wconf 87' lang='lat' dir='ltr'>haec</span> <span class='ocrx_word' id='word_1_8' title='bbox 1101 346 1372 410; x_wconf 86' lang='lat' dir='ltr'>libertas</span> <span class='ocrx_word' id='word_1_9' title='bbox 1411 345 1769 409; x_wconf 87' lang='lat' dir='ltr'>existimari</span> <span class='ocrx_word' id='word_1_10' title='bbox 1808 345 2070 430; x_wconf 79' lang='lat' dir='ltr'>potest?</span> <span class='ocrx_word' id='word_1_11' title='bbox 2135 344 2346 420; x_wconf 80' lang='lat' dir='ltr'>Quid?</span> 
     </span>
     <span class='ocr_line' id='line_1_4' title="bbox 337 434 2345 518; baseline 0 -20"><span class='ocrx_word' id='word_1_12' title='bbox 337 456 481 498; x_wconf 86' lang='lat' dir='ltr'>cum</span> <span class='ocrx_word' id='word_1_13' title='bbox 535 434 903 518; x_wconf 73' lang='lat' dir='ltr'>cupiditatis</span> <span class='ocrx_word' id='word_1_14' title='bbox 961 434 1327 498; x_wconf 74' lang='lat' dir='ltr'>dominatus</span> <span class='ocrx_word' id='word_1_15' title='bbox 1384 434 1657 498; x_wconf 80' lang='lat' dir='ltr'>excessit</span> <span class='ocrx_word' id='word_1_16' title='bbox 1714 437 1779 497; x_wconf 90' lang='lat' dir='ltr'>et</span> <span class='ocrx_word' id='word_1_17' title='bbox 1842 435 2009 498; x_wconf 87' lang='lat' dir='ltr'>alius</span> <span class='ocrx_word' id='word_1_18' title='bbox 2074 440 2175 498; x_wconf 86' lang='lat' dir='ltr'>est</span> <span class='ocrx_word' id='word_1_19' title='bbox 2240 435 2345 500; x_wconf 87' lang='lat' dir='ltr'>do·</span> 
     </span>
     <span class='ocr_line' id='line_1_5' title="bbox 338 521 2346 606; baseline 0.001 -20"><span class='ocrx_word' id='word_1_20' title='bbox 338 523 548 586; x_wconf 90' lang='lat' dir='ltr'>minus</span> <span class='ocrx_word' id='word_1_21' title='bbox 586 521 847 586; x_wconf 82' lang='lat' dir='ltr'>exortus</span> <span class='ocrx_word' id='word_1_22' title='bbox 885 545 960 585; x_wconf 86' lang='lat' dir='ltr'>ex</span> <span class='ocrx_word' id='word_1_23' title='bbox 997 522 1389 587; x_wconf 88' lang='lat' dir='ltr'>conscientia</span> <span class='ocrx_word' id='word_1_24' title='bbox 1425 527 1854 606; x_wconf 87' lang='lat' dir='ltr'>peccatorum,</span> <span class='ocrx_word' id='word_1_25' title='bbox 1897 522 2113 605; x_wconf 90' lang='lat' dir='ltr'>timor,</span> <span class='ocrx_word' id='word_1_26' title='bbox 2152 546 2346 606; x_wconf 88' lang='lat' dir='ltr'>quam</span> 
     </span>
     <span class='ocr_line' id='line_1_6' title="bbox 338 609 2345 693; baseline 0.001 -19"><span class='ocrx_word' id='word_1_27' title='bbox 338 615 438 675; x_wconf 85' lang='lat' dir='ltr'>est</span> <span class='ocrx_word' id='word_1_28' title='bbox 482 611 600 675; x_wconf 85' lang='lat' dir='ltr'>illa</span> <span class='ocrx_word' id='word_1_29' title='bbox 644 611 904 692; x_wconf 87' lang='lat' dir='ltr'>misera,</span> <span class='ocrx_word' id='word_1_30' title='bbox 961 631 1154 693; x_wconf 89' lang='lat' dir='ltr'>quam</span> <span class='ocrx_word' id='word_1_31' title='bbox 1202 610 1361 673; x_wconf 87' lang='lat' dir='ltr'>dura</span> <span class='ocrx_word' id='word_1_32' title='bbox 1408 611 1713 674; x_wconf 85' lang='lat' dir='ltr'>servitus!</span> <span class='ocrx_word' id='word_1_33' title='bbox 1804 609 2345 676; x_wconf 83' lang='lat' dir='ltr'>Adulescentibus</span> 
     </span>
     <span class='ocr_line' id='line_1_7' title="bbox 338 698 2422 783; baseline -0.002 -20"><span class='ocrx_word' id='word_1_34' title='bbox 338 699 532 782; x_wconf 88' lang='lat' dir='ltr'>paulo</span> <span class='ocrx_word' id='word_1_35' title='bbox 588 699 1063 782; x_wconf 82' lang='lat' dir='ltr'>loquacioribus</span> <span class='ocrx_word' id='word_1_36' title='bbox 1121 702 1221 762; x_wconf 91' lang='lat' dir='ltr'>est</span> <span class='ocrx_word' id='word_1_37' title='bbox 1275 698 1708 780; x_wconf 87' lang='lat' dir='ltr'>serviendum,</span> <span class='ocrx_word' id='word_1_38' title='bbox 1763 720 2012 780; x_wconf 75' lang='lat' dir='ltr'>omneS,</span> <span class='ocrx_word' id='word_1_39' title='bbox 2069 702 2180 783; x_wconf 96' lang='lat' dir='ltr'>qui</span> <span class='ocrx_word' id='word_1_40' title='bbox 2234 701 2345 764; x_wconf 89' lang='lat' dir='ltr'>ali·</span> <span class='ocrx_word' id='word_1_41' title='bbox 2398 719 2422 758; x_wconf 75' lang='lat'>⁵</span> 
     </span>
     <span class='ocr_line' id='line_1_8' title="bbox 340 785 2344 870; baseline 0 -19"><span class='ocrx_word' id='word_1_42' title='bbox 340 786 492 869; x_wconf 90' lang='lat' dir='ltr'>quid</span> <span class='ocrx_word' id='word_1_43' title='bbox 537 789 700 852; x_wconf 90' lang='lat' dir='ltr'>scire</span> <span class='ocrx_word' id='word_1_44' title='bbox 744 787 1060 870; x_wconf 85' lang='lat' dir='ltr'>videntur,</span> <span class='ocrx_word' id='word_1_45' title='bbox 1105 792 1439 869; x_wconf 86' lang='lat' dir='ltr'>tamquam</span> <span class='ocrx_word' id='word_1_46' title='bbox 1476 785 1720 851; x_wconf 89' lang='lat' dir='ltr'>domini</span> <span class='ocrx_word' id='word_1_47' title='bbox 1757 788 2083 852; x_wconf 85' lang='lat' dir='ltr'>timentur.</span> <span class='ocrx_word' id='word_1_48' title='bbox 2147 787 2344 853; x_wconf 87' lang='lat' dir='ltr'>Iudex</span> 
     </span>
     <span class='ocr_line' id='line_1_9' title="bbox 340 874 2344 959; baseline 0.001 -21"><span class='ocrx_word' id='word_1_49' title='bbox 340 897 490 940; x_wconf 89' lang='lat' dir='ltr'>vero</span> <span class='ocrx_word' id='word_1_50' title='bbox 537 879 851 959; x_wconf 86' lang='lat' dir='ltr'>quantum</span> <span class='ocrx_word' id='word_1_51' title='bbox 895 875 1097 940; x_wconf 88' lang='lat' dir='ltr'>habet</span> <span class='ocrx_word' id='word_1_52' title='bbox 1134 874 1559 939; x_wconf 86' lang='lat' dir='ltr'>dominatum!</span> <span class='ocrx_word' id='word_1_53' title='bbox 1609 897 1736 958; x_wconf 93' lang='lat' dir='ltr'>quo</span> <span class='ocrx_word' id='word_1_54' title='bbox 1773 876 2006 939; x_wconf 87' lang='lat' dir='ltr'>timore</span> <span class='ocrx_word' id='word_1_55' title='bbox 2041 881 2344 956; x_wconf 83' lang='lat' dir='ltr'>nocentes</span> 
     </span>
     <span class='ocr_line' id='line_1_10' title="bbox 342 963 2347 1039; baseline 0.001 -12"><span class='ocrx_word' id='word_1_56' title='bbox 342 963 578 1028; x_wconf 80' lang='lat' dir='ltr'>adficit!</span> <span class='ocrx_word' id='word_1_57' title='bbox 682 964 787 1027; x_wconf 85' lang='lat' dir='ltr'>An</span> <span class='ocrx_word' id='word_1_58' title='bbox 846 985 980 1028; x_wconf 92' lang='lat' dir='ltr'>non</span> <span class='ocrx_word' id='word_1_59' title='bbox 1042 967 1143 1027; x_wconf 88' lang='lat' dir='ltr'>est</span> <span class='ocrx_word' id='word_1_60' title='bbox 1207 964 1416 1027; x_wconf 87' lang='lat' dir='ltr'>omnis</span> <span class='ocrx_word' id='word_1_61' title='bbox 1486 967 1694 1027; x_wconf 89' lang='lat' dir='ltr'>metus</span> <span class='ocrx_word' id='word_1_62' title='bbox 1760 963 2080 1028; x_wconf 77' lang='lat' dir='ltr'>servitus?</span> <span class='ocrx_word' id='word_1_63' title='bbox 2181 963 2347 1039; x_wconf 84' lang='lat' dir='ltr'>Quid</span> 
     </span>
     <span class='ocr_line' id='line_1_11' title="bbox 340 1051 2347 1137; baseline 0.001 -23"><span class='ocrx_word' id='word_1_64' title='bbox 340 1052 513 1115; x_wconf 88' lang='lat' dir='ltr'>valet</span> <span class='ocrx_word' id='word_1_65' title='bbox 562 1053 762 1137; x_wconf 84' lang='lat' dir='ltr'>igitur</span> <span class='ocrx_word' id='word_1_66' title='bbox 806 1052 923 1117; x_wconf 89' lang='lat' dir='ltr'>illa</span> <span class='ocrx_word' id='word_1_67' title='bbox 968 1051 1480 1135; x_wconf 88' lang='lat' dir='ltr'>eloquentissimi</span> <span class='ocrx_word' id='word_1_68' title='bbox 1516 1052 1657 1133; x_wconf 85' lang='lat' dir='ltr'>viri,</span> <span class='ocrx_word' id='word_1_69' title='bbox 1702 1051 1772 1115; x_wconf 92' lang='lat' dir='ltr'>L.</span> <span class='ocrx_word' id='word_1_70' title='bbox 1800 1051 2038 1135; x_wconf 83' lang='lat' dir='ltr'>Crassi,</span> <span class='ocrx_word' id='word_1_71' title='bbox 2084 1054 2347 1137; x_wconf 90' lang='lat' dir='ltr'>copiosa</span> 
     </span>
     <span class='ocr_line' id='line_1_12' title="bbox 339 1138 2423 1225; baseline -0.002 -22"><span class='ocrx_word' id='word_1_72' title='bbox 339 1142 548 1225; x_wconf 85' lang='lat' dir='ltr'>magis</span> <span class='ocrx_word' id='word_1_73' title='bbox 596 1163 788 1223; x_wconf 90' lang='lat' dir='ltr'>quam</span> <span class='ocrx_word' id='word_1_74' title='bbox 835 1139 1090 1224; x_wconf 88' lang='lat' dir='ltr'>sapiens</span> <span class='ocrx_word' id='word_1_75' title='bbox 1129 1141 1365 1204; x_wconf 89' lang='lat' dir='ltr'>oratio:</span> <span class='ocrx_word' id='word_1_76' title='bbox 1413 1138 1747 1223; x_wconf 77' lang='lat' dir='ltr'>‘Eripite</span> <span class='ocrx_word' id='word_1_77' title='bbox 1792 1161 1930 1205; x_wconf 88' lang='lat' dir='ltr'>nos</span> <span class='ocrx_word' id='word_1_78' title='bbox 1977 1162 2062 1204; x_wconf 86' lang='lat' dir='ltr'>ex</span> <span class='ocrx_word' id='word_1_79' title='bbox 2109 1142 2423 1205; x_wconf 81' lang='lat' dir='ltr'>servi-10</span> 
     </span>
     <span class='ocr_line' id='line_1_13' title="bbox 340 1227 2345 1302; baseline 0.001 -11"><span class='ocrx_word' id='word_1_80' title='bbox 340 1228 580 1292; x_wconf 73' lang='lat' dir='ltr'>tute’?</span> <span class='ocrx_word' id='word_1_81' title='bbox 645 1227 819 1302; x_wconf 86' lang='lat' dir='ltr'>Quae</span> <span class='ocrx_word' id='word_1_82' title='bbox 859 1234 960 1292; x_wconf 90' lang='lat' dir='ltr'>est</span> <span class='ocrx_word' id='word_1_83' title='bbox 995 1230 1123 1292; x_wconf 91' lang='lat' dir='ltr'>ista</span> <span class='ocrx_word' id='word_1_84' title='bbox 1160 1228 1436 1292; x_wconf 83' lang='lat' dir='ltr'>servitus</span> <span class='ocrx_word' id='word_1_85' title='bbox 1483 1231 1621 1291; x_wconf 89' lang='lat' dir='ltr'>tam</span> <span class='ocrx_word' id='word_1_86' title='bbox 1668 1228 1843 1293; x_wconf 86' lang='lat' dir='ltr'>claro</span> <span class='ocrx_word' id='word_1_87' title='bbox 1890 1228 2137 1293; x_wconf 91' lang='lat' dir='ltr'>homini</span> <span class='ocrx_word' id='word_1_88' title='bbox 2182 1234 2345 1294; x_wconf 86' lang='lat' dir='ltr'>tam-</span> 
     </span>
     <span class='ocr_line' id='line_1_14' title="bbox 340 1316 2346 1399; baseline 0 -18"><span class='ocrx_word' id='word_1_89' title='bbox 340 1339 462 1399; x_wconf 86' lang='lat' dir='ltr'>que</span> <span class='ocrx_word' id='word_1_90' title='bbox 523 1316 775 1381; x_wconf 82' lang='lat' dir='ltr'>nobili‘?</span> <span class='ocrx_word' id='word_1_91' title='bbox 879 1317 1103 1381; x_wconf 92' lang='lat' dir='ltr'>Omnis</span> <span class='ocrx_word' id='word_1_92' title='bbox 1168 1316 1368 1380; x_wconf 90' lang='lat' dir='ltr'>animi</span> <span class='ocrx_word' id='word_1_93' title='bbox 1430 1316 1753 1380; x_wconf 87' lang='lat' dir='ltr'>debilitati</span> <span class='ocrx_word' id='word_1_94' title='bbox 1815 1320 1881 1381; x_wconf 84' lang='lat' dir='ltr'>et</span> <span class='ocrx_word' id='word_1_95' title='bbox 1953 1316 2218 1382; x_wconf 86' lang='lat' dir='ltr'>humilis</span> <span class='ocrx_word' id='word_1_96' title='bbox 2282 1322 2346 1382; x_wconf 89' lang='lat' dir='ltr'>et</span> 
     </span>
     <span class='ocr_line' id='line_1_15' title="bbox 338 1403 2346 1471; baseline 0.001 -4"><span class='ocrx_word' id='word_1_97' title='bbox 338 1403 531 1470; x_wconf 84' lang='lat' dir='ltr'>fracti</span> <span class='ocrx_word' id='word_1_98' title='bbox 588 1406 903 1469; x_wconf 88' lang='lat' dir='ltr'>timiditas</span> <span class='ocrx_word' id='word_1_99' title='bbox 962 1404 1237 1469; x_wconf 86' lang='lat' dir='ltr'>servitus</span> <span class='ocrx_word' id='word_1_100' title='bbox 1293 1409 1411 1468; x_wconf 89' lang='lat' dir='ltr'>est.</span> <span class='ocrx_word' id='word_1_101' title='bbox 1502 1403 1747 1469; x_wconf 77' lang='lat' dir='ltr'>‘Nolite</span> <span class='ocrx_word' id='word_1_102' title='bbox 1803 1405 2010 1469; x_wconf 91' lang='lat' dir='ltr'>sinere</span> <span class='ocrx_word' id='word_1_103' title='bbox 2055 1427 2175 1471; x_wconf 86' lang='lat' dir='ltr'>nos</span> <span class='ocrx_word' id='word_1_104' title='bbox 2222 1406 2346 1471; x_wconf 89' lang='lat' dir='ltr'>cui-</span> 
     </span>
     <span class='ocr_line' id='line_1_16' title="bbox 341 1491 2345 1576; baseline 0 -19"><span class='ocrx_word' id='word_1_105' title='bbox 341 1515 533 1576; x_wconf 88' lang='lat' dir='ltr'>quam</span> <span class='ocrx_word' id='word_1_106' title='bbox 583 1491 861 1557; x_wconf 87' lang='lat' dir='ltr'>servire.&#39;</span> <span class='ocrx_word' id='word_1_107' title='bbox 923 1492 1003 1556; x_wconf 94' lang='lat' dir='ltr'>In</span> <span class='ocrx_word' id='word_1_108' title='bbox 1049 1493 1421 1556; x_wconf 87' lang='lat' dir='ltr'>libertatem</span> <span class='ocrx_word' id='word_1_109' title='bbox 1458 1492 1771 1557; x_wconf 85' lang='lat' dir='ltr'>vindicari</span> <span class='ocrx_word' id='word_1_110' title='bbox 1805 1494 1988 1557; x_wconf 75' lang='lat' dir='ltr'>volt?</span> <span class='ocrx_word' id='word_1_111' title='bbox 2052 1492 2345 1576; x_wconf 81' lang='lat' dir='ltr'>Minime3</span> 
     </span>
     <span class='ocr_line' id='line_1_17' title="bbox 340 1579 2423 1667; baseline 0 -22"><span class='ocrx_word' id='word_1_112' title='bbox 340 1582 494 1665; x_wconf 91' lang='lat' dir='ltr'>quid</span> <span class='ocrx_word' id='word_1_113' title='bbox 548 1583 716 1645; x_wconf 88' lang='lat' dir='ltr'>enim</span> <span class='ocrx_word' id='word_1_114' title='bbox 773 1580 1107 1667; x_wconf 80' lang='lat' dir='ltr'>adiungit?</span> <span class='ocrx_word' id='word_1_115' title='bbox 1200 1579 1375 1644; x_wconf 71' lang='lat' dir='ltr'>‘Nisi</span> <span class='ocrx_word' id='word_1_116' title='bbox 1429 1581 1615 1646; x_wconf 85' lang='lat' dir='ltr'>vobis</span> <span class='ocrx_word' id='word_1_117' title='bbox 1678 1580 2035 1645; x_wconf 68' lang='lat' dir='ltr'>universis?</span> <span class='ocrx_word' id='word_1_118' title='bbox 2125 1582 2346 1647; x_wconf 90' lang='lat' dir='ltr'>Domi·</span> <span class='ocrx_word' id='word_1_119' title='bbox 2376 1601 2423 1640; x_wconf 80' lang='lat'>1⁵</span> 
     </span>
     <span class='ocr_line' id='line_1_18' title="bbox 338 1667 2346 1754; baseline 0 -21"><span class='ocrx_word' id='word_1_120' title='bbox 338 1692 492 1734; x_wconf 91' lang='lat' dir='ltr'>num</span> <span class='ocrx_word' id='word_1_121' title='bbox 539 1673 815 1752; x_wconf 89' lang='lat' dir='ltr'>mutare,</span> <span class='ocrx_word' id='word_1_122' title='bbox 874 1691 1004 1734; x_wconf 91' lang='lat' dir='ltr'>non</span> <span class='ocrx_word' id='word_1_123' title='bbox 1051 1669 1216 1732; x_wconf 91' lang='lat' dir='ltr'>liber</span> <span class='ocrx_word' id='word_1_124' title='bbox 1261 1690 1402 1738; x_wconf 84' lang='lat' dir='ltr'>esse</span> <span class='ocrx_word' id='word_1_125' title='bbox 1446 1670 1604 1734; x_wconf 86' lang='lat' dir='ltr'>volt.</span> <span class='ocrx_word' id='word_1_126' title='bbox 1696 1667 1964 1744; x_wconf 72' lang='lat' dir='ltr'>‘Quibus</span> <span class='ocrx_word' id='word_1_127' title='bbox 2012 1674 2077 1734; x_wconf 89' lang='lat' dir='ltr'>et</span> <span class='ocrx_word' id='word_1_128' title='bbox 2123 1692 2346 1754; x_wconf 88' lang='lat' dir='ltr'>possu-</span> 
     </span>
     <span class='ocr_line' id='line_1_19' title="bbox 339 1754 2343 1841; baseline 0 -20"><span class='ocrx_word' id='word_1_129' title='bbox 339 1779 480 1822; x_wconf 91' lang='lat' dir='ltr'>mus</span> <span class='ocrx_word' id='word_1_130' title='bbox 530 1761 594 1821; x_wconf 87' lang='lat' dir='ltr'>et</span> <span class='ocrx_word' id='word_1_131' title='bbox 639 1756 984 1821; x_wconf 67' lang='lat' dir='ltr'>debemus?</span> <span class='ocrx_word' id='word_1_132' title='bbox 1066 1754 1204 1822; x_wconf 90' lang='lat' dir='ltr'>Nos</span> <span class='ocrx_word' id='word_1_133' title='bbox 1250 1779 1423 1840; x_wconf 80' lang='lat' dir='ltr'>vem,</span> <span class='ocrx_word' id='word_1_134' title='bbox 1468 1757 1784 1841; x_wconf 88' lang='lat' dir='ltr'>siquidem</span> <span class='ocrx_word' id='word_1_135' title='bbox 1830 1758 2044 1822; x_wconf 85' lang='lat' dir='ltr'>animo</span> <span class='ocrx_word' id='word_1_136' title='bbox 2091 1758 2343 1823; x_wconf 84' lang='lat' dir='ltr'>excelso</span> 
     </span>
     <span class='ocr_line' id='line_1_20' title="bbox 339 1845 2343 1930; baseline 0 -21"><span class='ocrx_word' id='word_1_137' title='bbox 339 1850 405 1909; x_wconf 89' lang='lat' dir='ltr'>et</span> <span class='ocrx_word' id='word_1_138' title='bbox 451 1846 586 1910; x_wconf 87' lang='lat' dir='ltr'>alto</span> <span class='ocrx_word' id='word_1_139' title='bbox 634 1850 698 1908; x_wconf 91' lang='lat' dir='ltr'>et</span> <span class='ocrx_word' id='word_1_140' title='bbox 743 1845 1093 1910; x_wconf 84' lang='lat' dir='ltr'>virtutibus</span> <span class='ocrx_word' id='word_1_141' title='bbox 1142 1849 1535 1930; x_wconf 84' lang='lat' dir='ltr'>exaggerato</span> <span class='ocrx_word' id='word_1_142' title='bbox 1582 1867 1834 1927; x_wconf 80' lang='lat' dir='ltr'>sumuS‚</span> <span class='ocrx_word' id='word_1_143' title='bbox 1880 1867 1993 1910; x_wconf 92' lang='lat' dir='ltr'>nec</span> <span class='ocrx_word' id='word_1_144' title='bbox 2040 1846 2343 1910; x_wconf 87' lang='lat' dir='ltr'>debemus</span> 
     </span>
     <span class='ocr_line' id='line_1_21' title="bbox 338 1933 2344 2019; baseline 0 -21"><span class='ocrx_word' id='word_1_145' title='bbox 338 1955 454 1999; x_wconf 89' lang='lat' dir='ltr'>nec</span> <span class='ocrx_word' id='word_1_146' title='bbox 508 1954 877 2019; x_wconf 84' lang='lat' dir='ltr'>possumus3</span> <span class='ocrx_word' id='word_1_147' title='bbox 939 1937 1012 1997; x_wconf 91' lang='lat' dir='ltr'>tu</span> <span class='ocrx_word' id='word_1_148' title='bbox 1065 1954 1255 2019; x_wconf 87' lang='lat' dir='ltr'>posse</span> <span class='ocrx_word' id='word_1_149' title='bbox 1310 1937 1377 1998; x_wconf 89' lang='lat' dir='ltr'>te</span> <span class='ocrx_word' id='word_1_150' title='bbox 1432 1934 1655 2017; x_wconf 84' lang='lat' dir='ltr'>dicito,</span> <span class='ocrx_word' id='word_1_151' title='bbox 1719 1934 2020 2019; x_wconf 89' lang='lat' dir='ltr'>quoniam</span> <span class='ocrx_word' id='word_1_152' title='bbox 2085 1933 2344 2018; x_wconf 91' lang='lat' dir='ltr'>quidem</span> 
     </span>
     <span class='ocr_line' id='line_1_22' title="bbox 338 2022 2426 2107; baseline -0.002 -22"><span class='ocrx_word' id='word_1_153' title='bbox 338 2027 544 2107; x_wconf 91' lang='lat' dir='ltr'>potes,</span> <span class='ocrx_word' id='word_1_154' title='bbox 591 2022 820 2086; x_wconf 91' lang='lat' dir='ltr'>debere</span> <span class='ocrx_word' id='word_1_155' title='bbox 863 2044 943 2086; x_wconf 91' lang='lat' dir='ltr'>ne</span> <span class='ocrx_word' id='word_1_156' title='bbox 991 2022 1245 2106; x_wconf 80' lang='lat' dir='ltr'>dixeriS,</span> <span class='ocrx_word' id='word_1_157' title='bbox 1291 2023 1595 2106; x_wconf 91' lang='lat' dir='ltr'>quoniam</span> <span class='ocrx_word' id='word_1_158' title='bbox 1641 2023 1804 2087; x_wconf 92' lang='lat' dir='ltr'>nihil</span> <span class='ocrx_word' id='word_1_159' title='bbox 1853 2024 2194 2107; x_wconf 85' lang='lat' dir='ltr'>quisquam</span> <span class='ocrx_word' id='word_1_160' title='bbox 2241 2023 2343 2088; x_wconf 89' lang='lat' dir='ltr'>de-</span> <span class='ocrx_word' id='word_1_161' title='bbox 2373 2043 2426 2082; x_wconf 79' lang='lat'>20</span> 
     </span>
     <span class='ocr_line' id='line_1_23' title="bbox 339 2109 2346 2195; baseline 0.001 -21"><span class='ocrx_word' id='word_1_162' title='bbox 339 2111 469 2194; x_wconf 89' lang='lat' dir='ltr'>bet,</span> <span class='ocrx_word' id='word_1_163' title='bbox 512 2111 640 2175; x_wconf 92' lang='lat' dir='ltr'>nisi</span> <span class='ocrx_word' id='word_1_164' title='bbox 676 2110 846 2194; x_wconf 90' lang='lat' dir='ltr'>quod</span> <span class='ocrx_word' id='word_1_165' title='bbox 884 2115 983 2174; x_wconf 91' lang='lat' dir='ltr'>est</span> <span class='ocrx_word' id='word_1_166' title='bbox 1018 2116 1207 2195; x_wconf 86' lang='lat' dir='ltr'>turpe</span> <span class='ocrx_word' id='word_1_167' title='bbox 1242 2133 1376 2175; x_wconf 91' lang='lat' dir='ltr'>non</span> <span class='ocrx_word' id='word_1_168' title='bbox 1410 2111 1688 2175; x_wconf 85' lang='lat' dir='ltr'>reddere.</span> <span class='ocrx_word' id='word_1_169' title='bbox 1761 2109 1886 2175; x_wconf 87' lang='lat' dir='ltr'>Sed</span> <span class='ocrx_word' id='word_1_170' title='bbox 1929 2112 2088 2176; x_wconf 87' lang='lat' dir='ltr'>haec</span> <span class='ocrx_word' id='word_1_171' title='bbox 2131 2112 2346 2177; x_wconf 89' lang='lat' dir='ltr'>hacte-</span> 
     </span>
     <span class='ocr_line' id='line_1_24' title="bbox 338 2198 2346 2285; baseline 0 -23"><span class='ocrx_word' id='word_1_172' title='bbox 338 2221 478 2263; x_wconf 85' lang='lat' dir='ltr'>nuS.</span> <span class='ocrx_word' id='word_1_173' title='bbox 567 2198 688 2263; x_wconf 91' lang='lat' dir='ltr'>Ille</span> <span class='ocrx_word' id='word_1_174' title='bbox 752 2199 993 2282; x_wconf 86' lang='lat' dir='ltr'>videat,</span> <span class='ocrx_word' id='word_1_175' title='bbox 1059 2220 1181 2282; x_wconf 93' lang='lat' dir='ltr'>quo</span> <span class='ocrx_word' id='word_1_176' title='bbox 1248 2199 1439 2265; x_wconf 92' lang='lat' dir='ltr'>modo</span> <span class='ocrx_word' id='word_1_177' title='bbox 1502 2201 1857 2283; x_wconf 89' lang='lat' dir='ltr'>imperator</span> <span class='ocrx_word' id='word_1_178' title='bbox 1923 2222 2060 2265; x_wconf 88' lang='lat' dir='ltr'>esse</span> <span class='ocrx_word' id='word_1_179' title='bbox 2118 2201 2346 2285; x_wconf 88' lang='lat' dir='ltr'>possit,</span> 
     </span>
     <span class='ocr_line' id='line_1_25' title="bbox 339 2287 2345 2371; baseline -0 -18"><span class='ocrx_word' id='word_1_180' title='bbox 339 2310 485 2353; x_wconf 86' lang='lat' dir='ltr'>cum</span> <span class='ocrx_word' id='word_1_181' title='bbox 548 2311 694 2353; x_wconf 90' lang='lat' dir='ltr'>eum</span> <span class='ocrx_word' id='word_1_182' title='bbox 755 2309 836 2353; x_wconf 91' lang='lat' dir='ltr'>ne</span> <span class='ocrx_word' id='word_1_183' title='bbox 900 2288 1176 2352; x_wconf 86' lang='lat' dir='ltr'>liberum</span> <span class='ocrx_word' id='word_1_184' title='bbox 1241 2287 1498 2371; x_wconf 89' lang='lat' dir='ltr'>quidem</span> <span class='ocrx_word' id='word_1_185' title='bbox 1553 2309 1692 2351; x_wconf 91' lang='lat' dir='ltr'>esse</span> <span class='ocrx_word' id='word_1_186' title='bbox 1750 2288 1918 2353; x_wconf 89' lang='lat' dir='ltr'>ratio</span> <span class='ocrx_word' id='word_1_187' title='bbox 1975 2293 2043 2353; x_wconf 88' lang='lat' dir='ltr'>et</span> <span class='ocrx_word' id='word_1_188' title='bbox 2104 2289 2345 2353; x_wconf 86' lang='lat' dir='ltr'>veritas</span> 
     </span>
     <span class='ocr_line' id='line_1_26' title="bbox 339 2376 886 2461; baseline -0.002 -20"><span class='ocrx_word' id='word_1_189' title='bbox 339 2377 483 2461; x_wconf 91' lang='lat' dir='ltr'>ipsa</span> <span class='ocrx_word' id='word_1_190' title='bbox 529 2376 886 2442; x_wconf 81' lang='lat' dir='ltr'>convincat.</span> 
     </span>
    </p>
   </div>
   <div class='ocr_carea' id='block_1_4' title="bbox 1131 2468 1552 2477">
    <p class='ocr_par' dir='ltr' id='par_1_4' title="bbox 1131 2468 1552 2477">
     <span class='ocr_line' id='line_1_27' title="bbox 1131 2468 1552 2477; baseline 0 1436"><span class='ocrx_word' id='word_1_191' title='bbox 1131 2468 1552 2477; x_wconf 95' lang='lat' dir='ltr'> </span> 
     </span>
    </p>
   </div>
   <div class='ocr_carea' id='block_1_5' title="bbox 955 2568 2428 2635">
    <p class='ocr_par' dir='ltr' id='par_1_5' title="bbox 955 2568 2428 2635">
     <span class='ocr_line' id='line_1_28' title="bbox 955 2568 2428 2635; baseline -0.003 -3"><span class='ocrx_word' id='word_1_192' title='bbox 955 2568 1568 2635; x_wconf 85' lang='lat' dir='ltr'><strong>PARADOXON</strong></span> <span class='ocrx_word' id='word_1_193' title='bbox 1613 2569 1725 2633; x_wconf 83' lang='lat' dir='ltr'>VI.</span> <span class='ocrx_word' id='word_1_194' title='bbox 2374 2589 2428 2628; x_wconf 76' lang='lat'>25</span> 
     </span>
    </p>
   </div>
   <div class='ocr_carea' id='block_1_6' title="bbox 498 2670 1608 2758">
    <p class='ocr_par' dir='ltr' id='par_1_6' title="bbox 498 2670 1608 2758">
     <span class='ocr_line' id='line_1_29' title="bbox 498 2670 1608 2758; baseline -0.001 -19"><span class='ocrx_word' id='word_1_195' title='bbox 498 2672 637 2740; x_wconf 84' lang='grc' dir='ltr'>Ὅτι</span> <span class='ocrx_word' id='word_1_196' title='bbox 681 2674 887 2758; x_wconf 86' lang='grc' dir='ltr'><strong><em>μόνος</em></strong></span> <span class='ocrx_word' id='word_1_197' title='bbox 934 2670 969 2739; x_wconf 87' lang='grc' dir='ltr'>ὁ</span> <span class='ocrx_word' id='word_1_198' title='bbox 1017 2671 1229 2758; x_wconf 85' lang='grc' dir='ltr'><strong><em>σοφὸς</em></strong></span> <span class='ocrx_word' id='word_1_199' title='bbox 1273 2674 1608 2751; x_wconf 80' lang='grc' dir='ltr'><strong><em>πλούσιος.</em></strong></span> 
     </span>
    </p>
   </div>
   <div class='ocr_carea' id='block_1_7' title="bbox 339 2816 2433 3520">
    <p class='ocr_par' dir='ltr' id='par_1_7' title="bbox 339 2816 2433 3520">
     <span class='ocr_line' id='line_1_30' title="bbox 471 2816 2346 2901; baseline 0.001 -20"><span class='ocrx_word' id='word_1_200' title='bbox 471 2816 646 2892; x_wconf 86' lang='lat' dir='ltr'>Quae</span> <span class='ocrx_word' id='word_1_201' title='bbox 693 2821 794 2881; x_wconf 92' lang='lat' dir='ltr'>est</span> <span class='ocrx_word' id='word_1_202' title='bbox 838 2817 967 2880; x_wconf 90' lang='lat' dir='ltr'>ista</span> <span class='ocrx_word' id='word_1_203' title='bbox 1010 2817 1080 2880; x_wconf 94' lang='lat' dir='ltr'>in</span> <span class='ocrx_word' id='word_1_204' title='bbox 1130 2816 1691 2881; x_wconf 89' lang='lat' dir='ltr'>commemoranda</span> <span class='ocrx_word' id='word_1_205' title='bbox 1734 2818 2005 2901; x_wconf 89' lang='lat' dir='ltr'>pecunia</span> <span class='ocrx_word' id='word_1_206' title='bbox 2051 2823 2164 2882; x_wconf 89' lang='lat' dir='ltr'>tua</span> <span class='ocrx_word' id='word_1_207' title='bbox 2209 2823 2346 2881; x_wconf 89' lang='lat' dir='ltr'>tam</span> 
     </span>
     <span class='ocr_line' id='line_1_31' title="bbox 339 2903 2347 2991; baseline 0 -23"><span class='ocrx_word' id='word_1_208' title='bbox 339 2905 623 2970; x_wconf 86' lang='lat' dir='ltr'>insolens</span> <span class='ocrx_word' id='word_1_209' title='bbox 689 2903 1084 2970; x_wconf 80' lang='lat' dir='ltr'>ostentatio?</span> <span class='ocrx_word' id='word_1_210' title='bbox 1193 2904 1446 2968; x_wconf 91' lang='lat' dir='ltr'>solusne</span> <span class='ocrx_word' id='word_1_211' title='bbox 1510 2909 1586 2969; x_wconf 89' lang='lat' dir='ltr'>tu</span> <span class='ocrx_word' id='word_1_212' title='bbox 1649 2904 1869 2969; x_wconf 77' lang='lat' dir='ltr'>dives?</span> <span class='ocrx_word' id='word_1_213' title='bbox 1931 2929 2050 2991; x_wconf 91' lang='lat' dir='ltr'>pro</span> <span class='ocrx_word' id='word_1_214' title='bbox 2112 2906 2176 2969; x_wconf 90' lang='lat' dir='ltr'>di</span> <span class='ocrx_word' id='word_1_215' title='bbox 2229 2908 2347 2970; x_wconf 93' lang='lat' dir='ltr'>im-</span> 
     </span>
     <span class='ocr_line' id='line_1_32' title="bbox 342 2991 2348 3076; baseline -0.001 -17"><span class='ocrx_word' id='word_1_216' title='bbox 342 2995 676 3060; x_wconf 88' lang='lat' dir='ltr'>mortales!</span> <span class='ocrx_word' id='word_1_217' title='bbox 737 3014 940 3057; x_wconf 69' lang='lat' dir='ltr'>ecrone</span> <span class='ocrx_word' id='word_1_218' title='bbox 994 3014 1097 3056; x_wconf 90' lang='lat' dir='ltr'>me</span> <span class='ocrx_word' id='word_1_219' title='bbox 1153 2991 1405 3056; x_wconf 88' lang='lat' dir='ltr'>audisse</span> <span class='ocrx_word' id='word_1_220' title='bbox 1460 2993 1704 3076; x_wconf 89' lang='lat' dir='ltr'>aliquid</span> <span class='ocrx_word' id='word_1_221' title='bbox 1751 2997 1816 3057; x_wconf 89' lang='lat' dir='ltr'>et</span> <span class='ocrx_word' id='word_1_222' title='bbox 1876 2994 2171 3059; x_wconf 89' lang='lat' dir='ltr'>didicisse</span> <span class='ocrx_word' id='word_1_223' title='bbox 2218 3016 2348 3058; x_wconf 91' lang='lat' dir='ltr'>non</span> 
     </span>
     <span class='ocr_line' id='line_1_33' title="bbox 341 3044 2433 3168; baseline -0.003 -21"><span class='ocrx_word' id='word_1_224' title='bbox 341 3081 700 3168; x_wconf 74' lang='lat' dir='ltr'>gaudeam?</span> <span class='ocrx_word' id='word_1_225' title='bbox 775 3044 1046 3146; x_wconf 56' lang='lat' dir='ltr'>§olusne</span> <span class='ocrx_word' id='word_1_226' title='bbox 1086 3080 1305 3145; x_wconf 76' lang='lat' dir='ltr'>dives?</span> <span class='ocrx_word' id='word_1_227' title='bbox 1379 3079 1561 3164; x_wconf 93' lang='lat' dir='ltr'>Quid,</span> <span class='ocrx_word' id='word_1_228' title='bbox 1608 3082 1665 3144; x_wconf 90' lang='lat' dir='ltr'>si</span> <span class='ocrx_word' id='word_1_229' title='bbox 1707 3103 1787 3145; x_wconf 91' lang='lat' dir='ltr'>ne</span> <span class='ocrx_word' id='word_1_230' title='bbox 1822 3082 1998 3147; x_wconf 86' lang='lat' dir='ltr'>dives</span> <span class='ocrx_word' id='word_1_231' title='bbox 2046 3080 2347 3166; x_wconf 83' lang='lat' dir='ltr'>quidem?</span> <span class='ocrx_word' id='word_1_232' title='bbox 2378 3100 2433 3140; x_wconf 74' lang='lat' dir='ltr'>so</span> 
     </span>
     <span class='ocr_line' id='line_1_34' title="bbox 342 3166 2349 3255; baseline -0.001 -20"><span class='ocrx_word' id='word_1_233' title='bbox 342 3171 512 3254; x_wconf 92' lang='lat' dir='ltr'>quid,</span> <span class='ocrx_word' id='word_1_234' title='bbox 559 3171 615 3234; x_wconf 93' lang='lat' dir='ltr'>si</span> <span class='ocrx_word' id='word_1_235' title='bbox 660 3191 906 3254; x_wconf 84' lang='lat' dir='ltr'>pauper</span> <span class='ocrx_word' id='word_1_236' title='bbox 952 3168 1191 3232; x_wconf 76' lang='lat' dir='ltr'>etiam?</span> <span class='ocrx_word' id='word_1_237' title='bbox 1265 3166 1469 3242; x_wconf 89' lang='lat' dir='ltr'>Quem</span> <span class='ocrx_word' id='word_1_238' title='bbox 1508 3169 1677 3233; x_wconf 92' lang='lat' dir='ltr'>enim</span> <span class='ocrx_word' id='word_1_239' title='bbox 1716 3168 2155 3255; x_wconf 83' lang='lat' dir='ltr'>intellegimus</span> <span class='ocrx_word' id='word_1_240' title='bbox 2194 3171 2349 3234; x_wconf 87' lang='lat' dir='ltr'>divi-</span> 
     </span>
     <span class='ocr_line' id='line_1_35' title="bbox 339 3257 2351 3343; baseline -0 -20"><span class='ocrx_word' id='word_1_241' title='bbox 339 3264 474 3323; x_wconf 89' lang='lat' dir='ltr'>tem</span> <span class='ocrx_word' id='word_1_242' title='bbox 520 3262 633 3323; x_wconf 87' lang='lat' dir='ltr'>aut</span> <span class='ocrx_word' id='word_1_243' title='bbox 669 3258 793 3322; x_wconf 89' lang='lat' dir='ltr'>hoc</span> <span class='ocrx_word' id='word_1_244' title='bbox 827 3258 1094 3322; x_wconf 83' lang='lat' dir='ltr'>verbum</span> <span class='ocrx_word' id='word_1_245' title='bbox 1131 3257 1199 3320; x_wconf 93' lang='lat' dir='ltr'>in</span> <span class='ocrx_word' id='word_1_246' title='bbox 1237 3278 1364 3340; x_wconf 92' lang='lat' dir='ltr'>quo</span> <span class='ocrx_word' id='word_1_247' title='bbox 1401 3257 1659 3321; x_wconf 90' lang='lat' dir='ltr'>homine</span> <span class='ocrx_word' id='word_1_248' title='bbox 1696 3259 2039 3342; x_wconf 80' lang='lat' dir='ltr'>ponimus?</span> <span class='ocrx_word' id='word_1_249' title='bbox 2105 3257 2351 3343; x_wconf 90' lang='lat' dir='ltr'>Opinor</span> 
     </span>
     <span class='ocr_line' id='line_1_36' title="bbox 340 3345 2350 3430; baseline 0 -21"><span class='ocrx_word' id='word_1_250' title='bbox 340 3347 409 3409; x_wconf 90' lang='lat' dir='ltr'>in</span> <span class='ocrx_word' id='word_1_251' title='bbox 445 3369 538 3430; x_wconf 92' lang='lat' dir='ltr'>e0,</span> <span class='ocrx_word' id='word_1_252' title='bbox 590 3347 742 3429; x_wconf 91' lang='lat' dir='ltr'>quoi</span> <span class='ocrx_word' id='word_1_253' title='bbox 777 3349 965 3409; x_wconf 85' lang='lat' dir='ltr'>tanta</span> <span class='ocrx_word' id='word_1_254' title='bbox 1000 3345 1324 3430; x_wconf 90' lang='lat' dir='ltr'>possessio</span> <span class='ocrx_word' id='word_1_255' title='bbox 1364 3346 1468 3428; x_wconf 91' lang='lat' dir='ltr'>sit,</span> <span class='ocrx_word' id='word_1_256' title='bbox 1513 3349 1586 3410; x_wconf 89' lang='lat' dir='ltr'>ut</span> <span class='ocrx_word' id='word_1_257' title='bbox 1623 3345 1704 3409; x_wconf 91' lang='lat' dir='ltr'>ad</span> <span class='ocrx_word' id='word_1_258' title='bbox 1740 3347 2101 3412; x_wconf 86' lang='lat' dir='ltr'>liberaliter</span> <span class='ocrx_word' id='word_1_259' title='bbox 2137 3348 2350 3411; x_wconf 82' lang='lat' dir='ltr'>viven-</span> 
     </span>
     <span class='ocr_line' id='line_1_37' title="bbox 344 3433 2351 3520; baseline 0.002 -25"><span class='ocrx_word' id='word_1_260' title='bbox 344 3434 495 3497; x_wconf 90' lang='lat' dir='ltr'>dum</span> <span class='ocrx_word' id='word_1_261' title='bbox 529 3433 719 3498; x_wconf 85' lang='lat' dir='ltr'>facile</span> <span class='ocrx_word' id='word_1_262' title='bbox 758 3437 1097 3499; x_wconf 89' lang='lat' dir='ltr'>contentus</span> <span class='ocrx_word' id='word_1_263' title='bbox 1135 3433 1240 3515; x_wconf 92' lang='lat' dir='ltr'>sit,</span> <span class='ocrx_word' id='word_1_264' title='bbox 1276 3434 1388 3516; x_wconf 92' lang='lat' dir='ltr'>qui</span> <span class='ocrx_word' id='word_1_265' title='bbox 1421 3433 1586 3497; x_wconf 87' lang='lat' dir='ltr'>nihil</span> <span class='ocrx_word' id='word_1_266' title='bbox 1626 3439 1911 3518; x_wconf 85' lang='lat' dir='ltr'>quaerat,</span> <span class='ocrx_word' id='word_1_267' title='bbox 1956 3435 2120 3499; x_wconf 92' lang='lat' dir='ltr'>nihil</span> <span class='ocrx_word' id='word_1_268' title='bbox 2158 3457 2351 3520; x_wconf 89' lang='lat' dir='ltr'>appe-</span> 
     </span>
    </p>
   </div>
   <div class='ocr_carea' id='block_1_8' title="bbox 240 3520 2436 3609">
    <p class='ocr_par' dir='ltr' id='par_1_8' title="bbox 240 3520 2436 3609">
     <span class='ocr_line' id='line_1_38' title="bbox 240 3520 2436 3609; baseline 0.002 -26"><span class='ocrx_word' id='word_1_269' title='bbox 240 3535 304 3583; x_wconf 75' lang='grc'>43</span> <span class='ocrx_word' id='word_1_270' title='bbox 343 3524 472 3601; x_wconf 85' lang='lat' dir='ltr'>tat,</span> <span class='ocrx_word' id='word_1_271' title='bbox 534 3520 697 3584; x_wconf 90' lang='lat' dir='ltr'>nihil</span> <span class='ocrx_word' id='word_1_272' title='bbox 764 3525 945 3604; x_wconf 89' lang='lat' dir='ltr'>optet</span> <span class='ocrx_word' id='word_1_273' title='bbox 1010 3522 1306 3606; x_wconf 73' lang='lat' dir='ltr'>amplius,</span> <span class='ocrx_word' id='word_1_274' title='bbox 1407 3522 1678 3588; x_wconf 91' lang='lat' dir='ltr'>Animus</span> <span class='ocrx_word' id='word_1_275' title='bbox 1745 3526 2003 3609; x_wconf 85' lang='lat' dir='ltr'>oportet</span> <span class='ocrx_word' id='word_1_276' title='bbox 2041 3527 2217 3601; x_wconf 51' lang='lat' dir='ltr'>¹tuus</span> <span class='ocrx_word' id='word_1_277' title='bbox 2283 3546 2353 3588; x_wconf 89' lang='lat' dir='ltr'>se</span> <span class='ocrx_word' id='word_1_278' title='bbox 2383 3541 2436 3581; x_wconf 73' lang='lat'>³⁵</span> 
     </span>
    </p>
   </div>
  </div>
 </body>
</html>
