2630 3913
332 177 403 239 31
419 176 460 237 2
1107 174 1559 229 FRAGMENTA

968 369 1082 435 w.
1146 375 1252 433 DE
1298 375 1695 437 AUGURIIS.

465 515 550 593 [1.
603 512 725 579 Cio.
777 514 850 577 de
897 513 1088 576 divin.
1132 511 1225 575 II
1262 513 1360 576 35.
1410 514 1490 575 75
1516 532 1603 593 sq.
1674 511 1981 591 Equidem
2034 513 2347 577 adsentior

334 601 396 667 0.
441 601 742 667 Marcello
780 601 992 682 potius
1044 619 1233 680 quam
1277 599 1439 681 Am).
1487 597 1780 678 Claudio,
1833 601 1944 681 qui
1994 601 2171 665 ambo
2223 602 2346 665 mei

331 692 583 771 colleoae
619 689 892 770 fuerunt,
936 688 1328 769 existimoque
1370 689 1469 751 ius
1504 708 1828 771 auqurum,
1873 690 1986 753 etsi
2018 690 2343 753 divinatio-

331 780 432 843 nis
475 777 759 858 opinione
795 776 1103 857 principio
1148 775 1540 841 constitutum
1590 777 1697 857 sit,
1756 781 1959 840 tamen
1992 782 2208 857 postea
2251 780 2344 841 rei
2405 796 2435 837 5

330 866 603 947 publicae
646 884 833 929 causa
877 868 1293 930 conservatum
1332 884 1407 927 ae
1439 868 1750 927 retentum.
1815 863 1938 929 Sed
1969 866 2042 929 de
2073 865 2184 930 hoe
2220 867 2345 931 loeo

329 955 515 1034 plura
559 954 629 1016 in
672 952 844 1034 aliis,
889 972 1055 1017 nune
1097 952 1430 1031 haetenus]

464 1042 523 1106 2.
559 1039 724 1105 Serv.
772 1040 944 1123 Verq.
979 1041 1136 1104 Aen.
1184 1039 1248 1105 V
1276 1044 1403 1104 738
1437 1039 1590 1104 Dies
1625 1045 1713 1104 est
1732 1041 1974 1122 plenus,
2016 1043 2125 1123 qui
2167 1042 2347 1107 habet

331 1130 516 1196 horas
557 1129 778 1211 vi9inti
820 1133 1137 1209 quatmor;
1192 1148 1344 1192 nam
1395 1132 1454 1192 et
1497 1148 1621 1193 nox
1653 1149 1812 1209 pars
1854 1130 1978 1193 diei
2019 1135 2136 1206 est;
2190 1131 2342 1195 diei-

332 1238 470 1283 mus
511 1222 716 1283 autem
759 1217 919 1282 diem
963 1237 1006 1279 a
1046 1221 1231 1297 parte
1281 1216 1543 1282 meliore.
1644 1215 1814 1282 Unde
1865 1222 1924 1281 et
1964 1218 2034 1282 in
2076 1238 2197 1283 usu
2239 1224 2344 1300 est,
2375 1239 2430 1278 ιο

330 1312 403 1371 ut
433 1307 566 1371 sine
600 1306 1161 1370 commemoratione
1193 1306 1386 1369 noetis
1416 1325 1741 1369 numerum
1774 1306 2053 1371 dieamus
2085 1307 2343 1371 dierum.

334 1395 412 1458 H
407 1396 461 1459 ie
513 1399 719 1458 autem
770 1394 898 1459 dies
948 1394 1276 1458 seeundum
1324 1393 1656 1475 Aeyyptios
1705 1393 1952 1458 inchoat
1996 1394 2077 1459 ab
2130 1414 2345 1459 occasu

331 1483 493 1565 solis,
535 1482 865 1547 seeundum
907 1480 1135 1547 Persas
1177 1481 1254 1545 ab
1298 1485 1438 1545 ortu
1480 1481 1644 1564 solis,
1688 1482 2015 1547 seeundum
2071 1482 2344 1560 Umbros,

335 1572 630 1636 Etruscos
672 1575 728 1634 et
760 1569 1158 1635 Athenienses
1201 1589 1244 1631 a
1279 1574 1452 1633 sexta
1484 1568 1638 1633 hora
1672 1569 1811 1652 diei,
1854 1572 2184 1635 secundum
2218 1571 2342 1635 Ro-

331 1678 548 1724 manos
599 1679 642 1721 a
694 1660 897 1723 media
948 1662 1130 1722 noete.
1182 1679 1257 1701 —ss
1306 1657 1484 1721 Haec
1535 1662 1739 1721 autem
1771 1659 1953 1739 plene
1999 1660 2344 1740 exsequitur
2376 1680 2429 1720 ιε»

331 1752 389 1811 et
432 1745 635 1811 Cicero
682 1747 751 1810 in
793 1744 1196 1827 auquralibus
1238 1750 1296 1808 et
1339 1745 1419 1808 A.
1459 1743 1696 1809 Gellius
1739 1747 1809 1809 in
1855 1746 2032 1812 libris
2073 1749 2344 1812 noctium

334 1834 688 1899 Atticarum
731 1832 896 1915 (III
930 1837 993 1898 2.
1042 1832 1270 1913 7sqq).

467 1921 527 1985 3.
563 1917 803 1986 Charis.
838 1919 890 1984 I
904 1942 974 2003 p.
1007 1924 1157 2004 122,
1189 1924 1283 1987 22
1317 1921 1401 1991 K.
1449 1918 1620 1986 ‘Avi’
1658 1920 1865 1987 Cieero
1910 1924 1982 1989 de
2026 1926 2341 2006 auyuriis:

336 2009 635 2075 omnibus
683 2008 788 2074 avi
832 2009 1096 2073 ineerta.

463 2097 526 2160 4.
579 2095 819 2163 Charis.
862 2096 914 2161 I
946 2118 1014 2179 p.
1060 2100 1198 2162 105.
1243 2102 1285 2160 4
1345 2097 1584 2163 Oseinis
1635 2094 2084 2164 nominativum
2139 2099 2343 2165 Cicero
2371 2120 2427 2159 20

332 2187 405 2254 cle
457 2187 743 2268 auquriis
787 2183 806 2213 ‘
821 2184 1043 2251 oscen'
1098 2186 1261 2250 dixit
1310 2190 1369 2250 et
1409 2187 1502 2250 ita
1544 2187 1760 2251 utitur.
1809 2223 1885 2232 —
1935 2187 2058 2252 Sed
2097 2189 2256 2253 idem
2301 2188 2352 2252 Ι

328 2295 387 2355 p.
441 2278 581 2338 139.
645 2279 726 2338 11
792 2272 810 2301 ‘
824 2272 1043 2338 Oseen'
1106 2294 1414 2356 auqurum
1476 2275 1835 2338 consuetudo
1897 2276 2074 2353 dieit;
2138 2275 2344 2341 Cicero

333 2368 560 2445 tamen,
604 2362 813 2442 inquit
850 2361 1118 2444 Plinius,
1163 2363 1235 2425 de
1277 2363 1560 2442 auquriis
1601 2361 1701 2426 hie
1745 2361 2028 2426 ‘oscinis'
2076 2363 2253 2426 dixit.

468 2448 553 2530 [5.
608 2449 773 2514 Serv.
831 2449 1001 2531 Verq.
1055 2451 1211 2513 Aen.
1255 2448 1390 2512 III
1423 2452 1547 2513 359
1601 2449 1799 2528 Nam,
1852 2455 1926 2515 ut
1974 2452 2069 2515 ait
2120 2450 2343 2529 Cicero,

333 2539 532 2602 omnis
575 2538 900 2602 divinandi
932 2538 1167 2618 peritia
1218 2538 1289 2600 in
1341 2538 1500 2601 duas
1545 2542 1754 2617 partes
1803 2539 2133 2616 dividitur‚·
2191 2560 2343 2603 nam
2370 2559 2428 2600 25

331 2630 446 2689 aut
471 2626 654 2704 furor
678 2630 780 2706 est,
814 2630 887 2688 ut
918 2626 990 2689 in
1021 2625 1608 2709 ratiocinationibus,
1644 2631 1757 2690 aut
1789 2646 1912 2710 ars,
1948 2631 2022 2691 ut
2051 2628 2124 2691 in
2156 2627 2344 2692 haru-

332 2712 621 2795 spicibus,
678 2713 1000 2794 fulquritis
1059 2713 1183 2777 sive
1238 2711 1751 2794 fulquratoribus‚
1814 2715 2164 2796 auquribus.
2254 2717 2349 2781 Et

333 2801 545 2864 onmia
599 2801 721 2864 ista
764 2821 838 2865 ex
881 2820 943 2865 se
974 2801 1265 2882 pendent,
1322 2799 1458 2864 lieet
1493 2802 1768 2883 propriis
1809 2803 2039 2885 finibus
2081 2806 2344 2868 eontine-

333 2890 565 2968 antur]

1008 3102 1080 3162 V.
1143 3103 1665 3164 HORTENSIUS.
2376 3124 2437 3163 so

477 3238 544 3303 V.
588 3237 668 3302 R.
714 3239 950 3304 Hireel.
998 3240 1215 3304 Herm.
1264 3239 1335 3304 X
1367 3262 1434 3321 p.
1480 3242 1563 3305 95
1579 3261 1670 3322 sq.

472 3327 527 3390 1.
564 3323 686 3391 Cio.
722 3328 795 3391 de
829 3329 1017 3392 divin.
1052 3328 1145 3391 II
1172 3333 1227 3392 1.
1263 3333 1304 3392 1
1341 3327 1654 3394 Gohortati
1692 3349 1922 3414 sumus,
1964 3336 2038 3396 ut
2078 3335 2351 3399 maxime

330 3413 666 3495 potuimus,
720 3415 806 3478 ad
845 3415 1268 3498 philosophiae
1309 3417 1584 3481 studium
1627 3438 1692 3481 eo
1739 3419 1916 3497 libro,
1970 3421 2079 3501 qui
2121 3427 2211 3485 est
2251 3424 2350 3487 in·

334 3499 594 3578 scriptus
638 3500 1026 3568 Hortensius.
