2630 3913
233 1001 296 1052 w

233 1883 298 1934 '28

231 2765 298 2817 '19

336 208 422 268 84
1117 201 1214 256 DE
1251 200 1554 256 OFFICIIS

334 367 487 432 lerit
539 365 950 428 tributorum.
1042 363 1135 428 At
1187 363 1293 428 hic
1348 363 1512 428 nihil
1569 364 1831 429 domum
1885 385 2071 429 suam
2128 364 2353 430 intulit

335 458 594 539 praeter
659 452 1037 516 memoriam
1100 452 1382 516 nominis
1457 453 1936 537 sempiternam.
2043 450 2348 519 Imitatus

334 547 586 627 patrem
626 541 972 606 Africanus
1010 540 1215 604 nihilo
1255 541 1643 624 locupletior
1672 538 2069 627 Carthagine
2106 563 2348 607 eversa.

336 630 545 706 Quid?
603 630 712 713 qui
759 629 894 692 eius
942 629 1195 714 collega
1237 627 1364 692 fuit
1408 629 1477 692 in
1523 650 1820 712 censura,
1865 629 1934 693 L.
1980 628 2349 715 Mummius,

335 718 646 802 numquid
691 717 1037 801 copiosior,
1094 738 1237 781 cum
1293 717 1808 801 copiosissimam
1863 718 2088 782 urbem
2141 717 2349 782 fundi·
2402 733 2430 774 ⁵

337 813 443 872 tus
498 805 914 871 sustulisset?
1002 804 1264 869 Italiam
1323 827 1552 869 ornare
1608 827 1803 889 quam
1855 805 2116 870 domum
2164 828 2348 872 suam

337 895 593 979 maluit3
634 915 1023 978 quamquam
1051 891 1249 958 Italia
1286 899 1518 957 ornata
1553 893 1779 958 domus
1817 895 1962 977 ipsa
1990 894 2149 959 mihi
2182 896 2349 960 vide·

338 989 445 1049 tur
499 983 806 1048 ornatior.
895 981 1168 1047 Nullum
1223 982 1426 1066 igitur
1481 982 1708 1046 vitium
1765 982 2038 1046 taetrius
2094 987 2220 1065 est,
2274 989 2350 1048 ut

337 1094 431 1156 e0,
476 1072 642 1136 unde
690 1093 951 1156 egressa
988 1075 1104 1153 est,
1152 1069 1392 1135 referat
1437 1092 1505 1134 se
1546 1071 1774 1152 orati0‚
1824 1092 2017 1155 quam
2055 1072 2347 1155 avaritia,

336 1160 720 1245 praesertim
764 1160 834 1222 in
878 1159 1275 1244 principibus
1324 1162 1390 1222 et
1435 1179 1568 1223 rem
1617 1159 1942 1243 publicam
1989 1160 2347 1245 gubernan·
2375 1176 2429 1215 ιο

336 1250 530 1313 tibus
602 1247 860 1312 Habere
907 1248 1077 1311 enim
1116 1247 1413 1330 quaestui
1450 1268 1586 1311 rem
1623 1247 1951 1330 publicam
1987 1269 2117 1312 non
2156 1249 2346 1314 modo

336 1342 526 1422 turpe
572 1341 703 1420 est,
748 1336 858 1400 sed
906 1336 1288 1400 sceleratum
1335 1335 1535 1399 etiam
1581 1338 1648 1398 et
1690 1334 2028 1399 nefarium.
2099 1335 2347 1420 Itaque,

339 1426 508 1511 quod
562 1424 804 1509 Apollo
850 1422 1124 1507 Pythius
1182 1424 1469 1487 oraclum
1526 1422 1752 1506 edidit,
1805 1420 2110 1506 Spartam
2163 1426 2348 1489 nulla

336 1538 405 1579 re
461 1514 591 1579 alia
645 1513 771 1576 nisi
824 1512 1101 1576 avaritia
1156 1532 1295 1575 esse
1351 1511 1734 1595 perituram,
1789 1511 1855 1574 id
1910 1511 2164 1576 videtur
2215 1535 2347 1578 non

336 1604 547 1668 solum
606 1600 1157 1684 LacedaemoniiS,
1222 1598 1334 1663 sed
1397 1599 1595 1663 etiam
1659 1599 1956 1664 omnibus
2021 1602 2345 1686 opulentis
2376 1616 2429 1658 ¹⁸

336 1690 593 1776 populis
649 1687 1060 1774 praedixisse.
1148 1685 1354 1751 Nulla
1408 1691 1626 1752 autem
1680 1709 1750 1751 re
1805 1689 2146 1753 conciliare
2192 1690 2345 1754 faci-

335 1780 461 1843 lius
510 1776 1013 1842 benivolentiam
1050 1775 1487 1840 multitudinis
1523 1779 1800 1859 possunt
1844 1776 1910 1859 ii,
1958 1777 2067 1861 qui
2103 1777 2197 1841 rei
2234 1801 2346 1862 pu-

338 1867 545 1931 blicae
590 1867 917 1950 praesunt,
964 1885 1159 1947 quam
1204 1864 1601 1928 abstinentia
1638 1867 1705 1929 et
1738 1827 2152 1930 continentia.
2222 1864 2346 1941 Qui

335 1976 487 2020 vero
527 1977 595 2019 se
631 1953 977 2038 populares
1014 1953 1244 2019 volunt
1285 1952 1368 2017 ob
1408 1975 1675 2037 eamque
1712 1975 1974 2018 causam
2012 1959 2126 2019 aut
2162 1977 2346 2041 agra-

336 2044 501 2108 riam
537 2064 675 2107 rem
711 2045 1056 2126 temptant,
1091 2045 1167 2107 ut
1202 2062 1610 2126 possessores
1646 2042 1975 2126 pellantur
2013 2043 2146 2107 suis
2185 2043 2345 2108 sedi·
2373 2060 2428 2100 20

335 2133 484 2216 bus,
547 2135 663 2195 aut
726 2130 1030 2215 pecunias
1093 2129 1370 2195 creditas
1436 2129 1836 2194 debitoribus
1891 2131 2345 2196 condonandas

334 2224 596 2305 putant,
649 2218 1047 2284 labefactant
1096 2218 1518 2283 fundamenta
1571 2218 1665 2283 rei
1709 2218 2032 2304 publicae,
2090 2241 2345 2285 concor·

337 2310 507 2374 diam
553 2308 860 2393 primum,
917 2328 1080 2391 quae
1134 2328 1275 2372 esse
1330 2328 1462 2378 non
1513 2310 1757 2407 potest,
1811 2328 1956 2372 cum
2013 2307 2159 2373 aliis
2215 2308 2345 2373 adi·

336 2401 615 2480 muntur,
652 2397 798 2462 aliis
835 2396 1280 2461 condonantur
1313 2395 1639 2479 pecuniae,
1678 2395 1903 2459 deinde
1931 2397 2345 2482 aequitatem,

336 2508 498 2569 quae
543 2485 802 2550 tollitur
847 2484 1076 2567 omnis,
1122 2484 1178 2547 si
1220 2482 1462 2547 habere
1509 2504 1696 2547 suum
1741 2484 1969 2568 cuique
2004 2506 2137 2550 non
2171 2484 2343 2551 licet.
2373 2500 2428 2543 ²⁵

334 2574 409 2637 Id
454 2573 626 2637 enim
672 2576 772 2637 est
815 2571 1177 2656 proprium,
1231 2574 1307 2635 ut
1352 2592 1549 2655 supra
1594 2571 1750 2655 dixi,
1809 2572 2093 2637 civitatis
2149 2578 2346 2659 atque

335 2662 542 2742 urbis,
586 2665 661 2725 ut
707 2660 794 2725 sit
838 2659 1045 2724 libera
1090 2663 1157 2723 et
1199 2681 1330 2723 non
1376 2659 1658 2724 sollicita
1702 2681 1855 2725 suae
1900 2661 1995 2725 rei
2041 2662 2346 2747 cuiusque

335 2748 643 2814 custodia.
708 2747 923 2831 Atque
958 2748 1027 2810 in
1062 2747 1185 2812 hac
1229 2747 1509 2832 pernicie
1555 2747 1649 2811 rei
1692 2748 1991 2832 publicae
2035 2772 2114 2815 ne
2158 2751 2345 2816 illam

336 2837 594 2922 quidem
656 2839 1160 2920 consequuntur,
1225 2857 1420 2919 quam
1482 2839 1742 2920 putant,
1811 2838 2119 2923 gratiam3
2189 2861 2343 2903 nam

335 2925 437 2992 cui
482 2946 584 2990 res
632 2928 855 3009 erepta
899 2928 1026 3007 est,
1081 2927 1181 2988 est
1224 2923 1553 3007 inimicuS,
1607 2924 1710 2990 cui
1755 2924 1908 2990 data
1963 2931 2089 3010 est,
2145 2926 2344 2993 etiam
2373 2943 2428 2986 ³0

336 3014 705 3079 dissimulat
750 3034 818 3077 se
864 3012 1152 3097 accipere
1197 3012 1480 3077 voluisse
1527 3016 1594 3077 et
1639 3014 1915 3079 maxime
1951 3015 2019 3078 in
2054 3016 2343 3100 pecuniis

335 3102 594 3169 creditis
625 3102 908 3168 occultat
945 3123 1131 3166 suum
1168 3100 1494 3187 gaudium,
1529 3123 1611 3165 ne
1648 3102 1944 3167 videatur
1976 3125 2107 3168 non
2142 3104 2344 3169 fuisse

336 3190 673 3273 solvend03
718 3194 789 3255 at
831 3212 984 3255 vero
1031 3189 1163 3273 ille,
1208 3189 1320 3273 qui
1367 3189 1615 3274 accepit
1658 3190 1976 3274 iniuriam,
2022 3196 2089 3256 et
2124 3193 2344 3257 memi-

334 3280 433 3344 nit
478 3283 544 3343 et
588 3300 742 3363 prae
789 3299 858 3343 se
900 3277 1029 3342 fert
1074 3277 1364 3342 dolorem
1409 3299 1614 3362 suum,
1659 3300 1792 3363 nec,
1839 3279 1895 3343 si
1934 3281 2154 3364 plures
2192 3284 2344 3346 sunt

333 3367 399 3449 ii,
446 3366 677 3449 quibus
711 3366 985 3451 inprobe
1023 3366 1245 3430 datum
1284 3375 1401 3449 est,
1440 3388 1634 3449 quam
1671 3367 1789 3450 illi,
1834 3367 2065 3451 quibus
2101 3368 2344 3434 iniuste
2374 3384 2426 3427 ³⁸

335 3452 707 3537 ademptum
754 3458 879 3538 est,
932 3454 1168 3519 idcirco
1221 3454 1371 3538 plus
1427 3454 1624 3518 etiam
1678 3455 1928 3538 valent3
1984 3478 2117 3521 non
2171 3458 2344 3521 enim

334 3561 599 3604 numero
655 3540 814 3605 haec
866 3541 1257 3622 iudicantur,
1317 3544 1430 3605 sed
1482 3542 1779 3626 pondere.
1871 3542 2077 3618 Quam
2125 3549 2343 3610 autem
