2630 3913
241 224 242 227 ¹
336 187 461 252 108
1124 186 1220 241 DE
1259 184 1557 240 OFFICIIS

231 320 314 382 14

229 397 295 446 58

467 347 710 424 Quodsi
763 348 1199 432 vituperandi,
1264 348 1375 431 qui
1439 347 1861 431 reticuerunt,
1926 348 2079 431 quid
2133 348 2211 413 de
2265 349 2349 414 iis

334 437 832 501 existimandum
896 440 1022 520 est,
1086 437 1194 520 qui
1261 435 1574 501 orationis
1631 436 1990 502 vanitatem
2045 437 2351 501 adhibue-

206 548 210 553 ·
332 526 528 590 runt?
619 523 687 590 O.
742 523 1009 608 Canius,
1073 546 1265 608 eques
1323 523 1680 608 Romanus,
1735 545 1854 589 nec
1907 524 2225 590 infacetus
2283 531 2352 590 et

231 1952 298 2003 59

223 3276 290 3327 60

335 614 495 678 satis
559 613 916 696 litteratus,
979 635 1121 677 cum
1187 634 1255 677 se
1319 610 1669 695 Syracusas
1731 613 2005 697 otiandi,
2070 617 2146 679 ut
2207 613 2349 698 ipse

336 703 542 767 dicere
589 701 858 784 solebat,
903 723 1034 766 non
1077 701 1455 787 negotiandi
1492 722 1686 765 causa
1723 702 2124 785 contulisset,
2170 702 2349 766 dicti·
2411 720 2441 760 s

333 791 523 854 tabat
577 811 645 854 se
699 753 996 854 hort’ulos
1052 789 1303 872 aliquos
1360 811 1570 854 emere
1624 789 1821 873 velle,
1887 811 2013 873 quo
2072 791 2351 854 invitare

336 878 576 943 amicos
615 880 681 941 et
716 877 831 941 ubi
864 899 931 942 se
961 878 1285 942 oblectare
1315 877 1454 942 sine
1481 877 2082 963 interpellatoribus
2110 883 2351 963 posset.

336 965 521 1042 Quod
548 988 692 1031 cum
720 966 1243 1050 percrebruisset,
1275 965 1550 1049 Pythius
1580 966 1638 1030 ei
1668 966 1948 1050 quidam,
1986 967 2097 1051 qui
2125 988 2352 1053 argen-

335 1054 572 1120 tariam
608 1054 850 1119 faceret
877 1051 1231 1138 SyracusiS,
1267 1055 1528 1119 venales
1568 1054 1823 1138 quidem
1862 1076 1931 1119 se
1963 1055 2190 1120 hortos
2218 1077 2352 1121 non

336 1143 592 1226 habere,
630 1143 741 1207 sed
778 1143 969 1208 licere
1006 1142 1104 1207 uti
1141 1141 1363 1227 Canio,
1401 1143 1455 1206 si
1491 1143 1707 1226 vellet,
1745 1146 1821 1206 ut
1857 1143 2011 1227 suis,
2048 1148 2116 1208 et
2151 1144 2347 1208 simul
2381 1163 2437 1203 ιο

337 1233 419 1297 ad
473 1253 696 1296 cenam
750 1231 1077 1296 hominem
1131 1231 1202 1295 in
1253 1231 1481 1296 hortos
1535 1193 1841 1296 invitavit
1892 1230 1961 1295 in
2015 1236 2350 1316 posterum

338 1321 525 1385 diem.
615 1318 777 1385 Cum
822 1320 936 1384 ille
980 1319 1415 1404 promisisset,
1469 1324 1610 1384 tum
1654 1319 1956 1405 Pythius,
2012 1321 2123 1404 qui
2179 1325 2352 1385 esset

335 1413 410 1473 ut
465 1409 872 1495 argentarius
928 1408 1098 1492 apud
1153 1429 1375 1473 omnes
1430 1408 1686 1473 ordines
1733 1409 2088 1493 gratiosus,
2145 1409 2350 1493 pisca-

335 1502 511 1563 tores
559 1496 640 1561 ad
687 1518 754 1561 se
800 1496 1178 1561 convocavit
1224 1501 1289 1560 et
1336 1496 1418 1560 ab
1465 1496 1545 1560 iis
1590 1496 1843 1580 petivit,
1888 1500 1961 1559 ut
2008 1500 2158 1561 ante
2196 1519 2348 1562 suos

335 1585 635 1651 hortulos
680 1584 991 1669 postridie
1035 1584 1467 1670 piscarentur,
1522 1584 1837 1668 dixitque,
1893 1585 2046 1668 quid
2101 1606 2211 1650 eos
2257 1585 2348 1650 fa·
2379 1603 2434 1644 1⁵

337 1695 479 1739 cere
524 1673 737 1738 vellet.
810 1672 915 1735 Ad
960 1694 1184 1737 cenam
1229 1672 1511 1757 tempori
1554 1672 1733 1736 venit
1770 1671 2036 1757 Canius3
2082 1673 2350 1759 opipare

338 1785 376 1826 a
403 1760 642 1845 Pythio
682 1761 1065 1846 adparatum
1102 1761 1487 1844 convivium,
1524 1761 1900 1826 cumbarum
1938 1765 2088 1825 ante
2127 1763 2348 1827 oculos

337 1848 713 1932 multitud03
774 1870 892 1933 pro
950 1870 1017 1912 se
1074 1849 1373 1932 quisque,
1428 1849 1600 1933 quod
1654 1853 1938 1934 ceperat,
1995 1849 2349 1934 adferebat,

334 1942 485 2003 ante
538 1937 732 2023 pedes
785 1935 983 2021 Pythi
1036 1937 1245 2023 pisces
1306 1937 1768 2003 abiciebantur.
1855 1937 2021 2003 Tum
2077 1937 2345 2013 Canius:

338 2025 717 2110 ‘Quaeso',
751 2025 981 2109 inquit,
1019 2024 1231 2109 ‘quid
1268 2031 1387 2091 est
1422 2027 1587 2110 hoc,
1624 2026 1901 2110 Pythi?
1947 2032 2346 2093 tantumne
2374 2046 2440 2087 20⁴

335 2114 702 2200 piscium?
749 2118 1147 2178 tantumne
1194 2115 1708 2180 cumbarum?'
1798 2115 1888 2180 Et
1932 2117 2072 2180 ille:
2120 2115 2346 2191 ‘Quid

336 2201 701 2286 mirum?’,
757 2203 997 2305 inquit,
1052 2202 1223 2268 ‘hoc
1267 2205 1438 2269 loco
1486 2207 1631 2287 est,
1686 2201 2090 2287 Syracusis
2139 2206 2344 2289 quic-

336 2292 515 2376 quid
570 2295 688 2356 est
740 2291 1094 2377 piscium,
1158 2291 1281 2357 hic
1339 2293 1681 2377 aquatio,
1744 2292 1883 2357 hac
1945 2292 2143 2357 villa
2204 2294 2345 2357 isti

335 2403 595 2447 carere
655 2402 806 2446 non
869 2380 1233 2465 possunt?
1325 2380 1630 2445 Incensus
1687 2378 1924 2445 Canius
1990 2382 2343 2467 cupiditate

334 2468 664 2535 contendit
709 2491 748 2533 a
790 2467 1056 2552 Pythio,
1110 2473 1185 2534 ut
1238 2466 1569 2553 venderet3
1624 2474 1892 2555 gravate
1945 2469 2060 2533 ille
2101 2470 2345 2555 prim03
2371 2488 2427 2530 2⁵

334 2559 487 2643 quid
540 2557 792 2622 multa?
845 2557 1172 2641 impetrat.
1260 2556 1443 2621 Emit
1494 2557 1689 2623 homo
1749 2557 2017 2642 cupidus
2063 2562 2129 2623 et
2174 2560 2344 2624 locu-

332 2647 473 2731 ples
520 2645 713 2728 tanti,
770 2645 995 2728 quanti
1039 2643 1313 2728 Pythius
1359 2645 1595 2729 voluit,
1652 2649 1718 2710 et
1763 2646 1919 2710 emit
1963 2646 2343 2731 instructos3

331 2733 597 2798 nomina
649 2732 834 2815 facit,
891 2733 1228 2818 negotium
1284 2733 1558 2798 conficit.
1648 2733 1895 2799 Invitat
1940 2732 2178 2799 Canius
2232 2758 2342 2821 po·

333 2821 557 2887 stridie
608 2820 965 2885 familiares
1021 2842 1200 2905 suos,
1252 2822 1431 2886 venit
1483 2822 1623 2907 ipse
1686 2827 1963 2923 mature3
2029 2825 2342 2889 scalmum

329 2910 585 2976 nullum
628 2909 828 2993 videt,
884 2910 1136 2994 quaerit
1183 2931 1259 2973 ex
1303 2910 1598 2995 proximo
1643 2911 1882 2995 vicino,
1940 2933 2095 2976 num
2140 2911 2341 2977 feriae
2369 2932 2426 2971 so

331 2999 646 3083 quaedam
690 2998 1087 3083 piscatorum
1136 3002 1377 3081 essent,
1439 2998 1609 3082 quod
1656 3021 1765 3064 eos
1809 2999 2028 3065 nullos
2074 3000 2340 3066 videret.

331 3087 671 3171 ‘Nullae,
735 3087 933 3171 quod
988 3086 1273 3170 sciam',
1336 3087 1575 3171 inquit3
1639 3086 1802 3152 ‘sed
1862 3087 1986 3153 hic
2048 3088 2342 3173 piscari

326 3176 529 3241 nulli
593 3175 876 3259 solent3
938 3175 1192 3259 itaque
1255 3176 1422 3239 heri
1486 3176 1849 3260 mirabar,
1913 3176 2095 3260 quid
2148 3177 2341 3242 acci-

328 3262 614 3329 disset?
707 3261 1112 3329 Stomachari
1157 3262 1425 3347 Canius3
1479 3264 1593 3328 sed
1638 3264 1792 3348 quid
1845 3264 2130 3330 faceret?
2182 3286 2340 3331 non-

328 3352 479 3416 dum
545 3351 715 3416 enim
772 3350 840 3417 C.
894 3351 1224 3437 Aquilius,
1288 3352 1543 3437 collega
1606 3356 1672 3417 et
1732 3352 2076 3418 familiaris
2140 3375 2339 3438 meus,
2367 3371 2420 3413 ³⁵

327 3439 690 3522 protulerat
728 3440 804 3504 de
842 3440 991 3506 dolo
1025 3440 1198 3506 malo
1233 3439 1581 3524 formulas3
1614 3440 1684 3505 in
1712 3442 1944 3524 quibus
1971 3441 2150 3526 ipsis,
2193 3465 2338 3507 cum

326 3546 405 3588 ex
434 3545 509 3590 eo
539 3531 969 3611 quaereretur,
1007 3528 1159 3613 quid
1188 3531 1361 3592 esset
1396 3528 1582 3593 dolus
1612 3530 1842 3613 malus,
1877 3531 2337 3613 respondebat:
