2630 3913
1000 188 1042 253 1,
1079 185 1147 241 11.
1203 192 1233 252 ς)
1273 193 1494 240 10-16.
2091 183 2094 190 '
2135 187 2262 251 201

232 370 390 412 »ιιιιιι
439 347 732 431 alicuius,
778 348 890 431 qui
936 349 1314 413 marmoreis
1363 349 1553 413 tectis
1601 349 1793 412 ebore
1841 353 1908 412 et
1953 369 2108 413 auro
2145 348 2266 420 ful-

250 436 583 522 gentibus,
630 435 738 519 qui
788 436 1021 521 signiS,
1067 437 1178 520 qui
1222 437 1497 521 tabuliS,
1544 437 1654 520 qui
1701 437 1949 502 caelato
1997 458 2154 501 auro
2203 441 2269 500 et

250 528 540 610 argentO,
588 523 700 608 qui
746 487 1103 589 Corintliiis
1152 525 1455 609 operibus
1502 524 1860 607 abundant,
1906 545 1990 589 an
2036 522 2105 590 O.
2150 522 2266 588 Fa·

249 612 438 696 brici,
505 610 616 696 qui
669 611 835 676 nihil
890 613 1123 677 habuit
1188 635 1438 696 eorum,
1514 613 1679 677 nihil
1743 613 1982 678 habere
2042 613 2267 697 voluit,

104 706 109 714 '
195 718 221 758 ⁶
251 700 497 772 similes
543 701 795 766 malint.
878 701 1096 785 Atque
1143 702 1301 767 haec
1350 665 1624 785 qtiidem,
1677 723 1842 785 quae
1887 701 2078 766 modo
2125 701 2268 784 huc,

250 788 441 855 modo
496 789 655 855 illuc
707 789 1217 873 transferuntur,
1274 789 1467 855 facile
1522 790 1751 855 adduci
1806 791 2017 855 solent
2071 794 2146 854 ut
2199 790 2268 853 in

251 878 439 943 bonis
483 877 678 942 rebus
725 898 865 942 esse
900 883 1159 963 negent,
1204 878 1369 942 illud
1407 882 1546 942 arte
1584 883 1809 942 tenent
1846 882 2268 961 accurateque

251 964 626 1044 defendunt,
699 966 1104 1051 voluptatem
1171 988 1310 1031 esse
1376 988 1697 1031 summum
1762 967 2031 1050 bonum3
2105 988 2268 1050 quae

252 1053 510 1144 quidem
547 1015 710 1119 m'ihi
744 1076 872 1119 vox
908 1054 1221 1139 pecudum
1258 1054 1514 1119 videtur
1551 1076 1709 1137 esse,
1746 1076 1878 1120 non
1913 1055 2267 1123 hominum.

172 1162 223 1201 ιο
251 1131 382 1227 Τιι,
403 1164 550 1207 cum
586 1141 711 1207 tibi
748 1143 884 1207 sive
924 1142 1077 1207 deus
1107 1143 1243 1207 sive
1281 1149 1508 1226 mater,
1544 1147 1620 1207 ut
1654 1143 1751 1207 ita
1788 1143 2015 1226 dicam,
2053 1165 2267 1207 rerum

253 1231 539 1296 omnium
585 1233 823 1296 natura
869 1230 1118 1295 dederit
1165 1231 1482 1332 animum,
1541 1252 1668 1315 quo
1722 1230 1886 1295 nihil
1943 1237 2043 1296 est
2089 1253 2270 1315 prae-

255 1319 535 1383 stantius
581 1340 786 1403 neque
833 1318 1131 1402 divinius,
1176 1320 1267 1384 sic
1313 1325 1379 1384 te
1425 1320 1564 1403 ipse
1612 1318 1848 1385 abicies
1893 1324 2088 1403 atque
2125 1341 2269 1404 pro-

256 1412 523 1490 sterneS,
567 1410 642 1471 ut
685 1407 869 1472 nihil‘
895 1408 1067 1471 inter
1111 1412 1177 1472 te
1220 1412 1415 1491 atque
1451 1408 1623 1472 inter
1660 1407 2118 1492 quadripedem
2156 1407 2270 1470 ali-

257 1517 451 1579 quam
503 1499 692 1580 putes
746 1496 1104 1561 interesse?
1195 1494 1552 1580 Quicquam
1607 1496 1849 1561 bonum
1906 1500 2006 1560 est
2021 1547 2037 1577 ,
2099 1495 2270 1579 quod

177 1602 227 1642 ιο
258 1606 389 1648 ιιοιι
435 1605 606 1668 eum,
653 1583 763 1668 qui
807 1584 874 1648 id
920 1583 1237 1669 possidet,
1282 1583 1618 1650 meliorem
1661 1583 1867 1649 facit‘?
1959 1583 2051 1649 Ut
2098 1584 2270 1648 enim

117 1715 122 1720 -
256 1676 356 1737 est
418 1672 688 1757 quisque
752 1673 1029 1738 maxime
1094 1673 1247 1738 boni
1310 1673 1667 1758 particeps,
1720 1673 1818 1737 ita
1886 1677 1988 1738 est
2052 1672 2269 1737 lauda-

253 1761 406 1826 bilis
462 1761 766 1844 maxime3
824 1782 1031 1844 neque
1085 1765 1185 1826 est
1240 1762 1447 1826 ullum
1501 1762 1771 1845 bonum,
1826 1761 1904 1825 de
1959 1782 2085 1844 quo
2109 1797 2112 1798 ν
2140 1782 2270 1825 ιιοιι

254 1851 328 1934 is,
374 1849 485 1933 qui
521 1849 587 1913 id
624 1849 883 1931 habeat,
928 1850 1200 1915 honeste
1236 1850 1451 1934 possit
1488 1850 1777 1935 gloriari.
1848 1847 2014 1923 Quid
2052 1853 2270 1913 autem

255 1941 356 2004 est
390 1937 679 2004 horum
660 1960 729 2002 m
765 1938 1156 2040 voluptate‘P·
1195 1938 1611 2005 melioremne
1649 1937 1848 2004 efficit
1895 1943 2008 2003 aut
2054 1937 2269 2003 lauda-

138 2064 143 2069 «
175 2046 226 2085 20
255 2027 555 2091 biliorem
598 2026 854 2092 virum?
911 2049 994 2092 an
1052 2027 1394 2111 quisquam
1439 2028 1508 2091 in
1551 2026 1876 2113 potiendis
1921 2028 2271 2112 voluptati-

257 2115 378 2179 bus
434 2112 773 2199 gloriando
830 2136 898 2179 se
952 2119 1020 2180 et
1076 2114 1554 2199 praedicatione
1619 2115 1863 2181 ecfert?
1953 2116 2160 2199 Atqu1
2216 2117 2270 2180 si

258 2202 589 2285 voluptas,
643 2223 807 2285 quae
861 2202 1289 2287 plurimorum
1335 2204 1713 2288 patrociniis
1760 2203 2151 2288 defenditur,
2204 2205 2270 2268 in

259 2289 450 2354 rebus
496 2289 684 2354 bonis
730 2289 1026 2355 habenda
1069 2312 1201 2356 non
1237 2295 1365 2373 est,
1408 2313 1608 2375 eaque
1647 2314 1774 2376 quo
1804 2295 1906 2356 est
1932 2293 2157 2375 maior,
2197 2314 2272 2357 eo

260 2378 471 2463 magis
517 2382 799 2442 mentem
845 2401 922 2444 ex
963 2401 1081 2444 sua
1116 2379 1265 2444 sede
1303 2384 1371 2444 et
1407 2384 1583 2445 statu
1619 2380 1935 2463 demovet,
1979 2379 2274 2465 profecto

178 2484 230 2526 ιε
256 2466 422 2531 nihil
478 2470 579 2531 est
633 2466 809 2531 aliud
864 2467 1026 2532 bene
1082 2471 1148 2532 et
1189 2468 1391 2532 beate
1447 2468 1663 2534 vivere
1716 2467 1845 2533 nisi
1888 2469 2160 2533 honeste
2206 2473 2274 2533 et

258 2558 431 2620 recte
477 2554 710 2620 vivere.

892 2750 1506 2817 PARADOXON
1551 2752 1635 2817 ΙΙ.

419 2853 560 2922 Ὅτι
605 2852 937 2942 αὐτάρκης
981 2852 1024 2940 ἡ
1072 2851 1273 2942 ἀρετὴ
1322 2854 1489 2940 πρὸς
1535 2854 1989 2941 εὐδαιμονίαν.

390 2997 527 3065 Nec
580 3021 734 3064 vero
781 3020 903 3084 ego
949 2998 1033 3062 M.
1079 2999 1403 3084 Regulum
1460 3018 1913 3064 aerumnosum
1957 3020 2074 3062 nec
2119 2998 2274 3062 infe-

179 3103 232 3143 ³0
259 3087 449 3153 licem
484 3109 601 3154 nec
637 3087 944 3152 miserum
981 3108 1288 3188 umquam
1325 3087 1570 3173 putavi.
1632 3086 1783 3152 Non
1819 3087 1992 3151 enim
2029 3088 2274 3171 magni-

258 3175 415 3241 tudo
471 3176 671 3240 animi
726 3175 1133 3242 cruciabatur
1189 3176 1325 3240 eius
1380 3199 1419 3241 a
1463 3175 1726 3258 Poenis,
1778 3197 1910 3241 non
1964 3174 2275 3261 gravitaS,

179 3350 182 3354 Δ
257 3285 388 3328 ιιοιι
432 3263 620 3347 fides,
664 3286 797 3329 non
842 3264 1238 3350 constantia,
1281 3286 1413 3330 non
1457 3265 1596 3329 ulla
1640 3264 1882 3346 virtus,
1926 3285 2058 3328 non
2104 3263 2274 3328 deni-
2371 3264 2401 3295 ’·

259 3374 381 3436 que
430 3352 681 3417 animus
726 3352 885 3437 ipse,
932 3353 1042 3436 qui
1086 3357 1191 3419 tot
1233 3353 1566 3417 virtutum·
1595 3352 1917 3437 praesidio
1961 3356 2273 3435 tantoque

259 3441 601 3519 comitatu,
655 3462 801 3505 cum
847 3462 1080 3526 corpus
1127 3442 1264 3506 eius
1311 3444 1681 3526 caperetur,
1726 3441 1871 3525 capi
1917 3444 2088 3505 certe
2134 3441 2274 3524 ipse

177 3545 229 3586 ⁸⁶
255 3550 388 3595 non
423 3529 656 3614 potuit.
730 3528 797 3621 C.
834 3551 988 3594 vero
1026 3529 1304 3594 Marium
1344 3529 1644 3611 vidimus,
1694 3530 1804 3611 qui
1850 3529 2009 3593 mihi
2058 3550 2275 3595 secun-

2311 719 2372 765 1⁴

2311 1569 2478 1650 ιε’

2316 3017 2379 3065 16
