2630 3913
195 387 263 434 20

197 1177 262 1227 21

230 1605 264 1667 7

200 2415 268 2462 22

203 3558 269 3604 23

302 206 432 270 220
1148 202 1467 257 TIMAEUS

432 367 612 431 Haec
658 366 812 430 deus
857 365 941 447 is,
997 364 1107 448 qui
1168 367 1335 446 erat,
1390 364 1466 428 de
1524 362 1871 448 aliquando
1915 363 2136 429 futuro
2193 365 2311 430 deo

303 455 598 542 cogitans
654 454 863 518 levem
916 414 1105 516 illum
1160 413 1371 516 effecit
1429 455 1495 516 et
1560 452 1841 536 undique
1905 452 2307 538 aequabilem

304 548 370 609 et
415 566 455 608 a
508 542 719 607 medio
775 541 857 606 ad
913 562 1236 605 summum
1303 561 1526 626 parem
1583 544 1650 604 et
1703 539 2062 626 perfectum
2117 545 2311 625 atque

304 632 677 697 absolutum
706 652 783 694 ex
810 628 1131 694 absolutis
1159 631 1356 713 atque
1382 627 1704 714 perfectis
1759 629 2066 694 Animum
2095 633 2312 694 autem

303 725 378 786 ut
430 720 501 784 in
562 740 637 784 eo
702 718 911 782 medio
977 716 1365 800 conlocavit,
1427 716 1525 782 ita
1576 738 1694 801 per
1745 720 1960 781 totum
2005 718 2312 802 tetendit3
2366 737 2395 776 5

304 807 530 873 deinde
573 828 719 872 eum
758 805 1174 871 circumdedit
1209 826 1475 889 corpore
1513 808 1579 869 et
1613 805 1879 870 vestivit
1918 806 2312 871 extrinsecus

305 895 611 980 caeloque
684 895 977 980 solivago
1044 897 1111 959 et
1173 893 1447 958 volubili
1512 896 1579 957 et
1638 893 1709 958 in
1754 894 1976 958 orbem
2041 894 2311 959 incitato

305 985 652 1068 conplexus
709 987 835 1066 est,
898 982 1071 1067 quod
1127 1003 1344 1047 secum
1395 982 1609 1066 ipsum
1670 985 1941 1067 propter
2003 982 2313 1048 virtutem

301 1073 493 1139 facile
539 1094 679 1137 esse
733 1074 955 1157 posset
1008 1092 1125 1135 nec
1184 1070 1576 1135 desideraret
1630 1070 1911 1135 alterum
1970 1071 2132 1136 satis
2186 1070 2313 1136 sibi

304 1162 520 1247 ipsum
564 1165 793 1225 notum
829 1164 894 1224 et
927 1159 1266 1224 familiare.
1331 1156 1435 1223 Sic
1468 1158 1623 1222 deus
1660 1158 1772 1223 ille
1809 1162 2107 1224 aeternus
2143 1159 2313 1225 huno
2341 1178 2392 1218 ιο

303 1250 587 1335 perfecte
632 1250 895 1313 beatum
943 1248 1131 1313 deum
1176 1247 1556 1332 procreavit.
1638 1244 1763 1311 Sed
1808 1247 2095 1312 animum
2140 1247 2313 1313 haud

304 1339 416 1422 ita,
462 1341 536 1402 ut
582 1337 772 1402 modo
820 1336 1020 1401 locuti
1066 1356 1312 1418 sumus,
1358 1338 1498 1400 tum
1545 1335 1843 1436 denique,
1889 1358 2035 1401 eum
2081 1357 2313 1421 corpus

305 1427 366 1491 ei
411 1426 745 1510 effecisset,
788 1424 1144 1507 inchoavit3
1201 1444 1408 1507 neque
1464 1424 1635 1487 enim
1691 1427 1861 1488 esset
1904 1428 2152 1489 rectum
2199 1424 2314 1488 mi·

305 1514 449 1580 nori
494 1535 721 1599 parere
766 1514 1104 1595 maiorem3
1149 1511 1262 1576 sed
1304 1532 1424 1576 nos
1471 1512 1679 1576 multa
1723 1512 2193 1577 inconsiderate
2239 1535 2313 1578 ac

307 1608 548 1668 temere
594 1602 881 1667 dicimuS.
961 1600 1136 1665 Deus
1182 1603 1399 1664 autem
1447 1602 1513 1663 et
1558 1604 1707 1664 ortu
1752 1604 1818 1664 et
1861 1601 2104 1665 virtute
2151 1601 2312 1666 anti·
2342 1619 2392 1659 15

306 1692 598 1776 quiorem
655 1689 879 1775 genuit
933 1689 1220 1752 animum
1275 1709 1548 1772 eumque
1600 1692 1677 1751 ut
1731 1688 2061 1753 dominum
2117 1693 2311 1773 atque

304 1781 749 1950 {2452333222
770 1776 1142 1930 2230333&
1162 1776 1774 1948 Pfissef÷2⁰³303ss312fi
1787 1776 2315 1949 ςῗέἒῗῃῗέἳῗέἓὲ

306 1961 406 2021 est
452 1960 518 2020 et
565 1976 727 2039 quae
774 1975 1027 2039 semper
1070 1953 1258 2018 unius
1306 1952 1482 2019 modi
1528 1953 1754 2037 suique
1800 1953 2060 2039 similis,
2116 1958 2181 2019 et
2235 1977 2311 2019 ex

306 2066 407 2126 ea,
454 2066 617 2128 quae
661 2043 729 2107 in
774 2042 1151 2126 corporibus
1198 2042 1459 2107 dividua
1505 2042 1822 2128 gignitur,
1867 2043 2136 2108 tertium
2180 2065 2311 2108 ma·
2340 2062 2394 2102 20

306 2132 507 2196 teriae
555 2153 756 2217 genus
804 2153 879 2195 ex
934 2130 1183 2195 duobus
1235 2131 1306 2195 in
1365 2130 1646 2195 medium
1710 2130 2076 2216 admiscuit,
2141 2131 2312 2216 quod

306 2224 479 2286 esset
524 2220 807 2285 eiusdem
861 2223 1130 2283 naturae
1186 2222 1253 2283 et
1307 2219 1478 2303 quod
1524 2218 1819 2302 alterius,
1873 2219 2064 2304 idque
2117 2219 2313 2284 inter·

305 2309 456 2374 iecit
499 2309 671 2373 inter
715 2308 1113 2373 individuum
1160 2311 1355 2392 atque
1399 2307 1493 2390 id,
1549 2308 1719 2391 quod
1766 2270 2093 2373 dividuum
2139 2312 2311 2373 esset

308 2397 379 2462 in
423 2419 706 2482 corpore.
760 2396 860 2461 Ea
905 2417 1049 2461 cum
1094 2396 1225 2460 tria
1261 2395 1662 2480 sumpsisset,
1696 2396 1767 2460 in
1802 2418 1995 2461 unam
2032 2396 2312 2481 speciem

305 2485 695 2587 temperavit
738 2489 1165 2569 naturamque
1208 2483 1421 2567 illam,
1468 2506 1662 2567 quam
1709 2484 1975 2549 alterius
2016 2485 2310 2568 diximuS,
2339 2503 2393 2543 25

305 2574 371 2639 vi
417 2596 560 2639 cum
608 2574 829 2638 eadem
876 2572 1207 2638 coniunxit
1257 2571 1618 2658 fugientem
1665 2576 1731 2636 et
1777 2572 1912 2637 eius
1958 2573 2312 2658 copulatio-

305 2662 408 2726 nis
464 2662 766 2744 alienam3
831 2683 994 2745 quae
1056 2660 1446 2750 permiscens
1502 2682 1646 2725 cum
1700 2661 1975 2725 materia
2034 2683 2180 2726 cum
2234 2683 2311 2726 ex

306 2750 516 2815 tribus
564 2749 880 2814 effecisset
923 2771 1149 2831 unum,
1202 2748 1270 2812 id
1312 2749 1532 2849 ipsum
1582 2748 1653 2813 in
1697 2771 1799 2832 ea,
1858 2771 2022 2834 quae
2085 2750 2312 2833 decuit,

306 2838 598 2903 membra
642 2837 923 2922 partitus
969 2841 1085 2902 est.
1173 2836 1318 2901 Iam
1362 2836 1571 2921 partis
1618 2837 1911 2938 singulas
1957 2860 2033 2902 ex
2089 2839 2312 2903 eodem

307 2931 373 2992 et
420 2949 495 2991 ex
542 2927 750 2991 altero
811 2930 878 2990 et
936 2947 1012 2991 ex
1066 2925 1343 2990 materia
1393 2926 1799 3010 temperavit.
1888 2925 2040 2991 Fuit
2095 2931 2311 2992 autem
2341 2944 2394 2984 ³0

306 3015 461 3081 talis
505 3015 624 3080 illa
668 3014 964 3100 partitio:
1018 3036 1213 3079 unam
1258 3013 1576 3098 principio
1622 3018 1876 3098 partem
1918 3014 2201 3080 detraxit
2237 3037 2313 3080 ex

306 3108 476 3185 toto,
523 3103 866 3169 secundam
914 3106 1130 3167 autem
1176 3102 1425 3187 pri'mae
1479 3102 1685 3186 partis
1742 3102 2034 3188 duplam,
2088 3103 2314 3168 deinde

306 3192 589 3275 tertiam,
620 3213 783 3276 quae
811 3195 983 3256 esset
1012 3190 1325 3256 secundae
1354 3190 1797 3275 sesquialtera,
1821 3191 2069 3275 primae
2095 3191 2315 3276 tripla,

308 3280 533 3345 deinde
580 3283 876 3364 quartam
891 3330 908 3363 ,
954 3301 1117 3364 quae
1164 3279 1478 3344 secundae
1525 3279 1723 3364 dupla
1768 3283 1970 3363 esset,
2021 3280 2316 3365 quintam

306 3368 471 3450 inde,
516 3389 679 3452 quae
715 3368 948 3432 tertiae
986 3368 1205 3453 tripla,
1240 3371 1382 3432 tum
1412 3371 1661 3432 sextam
1690 3368 2019 3452 octuplam
2048 3368 2313 3453 primae,
2343 3386 2396 3427 85

308 3459 636 3537 postremo
684 3456 1054 3541 septimam,
1111 3477 1273 3540 quae
1329 3461 1577 3541 septem
1624 3460 1690 3520 et
1733 3456 1973 3542 viginti
2014 3457 2314 3540 partibus

311 3543 713 3607 antecederet
770 3544 1034 3627 primae.
1124 3543 1371 3608 Deinde
1421 3544 1708 3609 instituit
1753 3544 1950 3629 dupla
1995 3547 2060 3608 et
2112 3544 2316 3628 tripla
