2630 3913
730 200 867 257 LIB.
904 201 974 256 II.
1049 201 1200 257 CAP.
1240 208 1468 256 20-22.
1541 208 1572 268 ὃ
1611 209 1833 259 71-76.
2198 203 2284 268 83

266 364 840 449 congregabantur
888 364 1212 448 homineS,
1265 368 1487 429 tamen
1533 385 1648 449 spe
1693 365 2024 431 custodiae
2067 386 2285 431 rerum

268 474 532 518 suarum
591 452 851 517 urbium
911 452 1237 537 praesidia
1292 452 1707 536 quaerebant.
1797 453 2031 518 Danda
2083 454 2283 520 etiam

268 562 469 627 opera
512 545 634 623 est,
676 562 778 623 ne,
823 540 995 624 quod
1032 541 1202 625 apud
1241 541 1518 606 maiores
1555 545 1816 606 nostros
1853 564 2048 627 saepe
2082 542 2283 608 fiebat

2320 472 2389 522 'u

267 632 538 714 propter
592 629 828 693 aerarii
882 629 1268 694 tenuitatem
1324 628 1897 713 assiduitatemque
1943 566 2283 714 bPenomm,
2368 661 2376 668 ·

215 736 241 776 5
268 717 591 782 tributum
646 717 734 782 sit
786 716 1274 802 conferendum,
1338 717 1530 801 idque
1588 739 1669 782 ne
1725 719 2009 803 eveniat,
2072 720 2282 784 multo

270 810 421 872 ante
486 805 611 870 erit
682 805 1165 890 providendum.
1269 803 1385 871 Sin
1448 828 1612 890 quae
1675 808 2028 872 necessitas
2091 808 2281 872 huius

269 893 554 959 muneris
584 892 779 958 alicui
807 893 904 959 rei
932 893 1231 977 publicae
1262 893 1600 959 obvenerit
1638 891 1843 978 (malo
1878 896 2049 960 enim
2087 918 2283 979 quam

267 987 532 1048 nostrae
579 981 883 1065 ominari3
927 1003 1134 1065 neque
1180 985 1404 1047 tamen
1439 983 1517 1047 de
1552 986 1794 1066 nostra,
1842 984 1953 1048 sed
1991 984 2068 1048 de
2106 985 2283 1049 omni

269 1093 339 1135 re
383 1069 646 1155 publica
690 1069 998 1156 disputo),
1045 1070 1256 1135 danda
1303 1070 1428 1135 erit
1469 1091 1683 1154 opera,
1728 1075 1802 1135 ut
1838 1094 2060 1137 omnes
2095 1073 2282 1137 intel-

189 1179 240 1218 ιο
270 1160 515 1244 legant,
560 1158 618 1223 si
663 1158 831 1222 salvi
877 1179 1017 1224 esse
1056 1159 1278 1241 velint,
1322 1159 1696 1223 necessitati
1733 1180 1872 1225 esse
1909 1161 2281 1244 parendum.

268 1247 488 1330 Atque
535 1246 733 1311 etiam
781 1267 1032 1330 omnes,
1086 1247 1197 1330 qui
1252 1267 1391 1311 rem
1434 1247 1762 1331 publicam
1809 1248 2283 1333 gubernabunt,

270 1335 603 1399 consulere
651 1335 1003 1416 debebunt,
1057 1339 1131 1399 ut
1179 1357 1398 1399 earum
1445 1356 1660 1399 rerum
1706 1337 1893 1420 copia
1949 1336 2061 1419 sit,
2119 1359 2282 1420 quae

271 1426 425 1487 sunt
467 1423 887 1488 necessariae.
960 1421 1245 1497 Quarum
1293 1423 1504 1506 qualis
1550 1424 1949 1508 comparatio
1996 1425 2138 1488 fieri
2184 1446 2281 1490 so-

270 1512 405 1577 leat
450 1514 516 1576 et
561 1511 810 1595 debeat,
853 1532 986 1577 non
1031 1516 1132 1576 est
1165 1532 1425 1577 necesse
1462 1511 1818 1596 disputare3
1865 1516 1966 1576 est
2007 1513 2177 1577 enim
2213 1513 2282 1578 in

187 1621 237 1659 ¹⁵
266 1598 2281 1790 {353⁰tssffinssssffcssssffissssffissqggffessmssussssff‘pfflffff

269 1781 341 1842 ut
370 1775 684 1841 avaritiae
711 1775 996 1860 pellatur
1023 1776 1220 1841 etiam
1249 1777 1519 1841 minima
1541 1778 1836 1862 suspicio,
1886 1776 2231 1844 Utinam
2241 1741 2282 1863 ’ζ

150 1870 153 1873 ’
267 1864 481 1948 inquit
520 1863 586 1929 O.
617 1863 890 1929 Pontius
931 1862 1205 1948 SamniS,
1252 1863 1376 1929 ad
1411 1865 1557 1929 illa
1593 1869 1942 1951 tempora
1977 1889 2089 1931 me
2123 1866 2281 1933 for-

269 1960 455 2019 tuna
491 1953 1064 2019 reservavisset
1101 1958 1175 2019 et
1213 1959 1372 2018 tum
1410 1976 1650 2019 essem
1686 1958 1942 2039 natus,
1979 1956 2278 2040 quando

187 2042 595 2107 zoRomani
651 2042 999 2126 accipere
1056 2042 1251 2107 dona
1302 2044 1773 2127 coepissent!
1833 2065 1982 2109 non
2036 2066 2281 2110 essem

266 2151 543 2216 passus
572 2130 869 2195 diutius
898 2151 1025 2195 eos
1053 2130 1454 2215 imperare.
1457 2130 1478 2158 '
1530 2128 1632 2195 Ne
1658 2131 1759 2195 illi
1787 2133 1996 2197 multa
2023 2134 2281 2199 saecula

268 2219 701 2303 exspectanda
743 2218 1034 2302 fuerunt3
1089 2217 1280 2283 modo
1329 2219 1499 2283 enim
1543 2219 1667 2284 hoc
1710 2220 1954 2284 malum
2001 2221 2069 2284 in
2111 2221 2280 2287 hanc

267 2329 406 2372 rem
461 2307 790 2392 publicam
843 2306 1100 2372 invasit.
1191 2307 1422 2389 Itaque
1474 2305 1666 2371 facile
1719 2307 1936 2391 patior
1985 2312 2124 2372 tum
2168 2331 2280 2394 po·

267 2395 402 2460 tius
446 2394 753 2460 Pontium
796 2393 1028 2478 fuisse,
1074 2394 1391 2479 siquidem
1434 2394 1505 2457 in
1547 2394 1663 2458 illo
1711 2399 1966 2459 tantum
2011 2395 2138 2460 fuit
2182 2418 2280 2462 ro·

185 2502 238 2543 25
267 2483 464 2548 boris.
553 2482 859 2548 Nondum
904 2487 1163 2548 centum
1209 2487 1276 2546 et
1321 2482 1538 2547 decem
1585 2482 1737 2547 anni
1783 2487 1966 2566 sunt,
2010 2505 2156 2548 cum
2203 2483 2279 2549 de

265 2571 553 2658 pecuniis
609 2571 982 2656 repetundis
1039 2594 1079 2636 a
1131 2571 1201 2636 L.
1252 2570 1488 2636 Pisone
1548 2571 1687 2635 lata
1740 2570 1843 2635 lex
1908 2575 2035 2655 est,
2097 2572 2281 2637 nulla

267 2663 463 2725 antea
506 2681 652 2725 cum
695 2658 944 2724 fuisset.
1035 2659 1128 2724 At
1172 2680 1325 2724 vero
1380 2661 1609 2744 postea
1652 2663 1756 2724 tot
1799 2660 1978 2745 leges
2025 2664 2092 2725 et
2135 2683 2279 2745 pro·

266 2769 498 2813 xumae
544 2769 835 2832 quaeque
881 2747 1189 2831 durioreS,
1234 2751 1339 2812 tot
1373 2747 1485 2825 rei,
1529 2751 1632 2812 tot
1670 2747 1976 2833 damnati,
2021 2753 2276 2815 tantum

268 2836 622 2917 [Italicum]
651 2836 895 2900 bellum
922 2840 1190 2920 propter
1216 2836 1597 2901 iudiciorum
1632 2841 1879 2901 metum
1913 2838 2281 2922 excitatum,

188 2942 241 2983 ³0
268 2929 459 2990 tanta
503 2924 780 2990 sublatis
827 2924 1084 3009 legibus
1131 2927 1197 2988 et
1241 2924 1491 2989 iudiciis
1529 2925 1837 3009 expilatio
1877 2925 2279 3011 direptioque

266 3013 608 3097 sociorum,
652 3017 728 3077 ut
769 3011 1196 3077 inbecillitate
1243 3013 1546 3096 aliorum,
1590 3034 1721 3078 non
1764 3016 1993 3078 nostra
2037 3014 2277 3079 virtute

2319 1621 2384 1670 ‘1⁶

265 3102 614 3167 valeamus.
703 3100 956 3165 Laudat
1001 3100 1382 3166 Africanum
1426 3100 1803 3184 Panaetius,
1862 3101 2035 3184 quod
2078 3101 2278 3166 fuerit
2298 3072 2379 3200 27}

266 3190 616 3255 abstinens.
707 3187 943 3264 Quidni
998 3188 1262 3254 laudet?
1355 3186 1479 3253 Sed
1531 3189 1603 3253 in
1652 3189 1770 3253 illo
1827 3189 1958 3253 alia
2004 3189 2276 3273 maiora3

267 3279 412 3343 laus
466 3277 898 3342 abstinentiae
955 3299 1085 3342 non
1139 3277 1421 3342 hominis
1475 3281 1577 3342 est
1621 3277 1856 3360 solum,
1912 3277 2024 3342 sed
2080 3278 2278 3343 etiam

184 3383 236 3424 ³⁵
267 3371 636 3467 temporum
680 3366 961 3430 illorum.
1034 3364 1227 3430 Omni
1261 3365 1685 3431 Macedonum
1728 3386 1907 3450 gaza,
1954 3388 2118 3449 quae
2152 3367 2279 3431 fuit

266 3455 567 3538 maxima,
611 3454 863 3539 potitus
914 3456 1066 3535 [est]
1112 3452 1354 3519 Paulus
1399 3457 1658 3518 tantum
1702 3453 1772 3518 in
1818 3455 2137 3519 aerarium
2172 3478 2279 3540 pe·

264 3543 491 3609 cuniae
535 3542 799 3625 invexit,
843 3545 917 3606 ut
951 3542 1140 3607 unius
1177 3542 1569 3627 inperatoris
1605 3542 1845 3627 praeda
1879 3543 2073 3608 finem
2110 3547 2279 3609 attu-

1885 3646 1959 3695 ὃ*
