2630 3913
214 2542 271 2590 13

310 246 440 309 428
577 244 845 299 ORATIO
882 243 1127 298 PRIDIE
1168 243 1376 309 QUAM
1411 242 1491 296 IN
1527 242 1834 298 EXILIUM
1870 243 2053 300 IRET.

309 429 531 471 rorum
576 407 879 492 periculis
925 406 1309 471 haberemus
1357 406 1669 488 animum,
1728 427 1918 490 quem
1962 405 2034 469 in
2077 407 2325 470 nostris

310 495 832 579 difficultatibus,
900 500 965 560 et
1022 516 1139 579 pro
1194 494 1722 558 innocentissimo
1780 514 2033 577 quoque
2089 516 2327 579 propu-

311 604 511 669 gnare
551 588 616 648 et
651 583 1180 649 nocentissimum
1221 604 1536 666 quemque
1573 603 1949 666 oppugnare
1976 581 2167 646 nobis
2195 584 2324 646 uti-

310 673 633 737 lissimum
669 694 809 736 esse
839 672 1331 753 arbitraremur-3
1369 676 1451 752 et,
1489 670 1545 734 si
1582 692 1727 735 cum
1756 670 1989 753 optimi
2015 671 2323 754 cuiusque

308 762 503 826 rebus
559 761 848 825 advorsis
901 764 1198 824 nostram
1253 759 1559 837 salutem,
1622 781 1766 823 cum
1827 759 2359 823 deterrimorum⁵

311 853 529 914 autem
593 848 887 917 secundis
949 850 1179 912 nostra
1248 847 1536 932 pericula
1599 852 1900 932 putemus
1964 848 2324 932 coniuncta,

308 938 677 1021 frequentes
732 936 1024 1021 profecto
1082 935 1326 999 talibus
1391 936 1642 1000 conatis
1699 935 1957 999 obviam
2010 935 2103 999 ire
2158 936 2326 1000 nita-

312 1048 471 1109 mur,
516 1047 723 1109 neque
769 1026 1009 1110 partim
1054 1024 1425 1089 innocentia
1467 1023 1640 1106 freti,
1688 1025 1932 1108 partim
1974 1024 2325 1088 nobilitate

307 1114 469 1197 nixi,
524 1114 768 1199 partim
822 1113 1119 1199 potentia
1172 1134 1247 1177 ac
1292 1074 1707 1177 multitudiiie
1754 1112 2107 1177 amicorum
2151 1111 2325 1196 fulti,

310 1224 456 1268 cum
483 1202 791 1287 perfacile
819 1202 1260 1265 existimemus
1290 1200 1807 1264 adversariorum
1838 1200 1967 1264 vim
1997 1222 2070 1265 ac
2095 1199 2409 1265 factio-10

308 1313 457 1355 110111
505 1314 544 1355 a
586 1290 774 1354 nobis
814 1290 1052 1390 repelli
1096 1311 1306 1374 posse,
1354 1289 1570 1353 subito
1616 1289 1746 1372 ipsi
1792 1288 1990 1352 simili
2034 1289 2323 1372 periculo

311 1379 754 1462 circumventi,
808 1378 879 1441 in
931 1381 1159 1443 nostro
1216 1381 1449 1441 eventu
1503 1376 1780 1441 aliorum
1834 1377 2324 1442 reminiscentes

230 1490 496 1598 5casus
512 1517 528 1550 ‚
591 1468 728 1531 iure
791 1466 859 1530 id
913 1466 1103 1531 nobis
1160 1465 1442 1530 accidere
1504 1466 1896 1566 nequiquam
1962 1486 2324 1549 queramur.

230 1536 468 1661 5Quis
514 1561 602 1620 est
645 1555 843 1638 enim,
890 1553 1200 1638 Quirites,
1246 1555 1383 1639 qui,
1429 1576 1574 1618 cum
1618 1554 2027 1618 inimicorum
2071 1559 2324 1619 nostro-

241 1613 455 1708 ²rum
516 1643 650 1707 vim
714 1665 789 1707 ac
851 1643 1233 1708 violentiam
1295 1641 1647 1728 perspiciat
1702 1662 1971 1725 cumque
2023 1647 2325 1706 nostrum
2358 1661 2408 1699 15

211 1612 925 1816 lpericulosissimum
973 1753 1192 1796 casum
1237 1733 1687 1817 recognoscat,
1744 1730 1856 1814 qui
1897 1752 2032 1794 non
2077 1731 2203 1795 sibi
2250 1753 2325 1796 ac

310 1821 443 1883 suis
502 1819 753 1903 diffidat
806 1819 1132 1883 fortunis?
1223 1817 1363 1892 Quo
1420 1819 1590 1882 enim
1636 1840 1703 1882 80
1751 1818 1912 1882 satis
1959 1822 2175 1883 tutum
2223 1842 2325 1884 ar-

307 1907 661 1972 bitrabitur
704 1906 1071 1991 praesidio?
1118 1906 1381 1971 virtutis
1430 1907 1684 1993 gloria?
1756 1906 1849 1971 At
1896 1929 1972 1972 ea
2013 1928 2134 1972 nos
2179 1908 2326 1993 ipsa

307 1996 432 2060 hoc
484 1999 776 2079 tempore
832 1999 1186 2080 oppugnat.
1275 1994 1695 2061 Multitudine
1742 1997 2140 2061 amicorum?
2233 1998 2326 2060 At

309 2106 539 2168 parum
587 2087 687 2147 est
730 2083 935 2148 fortes
982 2105 1122 2148 esse
1169 2084 1439 2168 amicoS,
1495 2085 1551 2147 si
1604 2085 1674 2148 in
1719 2106 1939 2149 eorum
1994 2087 2323 2169 potestate
2354 2102 2407 2141 20

307 2176 536 2237 nostra
582 2173 711 2236 sita
757 2173 934 2237 salus
979 2195 1113 2238 non
1159 2177 1275 2238 est.
1338 2172 1675 2237 Paucitate
1711 2173 2165 2238 inimicorum?
2230 2172 2324 2237 At

307 2261 373 2325 id
410 2284 541 2326 non
577 2261 648 2324 in
679 2261 904 2346 ipsiuS,
943 2261 1054 2325 sed
1088 2262 1158 2324 in
1196 2261 1473 2325 aliorum
1510 2261 1846 2325 voluntate
1882 2262 2169 2345 positum
2205 2266 2325 2326 est.

306 2349 480 2414 Nam
524 2372 657 2413 non
702 2350 862 2414 satis
910 2354 1027 2432 est,
1071 2371 1152 2413 ne
1198 2350 1300 2414 0111
1346 2349 1650 2413 iniuriam
1693 2348 1894 2413 facias
1904 2400 1921 2433 ,
1966 2350 2327 2434 providere,

310 2438 366 2501 si
412 2441 633 2502 tamen
680 2443 830 2502 sunt
875 2438 1227 2503 voluntarii
1271 2437 1535 2519 inimici,
1581 2436 1691 2520 qui
1735 2438 1866 2500 tuis
1904 2438 2210 2522 praemiis
2257 2443 2325 2502 te

310 2530 705 2611 oppugnent.
804 2527 1021 2610 Atque
1086 2526 1244 2589 adeo
1309 2548 1454 2589 cum
1517 2526 1677 2589 haec
1741 2526 1960 2590 omnia
2022 2526 2325 2591 omnibus
2354 2546 2404 2582 τὸ

310 2618 461 2677 sunt
509 2614 735 2699 gravia
779 2618 973 2698 atque
1021 2614 1281 2696 acerba,
1325 2618 1468 2677 tum
1514 2635 1666 2678 vero
1711 2613 1901 2678 nobis
1947 2615 2186 2679 misera
2232 2619 2327 2680 at-

310 2724 431 2785 que
485 2702 920 2785 intoleranda,
977 2724 1249 2785 quorum
1307 2705 1374 2765 et
1430 2701 1642 2766 officia
1694 2702 1764 2765 in
1813 2724 1950 2766 rem
1995 2703 2326 2787 publicam

307 2790 751 2854 recentissima
789 2794 853 2854 et
890 2790 1297 2855 incommoda
1344 2791 1429 2854 ob
1474 2811 1612 2854 rem
1656 2790 1987 2874 publicam
2031 2791 2327 2876 frequen-

307 2878 565 2943 tissima
600 2878 669 2942 in
703 2878 957 2943 familia
990 2881 1352 2943 versantur.
1425 2876 1490 2942 N
1493 2900 1615 2943 unc
1662 2879 1718 2942 si
1764 2879 1987 2943 eadem
2034 2880 2325 2944 condicio

309 2967 794 3052 disceptationis
841 2970 1271 3051 proponetur,
1319 2967 1508 3050 aequi
1555 2967 1881 3032 auditores
1929 2966 2326 3032 adhibebun-
2355 2986 2403 3024 30

307 3058 433 3138 tur,
471 3077 656 3119 aures
694 3077 826 3120 non
862 3054 1178 3119 obtunsae
1215 3055 1682 3138 criminatione,
1721 3056 1832 3119 sed
1869 3078 2108 3120 vacuae
2145 3079 2327 3141 prae-

307 3143 658 3226 bebuntur3
705 3144 815 3227 qui
852 3146 1004 3208 sunt
1041 3143 1322 3207 assecuti
1360 3165 1683 3207 summum
1720 3144 1993 3228 gradum
2039 3143 2328 3228 honoriS,

305 3253 438 3295 non
493 3232 1027 3315 despoliabuntur
1081 3232 1353 3312 honore,
1419 3231 1529 3315 qui
1593 3235 1883 3317 sperant,
1946 3231 2204 3296 facilius
2263 3237 2329 3297 et

305 3319 655 3400 proclivius
704 3319 784 3382 ad
829 3320 1088 3384 laudem
1124 3320 1491 3383 nobilitatis
1530 3321 1921 3403 pervenient.
1994 3319 2204 3397 Quam
2242 3322 2326 3386 ob

305 3425 442 3466 rem
496 3406 648 3468 nolo
706 3428 808 3469 me
865 3408 1021 3471 duce
1083 3408 1382 3491 supplicii
1440 3429 1551 3472 vos
1610 3408 1690 3471 ad
1743 3408 2035 3472 fraudem
2083 3409 2405 3493 deduci,³5

305 3492 379 3549 ut
445 3510 566 3572 ego
633 3492 713 3554 ad
775 3494 1123 3575 pristinum
1190 3499 1437 3558 statum
1500 3496 1780 3560 recidam
1841 3517 2044 3560 casus.
2136 3496 2327 3562 Nunc

305 3572 528 3655 igitur,
576 3576 631 3637 si
676 3578 901 3660 lingua
939 3584 1039 3643 est
1075 3583 1594 3664 concertandum,
1638 3584 2046 3648 innocentiae
2083 3584 2325 3650 virtute
