2630 3913
359 188 485 251 174
949 185 1255 241 LAELIUS
1289 185 1389 239 DE
1425 184 1753 240 AMICITIA

355 349 783 434 cogitationes
831 347 1201 412 abiecerunt
1244 351 1314 411 ιιι
1358 368 1495 412 rem
1541 352 1679 412 tam
1733 345 2047 411 humilem
2098 350 2365 429 tamque

355 440 811 521 contemptam.
902 434 1109 511 Quam
1154 435 1238 500 ob
1283 456 1423 501 rem
1466 435 1587 500 hos
1635 434 1893 520 quidem
1939 434 2021 500 ab
2066 434 2190 501 hoc
2235 456 2367 499 ser-

356 547 547 591 mone
609 545 1081 608 removeamus,
1143 523 1269 608 ipsi
1333 527 1550 588 autem
1611 523 2067 625 intellegamus
2129 526 2367 588 natura

359 613 540 700 gigni
578 634 837 677 sensum
873 611 1183 697 diligendi
1211 615 1276 676 et
1312 611 1786 677 benivolentiae
1815 611 2154 676 caritatem
2189 612 2366 677 facta

359 700 829 787 significatione
873 700 1240 785 probitatis,
1331 699 1538 776 Quam
1583 699 1694 784 qui
1739 699 2209 802 adpetiverunt,
2258 700 2365 764 ad·
2420 720 2449 761 5

356 789 605 875 plicant
649 810 718 852 se
763 792 830 853 et
872 787 1138 873 propius
1187 788 1551 872 admovent,
1593 793 1668 853 ut
1714 792 1780 852 et
1814 809 1936 852 usu
1973 788 2127 866 eius,
2173 810 2366 872 quem

359 877 624 963 diligere
670 880 1035 962 coeperunt,
1077 876 1379 941 fruantur
1424 880 1491 941 et
1535 875 1823 941 moribus
1870 876 2127 960 sintque
2173 898 2364 960 pares

357 966 427 1030 in
471 986 690 1031 amore
736 970 802 1030 et
849 964 1149 1049 aequales
1192 964 1770 1049 propensioresque
1807 964 1888 1029 ad
1923 964 2085 1029 bene
2121 986 2367 1029 meren-

359 1054 511 1119 dum
558 1075 751 1138 quam
797 1053 879 1119 ad
922 1052 1417 1137 reposcendum,
1462 1056 1655 1137 atque
1701 1053 1861 1118 haec
1903 1052 2075 1117 inter
2120 1074 2228 1118 eos
2277 1053 2367 1117 sit

357 1144 632 1208 honesta
669 1141 958 1207 certatio.
1022 1138 1127 1206 Sic
1163 1145 1230 1205 et
1263 1140 1585 1206 utilitates
1624 1163 1701 1205 ex
1730 1140 2016 1205 amicitia
2045 1141 2366 1206 maximae
2395 1164 2447 1203 ιο

358 1230 722 1315 capientur,
768 1234 834 1295 et
879 1229 1003 1294 erit
1048 1229 1182 1294 eius
1229 1232 1412 1294 ortus
1458 1252 1498 1294 a
1539 1232 1776 1294 natura
1820 1250 2021 1312 quam·
2062 1229 2144 1294 ab
2189 1229 2366 1294 inbe-

359 1320 631 1385 cillitate
678 1318 940 1404 gravior
985 1320 1052 1381 et
1096 1316 1325 1382 verior.
1413 1316 1587 1382 Nam
1631 1317 1688 1381 si
1741 1316 1995 1382 utilitas
2041 1317 2362 1383 amicitias

358 1408 854 1493 conglutinaret,
900 1405 1122 1470 eadem
1168 1409 1567 1470 commutata
1611 1405 2020 1489 dissolveret3
2065 1406 2177 1470 sed
2214 1406 2367 1490 quia

355 1499 592 1561 natura
628 1494 868 1561 mutari
903 1515 1034 1558 non
1068 1497 1306 1577 potest,
1345 1493 1582 1559 idcirco
1619 1515 1808 1559 verae
1846 1493 2167 1559 amicitiae
2204 1516 2365 1559 sem·

355 1584 648 1669 piternae
695 1586 862 1648 sunt.
955 1581 1185 1647 Ortum
1232 1581 1489 1666 quidem
1543 1581 1865 1648 amicitiae
1920 1581 2152 1647 videtis
2163 1633 2181 1666 ,
2237 1582 2366 1647 nisi
2394 1605 2443 1645 ισ

360 1672 513 1756 quid
560 1671 641 1735 ad
684 1671 844 1735 haec
887 1669 1059 1734 forte
1103 1670 1342 1734 vultis.-

487 1760 781 1825 Famvms.
862 1757 961 1822 Tu
996 1779 1149 1822 vero
1185 1780 1402 1845 perge,
1444 1756 1654 1841 Laeli3
1697 1780 1817 1843 pro
1853 1758 1977 1824 hoc
2029 1759 2219 1844 enim,
2255 1761 2366 1844 qui

357 1847 571 1912 minor
616 1850 716 1911 est
759 1849 945 1929 natu,
990 1867 1133 1911 meo
1179 1846 1318 1911 iure
1363 1845 1737 1930 respondeo.

254 1955 320 2005 33
489 1934 543 2002 S
547 1961 823 2002 cavom.
892 1933 1090 2000 Recte
1135 1938 1208 2000 tu
1259 1934 1533 2021 quidem.
1596 1932 1802 2010 Quam
1848 1934 1932 2001 ob
1977 1956 2116 2000 rem
2153 1936 2365 2002 audia-

361 2046 523 2090 mus.
2392 2047 2442 2086 zo

257 2117 340 2181 10
488 2111 774 2178 Laruas.
837 2111 1076 2177 Audite
1110 2133 1283 2196 vero,
1319 2111 1570 2196 optumi
1603 2111 1746 2195 viri,
1791 2133 1883 2196 ea,
1930 2134 2093 2195 quae
2129 2113 2365 2197 saepis-

359 2202 519 2267 sime
564 2202 733 2265 inter
769 2222 871 2265 me
908 2204 974 2265 et
1010 2198 1374 2284 Scipionem
1421 2200 1498 2264 de
1535 2199 1822 2265 amicitia
1866 2199 2361 2267 disserebantur.

361 2290 766 2374 Quamquam
818 2288 933 2353 ille
989 2288 1245 2374 quidem
1289 2288 1455 2352 nihil
1519 2287 1844 2353 difficilius
1900 2310 2039 2353 esse
2093 2288 2365 2373 dicebat,

360 2401 554 2464 quam
599 2377 952 2443 amicitiam
996 2398 1198 2461 usque
1244 2377 1327 2441 ad
1372 2380 1730 2442 extremum
1773 2376 1947 2441 vitae
2002 2376 2171 2441 diem
2224 2399 2365 2462 per-

360 2488 636 2532 manere.
724 2464 924 2550 Nam,
981 2467 1087 2530 vel
1138 2468 1214 2529 ut
1263 2486 1397 2529 non
1448 2465 1619 2528 idem
1672 2464 2025 2549 expediret,
2086 2464 2363 2530 incidere
2392 2484 2442 2526 ιι

362 2576 570 2639 saepe,
613 2553 720 2618 vel
764 2557 839 2619 ut
884 2553 961 2617 de
1005 2574 1075 2617 re
1120 2552 1382 2637 publica
1424 2574 1555 2618 non
1598 2552 1771 2617 idem
1812 2553 2187 2637 sentiretu13
2233 2576 2366 2640 mu-

359 2643 490 2708 tari
545 2642 742 2706 etiam
796 2662 1009 2706 mores
1064 2640 1397 2706 hominum
1453 2662 1643 2725 saepe
1699 2640 1979 2723 dicebat,
2042 2641 2206 2707 alias
2261 2642 2367 2727 ad-

360 2730 566 2796 versis
603 2730 814 2814 rebus,
860 2729 1022 2794 alias
1062 2732 1273 2794 aetate
1318 2729 1821 2814 ingravescente.
1892 2728 2110 2813 Atque
2148 2752 2366 2795 earum

361 2841 577 2883 rerum
605 2818 968 2902 exemplum
998 2839 1075 2881 ex
1103 2816 1522 2882 similitudine
1559 2817 1857 2901 capiebat
1886 2817 2167 2882 ineuntis
2198 2821 2367 2884 aeta-

361 2908 468 2990 tis,
508 2906 678 2990 quod
715 2905 951 2970 summi
985 2927 1332 2990 puerorum
1360 2926 1611 2971 amores
1641 2927 1831 2990 saepe
1858 2927 1988 2970 una
2014 2928 2159 2970 cum
2187 2929 2367 2991 prae·
2393 2926 2445 2966 ao

256 3013 326 3063 34
362 2999 544 3061 texta
597 2998 756 3080 toga
807 2997 1226 3079 ponerentu13
1289 2993 1392 3058 sin
1454 2998 1671 3060 autem
1729 2993 1810 3059 ad
1865 2993 2369 3059 adulescentiam

361 3083 837 3170 perduxissent,
891 3081 1107 3146 dirimi
1161 3086 1381 3148 tamen
1431 3082 1755 3147 interdum
1811 3083 2219 3147 contentione
2264 3083 2369 3148 vel

362 3172 623 3237 uxoriae
669 3170 1059 3237 condicionis
1104 3171 1208 3235 vel
1255 3171 1577 3236 commodi
1632 3170 1929 3255 alicuius,
1983 3171 2154 3255 quod
2197 3171 2370 3236 idem

365 3259 633 3344 adipisci
684 3263 955 3344 uterque
1009 3280 1141 3324 non
1192 3263 1434 3344 posset.
1524 3258 1766 3332 Quodsi
1822 3258 1932 3343 qui
1987 3259 2246 3345 longius
2302 3260 2371 3324 in

365 3347 651 3412 amicitia
685 3346 976 3432 provecti
1012 3351 1245 3430 essent,
1290 3351 1510 3412 tamen
1547 3369 1737 3431 saepe
1774 3346 2173 3431 labefactari,
2209 3348 2268 3412 si
2303 3348 2371 3412 in
2396 3365 2444 3406 ω

366 3433 630 3498 honoris
668 3434 1145 3498 contentionem
1179 3434 1580 3519 incidissent3
1624 3438 1875 3519 pestem
1917 3435 2086 3499 enim
2121 3436 2370 3501 nullam

367 3520 678 3584 maiorem
734 3541 873 3585 esse
929 3521 1229 3586 amicitiis
1285 3543 1480 3606 quam
1542 3522 1613 3590 ιιι
1671 3522 1998 3608 plerisque
2062 3524 2369 3610 pecuniae
