2630 3913
325 230 454 292 404
1099 227 1551 283 FRAGMENTA

323 387 486 468 δόξα
523 390 712 475 μέχρι
746 391 877 455 νῦν
915 392 1212 474 διαμένει
1248 393 1482 473 καίπερ
1523 383 1606 453 οὐ
1633 388 1872 472 μικρᾶς
1897 387 2351 471 γεγενημένης

321 484 471 569 περὶ
506 483 666 563 τοὺς
701 484 945 570 λόγους
978 489 1425 570 καινοτομίας,
1466 480 1591 568 τὴν
1628 482 1702 549 δὲ
1737 479 2090 575 ποιητικὴν
2130 480 2347 549 αὐτοῦ

261 622 286 646 ·
322 586 587 649 πολλῶν
645 579 918 668 εὐφυῶν
975 580 1461 667 ἐπιγενομένων
1506 577 1927 649 παντάπασιν
1978 577 2180 664 ἀκλεῆ
2230 580 2347 646 καὶ

325 677 566 763 ἄτιμον
615 676 848 765 ἔρρειν
881 677 1312 762 συμβέβηκεν.

915 955 1075 1015 XIV.
1138 954 1749 1014 EPIGRAMMATA.
2402 968 2424 1005 5

465 1095 518 1156 1.
567 1092 821 1173 Quintil.
880 1090 1065 1155 VIII
1102 1095 1159 1155 6.
1206 1095 1292 1155 67
1334 1089 1677 1171 Hyperbole
1721 1126 1805 1136 —-
1860 1095 1950 1155 est
1991 1126 2075 1138 —-
2132 1093 2347 1156 decens

324 1183 453 1248 veri
504 1181 872 1262 superiectio.
975 1178 1187 1242 Virtus
1248 1179 1378 1242 eius
1440 1198 1515 1242 ex
1577 1179 1808 1243 diverso
1859 1199 2013 1261 par,
2077 1183 2348 1260 auqendi

325 1276 504 1352 atque
555 1269 890 1333 minuendi.
979 1265 1027 1349 5
1083 1271 1167 1332 73
1221 1266 1352 1329 Nec
1400 1267 1706 1346 pauciora
1762 1272 1910 1330 sunt
1952 1287 2176 1349 qenera
2229 1271 2348 1332 mi-

325 1359 586 1424 nuendi:
643 1355 662 1385 ‘
678 1356 799 1421 Vix
842 1355 1074 1420 ossibus
1124 1353 1413 1435 haerent’,
1467 1359 1523 1417 et
1573 1354 1735 1435 quod
1777 1353 2082 1419 Ciceronis
2134 1360 2222 1420 est
2274 1357 2348 1421 in

325 1447 590 1528 quodam
632 1444 896 1508 ioculari
942 1443 1138 1507 libello
1155 1463 1176 1503 .·
2378 1464 2425 1500 ιο

414 1533 709 1597 Fundum
754 1530 954 1595 Vetto
1001 1534 1218 1610 vocat,
1264 1550 1455 1613 quem
1500 1528 1711 1611 possit
1757 1529 2015 1593 mittere
2060 1530 2290 1615 funda,

503 1620 592 1684 Ni
636 1623 859 1683 tamen
903 1617 1236 1699 exciderit,
1284 1639 1410 1700 qua
1457 1638 1617 1680 cava
1660 1616 1862 1681 funda
1907 1622 2106 1701 patet.

463 1710 548 1789 [2.
583 1707 864 1773 Diomed.
901 1705 992 1769 II
1018 1726 1086 1785 p.
1123 1710 1263 1769 461.
1299 1709 1386 1770 21
1422 1704 1767 1786 Hyperbole
1810 1710 1898 1770 est
1937 1708 2116 1772 dictio
2161 1708 2348 1788 fidem

327 1796 602 1861 veritatis
640 1795 924 1858 excedens
959 1793 1223 1873 auyendi
1257 1793 1642 1857 minuendive
1679 1795 1907 1875 qratia,
1951 1797 2232 1878 auqendi,
2277 1802 2351 1859 ut

329 1883 487 1948 nive
525 1879 886 1963 candidior’,
936 1878 1210 1943 ‘velocior
1244 1879 1466 1964 Euro'‚
1510 1882 1846 1960 minuendi,
1890 1882 2047 1947 sicut
2083 1882 2348 1948 ‘tardior
2377 1901 2422 1939 1⁵

331 1972 623 2037 testudine
668 1970 967 2050 leviorque
1007 1966 1221 2048 foliisss
1266 1970 1410 2032 item
1454 1974 1556 2033 ut:

414 2057 796 2123 Exin-actam
840 2060 1037 2141 puteo
1083 2055 1349 2121 situlam
1397 2057 1508 2140 qui
1553 2058 1739 2141 ponii:
1783 2058 1853 2122 in
1897 2058 2119 2142 horim,

505 2145 795 2211 Ulterius
842 2144 1057 2209 standi
1099 2166 1232 2208 non
1274 2144 1476 2208 habeb
1520 2145 1660 2228 ipse
1708 2147 1939 2211 locum

341 2273 412 2282 —
461 2235 638 2301 Idem
683 2233 933 2299 Charis.
978 2233 1092 2297 IV
1113 2254 1182 2314 p.
1227 2237 1375 2298 275.
1420 2235 1550 2312 23]

464 2324 522 2388 3.
560 2322 730 2387 Ptin.
765 2343 853 2404 ep.
899 2320 1045 2387 VII
1072 2326 1131 2383 4.
1165 2326 1208 2386 3
1243 2321 1626 2401 Leyebantur
1664 2323 1735 2385 in
1768 2322 2153 2388 Laurentino
2188 2325 2348 2389 mihi
2373 2342 2421 2379 20

332 2413 475 2475 libri
527 2411 723 2476 Asini
777 2409 952 2474 Galli
1013 2411 1084 2472 de
1144 2410 1577 2489 conparatione
1631 2411 1840 2491 patris
1900 2416 1960 2475 et
2020 2410 2345 2477 Ciceronis.

331 2498 565 2563 Incidit
624 2499 1072 2579 epiyramnia
1130 2495 1509 2560 Ciceronis
1569 2497 1648 2560 in
1716 2498 2055 2562 Tironem
2115 2520 2344 2564 suum.

330 2585 499 2650 Dein
561 2605 697 2649 cum
761 2584 1012 2648 meridie
1070 2581 1236 2664 (erat
1293 2584 1457 2649 enim
1519 2583 1748 2666 aestas)
1811 2587 2189 2651 dormiturus
2251 2609 2346 2652 me

330 2674 675 2753 recepissem
719 2692 826 2735 nec
870 2671 1167 2752 obreperet
1207 2691 1474 2748 somnus,
1519 2674 1682 2753 coepi
1724 2679 2006 2753 reputare
2039 2676 2345 2741 maximos

332 2765 599 2825 oratores
641 2759 750 2823 hoc
791 2759 984 2823 studii
1020 2778 1212 2840 yenus
1253 2764 1313 2823 et
1345 2761 1416 2822 in
1450 2759 1937 2825 oblectationibus
1973 2760 2255 2827 habuisse
2289 2769 2348 2827 et
2373 2779 2420 2817 2⁵

332 2850 401 2912 in
448 2848 627 2911 laude
656 2847 952 2928 posuisse.
1023 2846 1275 2910 Intendi
1308 2848 1590 2911 animum
1629 2853 1954 2929 contraque
1997 2851 2346 2930 opinionem

332 2955 530 2999 meam
546 2940 691 3015 post
721 2934 964 3034 lonqam
999 2934 1447 2999 desuetudinem
1474 2955 1773 3015 perquam
1808 2937 2022 3018 exiquo
2060 2941 2347 3020 temporis

332 3027 629 3087 momento
672 3023 741 3085 id
776 3023 998 3106 ipsum,
1024 3023 1205 3122 'quod
1236 3042 1332 3085 me
1365 3024 1450 3086 ad
1482 3023 1860 3087 scribendum
1894 3025 2345 3106 sollicitaverat,

333 3110 430 3175 his
473 3110 740 3174 versibus
784 3110 1073 3173 exaravi:

422 3197 577 3262 Cum
624 3198 808 3262 libros
855 3196 1030 3261 Galli
1076 3198 1351 3279 ῑορενονη,
1395 3198 1611 3277 quibus
1656 3198 1760 3262 ille
1792 3201 2046 3280 parenti
2374 3219 2422 3257 so

421 3285 634 3347 Ausus
678 3286 749 3348 de
795 3283 1076 3349 Cicerone
1119 3286 1268 3349 dare
1311 3290 1400 3349 est
1435 3285 1829 3367 palmamque
1872 3288 2189 3369 decusque,

426 3371 752 3434 Lascin
796 3373 1004 3435 inveni
1049 3372 1248 3437 lusum
1297 3372 1606 3438 Ciceronis
1649 3379 1707 3437 et
1748 3374 1856 3438 illo

422 3455 828 3533 Spectandum
872 3459 1140 3540 inqenio,
1185 3480 1302 3540 quo
1348 3461 1511 3524 seria
1553 3462 1827 3525 condidit
1866 3467 1927 3526 et
1965 3482 2084 3544 quo

426 3539 742 3605 Humanis
785 3545 1015 3609 salibus
1058 3546 1249 3609 multo
1292 3548 1583 3629 varioque
1628 3548 1822 3628 lepore
