2630 3913
326 186 454 249 234
1099 186 1549 242 FRAGMENTA

1013 391 1121 450 III.
1186 388 1338 450 PRO
1386 387 1634 449 OPPIO.

463 527 515 590 1.
564 526 771 606 Quint.
821 526 882 590 V
917 531 1015 591 10.
1063 531 1143 591 69
1186 526 1374 590 Facit
1415 526 1523 590 hoc
1567 526 1653 608 (v.
1695 526 1788 590 II
1815 527 1927 609 14)
1973 524 2182 591 Cicero
2216 547 2336 608 pro

327 613 555 697 Oppio:
609 613 845 678 Utrum
901 636 1042 678 cum
1102 612 1363 679 Cottam
1419 615 1801 698 appetisset,
1857 637 1940 679 an
1996 637 2141 680 cum
2193 614 2334 699 ipse

327 725 392 767 se
439 705 779 767 conaretur
826 702 1128 783 occidere,
1175 702 1376 767 telum
1425 725 1458 766 e
1506 703 1803 767 manibus
1847 705 2144 788 ereptum
2192 704 2333 767 est?

457 791 515 854 2.
564 791 769 870 Quint.
827 791 888 855 V
921 797 1021 855 10.
1069 796 1152 855 76
1198 791 1347 855 Non
1389 791 1594 855 dubito
1647 791 1792 855 haec
1843 811 2077 873 quoque
2125 811 2336 856 vocare
2389 813 2417 853 5

323 880 759 961 consequentia,
803 880 1081 960 quamvis
1124 900 1198 943 ex
1231 880 1550 960 prioribus
1593 880 1735 943 dent
1782 884 2209 961 aryumentum
2252 881 2339 945 ad

322 987 413 1046 ea,
459 988 613 1048 quae
655 973 970 1045 secuntum
1016 988 1276 1049 quorum
1311 968 1469 1032 duas
1512 969 1765 1049 quidam
1808 968 2029 1048 species
2071 988 2194 1032 esse
2236 988 2333 1032 vo-

326 1057 595 1133 luerunt,
649 1056 932 1133 actionis,
985 1061 1056 1119 ut
1094 1077 1215 1138 pro
1264 1055 1490 1138 Oppio:
1545 1053 1720 1129 Quos
1775 1056 2039 1120 educere
2091 1055 2334 1120 invitos

323 1144 392 1207 in
454 1143 853 1228 provinciam
917 1166 1047 1207 non
1102 1143 1344 1228 potuit,
1409 1164 1518 1208 eos
1581 1144 1823 1207 invitos
1885 1144 2160 1208 retinere
2225 1144 2334 1227 qui

324 1232 583 1317 potuit?
638 1270 725 1278 —
763 1268 846 1278 -—
894 1232 1273 1313 Consequens
1318 1233 1480 1296 enim
1524 1238 1611 1296 est
1653 1252 1773 1310 eos,
1817 1233 1928 1313 qui
1969 1233 2152 1296 inviti
2194 1234 2335 1297 duci
2364 1252 2417 1290 ιο

324 1341 448 1385 non
482 1322 823 1402 potuerint,
868 1321 1090 1385 invitos
1131 1341 1255 1385 non
1288 1322 1561 1402 potuisse
1604 1321 1871 1384 retineri.

457 1410 516 1474 3.
575 1408 829 1488 Quintil.
896 1409 959 1474 V
1000 1415 1097 1473 13.
1151 1413 1240 1473 29
1262 1429 1349 1490 sq.
1405 1406 1737 1473 Commune
1787 1410 1896 1489 qui
1936 1410 2119 1490 prior
2172 1410 2333 1486 dicit,

323 1499 702 1562 contrarium
741 1498 898 1577 facit
905 1518 927 1574 ,·
982 1502 1070 1562 est
1112 1498 1273 1560 enim
1319 1498 1726 1573 contrarium,
1780 1517 1898 1578 quo
1943 1498 2335 1562 adversarius

323 1588 466 1650 bene
506 1586 602 1649 uti
638 1590 864 1666 potest:
920 1586 1012 1647 At
1068 1586 1237 1647 enim
1289 1605 1422 1649 non
1474 1585 1611 1648 veri
1667 1584 1877 1649 simile
1932 1588 2032 1649 est
2075 1588 2333 1650 tantum

326 1674 533 1738 scelus
579 1672 663 1736 M.
711 1671 973 1737 Cottam
1019 1694 1159 1736 esse
1214 1676 1664 1737 commentum.
1756 1672 1963 1747 Quid?
2020 1672 2144 1737 hoc
2198 1672 2334 1737 veri
2362 1692 2413 1730 1⁵

327 1762 537 1825 simile
583 1765 709 1838 est,
753 1764 1009 1824 tantum
1058 1761 1265 1825 scelus
1313 1760 1594 1845 Oppium
1642 1782 1781 1825 esse
1827 1761 2171 1826 conatum?

455 1851 516 1913 4.
561 1849 863 1913 Arusian.
899 1850 1170 1914 Messius
1202 1870 1267 1931 p.
1306 1853 1392 1914 25
1399 1856 1438 1914 7
1472 1850 1657 1914 Isind.
1705 1849 1910 1914 Cicero
1943 1870 2064 1932 pro
2104 1849 2294 1931 Oppio
2314 1868 2328 1883 ·

325 1936 731 2020 Questusque
777 1959 1026 2002 meeum
1075 1940 1190 2002 est.

457 2028 514 2090 5.
578 2026 895 2090 Ammian.
950 2027 1153 2091 Marc.
1206 2026 1415 2090 XXX
1463 2031 1521 2091 8.
1579 2031 1622 2091 7
1681 2027 1990 2092 Existimo
2057 2026 2329 2090 Tullium

317 2115 631 2198 praeclare
662 2116 1115 2196 pronuntiasse,
1160 2135 1296 2179 cum
1341 2115 1680 2194 defenderet
1721 2114 2019 2196 omnum:
2069 2112 2331 2177 Etenim
2359 2133 2410 2171 20

326 2203 603 2267 multum
647 2224 838 2287 posse
886 2203 965 2268 ad
1013 2204 1289 2267 salutern
1337 2202 1602 2266 alterius
1649 2202 1881 2266 honori
1926 2202 2178 2286 multis,
2223 2225 2332 2287 pa·

323 2291 805 2458 rumsspoguisstel
841 2291 1234 2444 eIdXeEiti5uOm
1278 2291 1524 2442 prssbro·
1559 2291 1800 2354 nemini
1836 2312 2143 2442 ᾳωέιιιῗω
2188 2289 2337 2442 fu}

504 2431 517 2443 .
619 2401 731 2443 nin
756 2402 820 2443 i.
1049 2428 1063 2442 .
1197 2401 1280 2461 sq.
1395 2400 1457 2443 ec
1499 2400 1568 2442 in
1600 2399 1885 2461 personis
1993 2401 2038 2443 n
2062 2400 2186 2456 um,
2231 2399 2263 2443 s

324 2473 381 2533 et
424 2470 493 2532 in
536 2469 713 2532 rebus
756 2473 1034 2532 versatur
1077 2467 1223 2531 haec
1266 2469 1580 2531 contraria
1623 2468 1885 2544 dicendi,
1938 2488 2126 2548 quam
2180 2487 2335 2548 quae

326 2557 590 2637 intelleyi
622 2556 784 2637 velis,
829 2557 1009 2633 rati0,
1054 2560 1125 2618 ut
1165 2591 1235 2600 ——
1278 2556 1386 2619 ille
1416 2576 1538 2636 pro
1578 2554 1773 2636 Oppio
1815 2556 2010 2620 loeus:
2056 2554 2112 2619 Ο
2161 2576 2333 2619 amo·
2361 2573 2415 2614 25

325 2666 462 2708 rem
511 2643 772 2706 mirum!
820 2665 857 2707 o
904 2643 1409 2707 benivolentiam
1457 2643 1876 2728 singularem!

461 2733 517 2796 7.
566 2731 819 2811 Quintil.
859 2731 922 2794 V
946 2738 1042 2795 13.
1079 2735 1338 2796 17-21
1373 2731 1497 2796 Sed
1530 2735 1732 2795 tamen
1774 2737 1862 2796 est
1904 2732 2153 2796 interim
2198 2751 2332 2795 ora·

324 2820 476 2884 toris
518 2819 767 2901 efficere,
811 2825 883 2882 ut
924 2820 1075 2900 quid
1115 2821 1490 2884 contrarium
1534 2839 1657 2884 esse
1704 2856 1784 2864 —
1831 2820 2126 2884 videatur.
2194 2818 2334 2883 Obi-

322 2909 484 2972 citur
513 2907 724 2990 OppiO,
759 2909 922 2988 quod
944 2909 1017 2971 de
1051 2909 1320 2972 militum
1347 2908 1596 2972 cibariis
1622 2909 1967 2973 detraxerit.
2027 2908 2335 2990 Asperum

323 2997 583 3073 crimen‚·
647 2998 752 3061 sed
801 2997 872 3060 id
918 2998 1297 3060 contrarium
1361 2998 1619 3060 ostendit
1668 2996 1901 3074 Cicero,
1962 2997 2113 3077 quia
2172 2997 2335 3060 idem
2362 3012 2417 3051 ³0

322 3089 697 3150 accusatores
741 3084 1060 3148 obiecerint
1106 3084 1327 3166 OppiO,
1385 3086 1548 3166 quod
1595 3085 1654 3149 is
1705 3085 1962 3149 voluerit
2011 3085 2334 3149 exereitum

324 3174 635 3254 laryiendo
691 3192 1084 3254 corrumpere.
1130 3207 1218 3219 —
1265 3208 1350 3218 -
1398 3172 1631 3253 Cetera,
1689 3193 1844 3254 quae
1884 3177 2333 3254 proponuntur,

320 3262 659 3325 communis
705 3262 860 3325 locos
902 3261 1152 3338 habent;
1198 3266 1312 3325 aut
1354 3262 1518 3324 enim
1553 3262 1896 3325 coniectura
1929 3262 2334 3337 excutiuntur,

320 3368 409 3410 an
452 3369 595 3411 vera
638 3350 781 3425 sint,
826 3355 940 3412 aut
970 3350 1266 3432 finitione,
1310 3370 1399 3413 an
1422 3351 1705 3432 propria,
1749 3354 1862 3413 aut
1894 3350 2204 3432 qualitate,
2249 3369 2335 3411 an

320 3434 654 3517 inhonesta,
698 3437 933 3517 iniqua,
977 3437 1254 3518 inproba,
1300 3436 1663 3516 inhumana,
1714 3438 1986 3502 crudelia
2029 3442 2087 3501 et
2127 3441 2334 3513 cetera,
2364 3452 2415 3493 3⁵

322 3540 477 3598 quae
509 3523 566 3584 ei
593 3526 802 3603 yeneri
836 3525 1133 3589 accidunt.
1197 3526 1418 3605 anue
1451 3545 1577 3589 non
1613 3527 1788 3590 modo
1815 3527 1884 3589 in
1898 3524 2333 3606 propositioni·
