2630 3913
391 220 519 284 386
1161 217 1614 272 FRAGMENTA

390 381 519 446 Nec
564 378 699 464 uhi,
742 381 799 445 si
842 380 1079 461 superis
1121 399 1260 444 cum
1303 378 1413 444 Sol
1455 384 1545 444 est
1572 379 1900 462 promimus
1943 381 2094 464 oris,

394 469 665 534 Obscura
707 469 916 534 radios
949 468 1336 549 praeeunteis
1381 468 1508 532 luce
1550 468 1800 545 videbis,

391 557 492 623 Sit
522 558 729 639 pudor
772 561 886 622 aut
915 555 1224 639 pluviam,
1268 561 1382 620 aut
1421 561 1625 621 ventos
1667 516 1862 620 vitdre
1899 555 2160 636 futuros.

395 647 638 728 Quoque
680 646 828 710 adeo
870 663 1123 726 surqens
1154 646 1367 745 primo
1410 644 1594 708 iubar
1635 664 1890 726 aequore
1932 646 2202 711 condunt
2301 664 2401 712 140

390 736 668 800 Maiores
713 733 1008 815 tenebrae,
1052 733 1255 797 maior
1296 733 1703 813 supereminet
1742 732 1948 798 imber.

392 823 511 889 Sin
555 823 721 887 tenui
765 782 1008 885 laoeant’
1035 822 1203 885 radii
1246 821 1530 903 caligine,
1574 821 1779 902 qualis

391 912 513 978 Est
555 915 790 975 tenerae
828 910 1017 989 facies
1058 909 1336 992 nebulae,
1381 914 1439 973 et
1477 909 1798 974 subtilibus
1839 910 2099 989 umbris,

404 1000 709 1066 Venturus
752 998 993 1100 rapidis
1035 996 1144 1062 Sol
1188 996 1605 1062 obscurabitur
1648 998 1896 1062 austris.

392 1088 515 1154 Sed
554 1107 741 1168 neque
783 1088 842 1152 si
884 1089 1089 1168 cingat
1129 1086 1306 1168 niyro
1349 1085 1663 1187 splendore
1705 1086 1935 1150 corolla
2300 1105 2403 1152 145

393 1177 569 1243 Suda
611 1175 805 1254 dabit,
849 1195 1079 1257 quoque
1121 1178 1213 1239 est
1251 1172 1419 1239 Solis
1460 1175 1717 1238 vicinior
1759 1179 1927 1238 astro

398 1266 529 1346 Quo
572 1265 836 1347 niyrior‚
874 1264 1080 1344 peior:
1125 1263 1304 1327 binae
1346 1263 1704 1327 saevissima
1744 1262 1939 1344 siqua.

393 1354 616 1435 Aspice
658 1373 811 1417 num
857 1357 1053 1416 terras
1095 1371 1233 1414 cum
1275 1348 1386 1415 Sol
1417 1352 1599 1432 petit,
1643 1355 1757 1414 aut
1786 1351 1946 1432 petit
1985 1351 2190 1416 undas

393 1442 713 1507 Erubeant
752 1440 939 1505 nubes
982 1438 1216 1523 (dixere
1258 1438 1515 1503 Paretia
1561 1436 1780 1520 Graii)

393 1531 459 1595 A
502 1529 736 1606 Borea,
781 1533 895 1593 aut
934 1528 1194 1611 Austro,
1238 1531 1352 1591 aaa
1391 1548 1434 1590 a
1477 1525 1712 1609 Borea,
1757 1531 1816 1590 et
1855 1526 1933 1592 ab
1974 1532 2206 1612 austro,
2301 1543 2401 1595 156

394 1620 641 1704 Aspice,
685 1622 744 1681 et
783 1617 943 1681 hanc
984 1635 1176 1680 secors
1216 1635 1344 1680 non
1387 1635 1662 1696 unquam
1703 1615 1932 1698 neyliqe
1973 1635 2206 1680 curam.

395 1707 681 1788 Namque
722 1706 1026 1786 utrimque
1065 1704 1226 1784 facis
1268 1704 1326 1767 si
1368 1703 1583 1768 nubila
1626 1722 1870 1785 suryere
1912 1723 2110 1768 cernes

394 1794 663 1858 Aemula
704 1792 1032 1874 Phoebeae,
1076 1792 1458 1872 mediumque
1500 1792 1670 1874 apud
1709 1811 1975 1872 aequora
2019 1791 2362 1877 Phoebum,

396 1882 597 1947 Nulla
639 1901 816 1945 mora
857 1884 958 1956 est,
1001 1878 1197 1944 subito
1242 1880 1637 1944 densissimus
1680 1880 1920 1964 inyruit
1958 1879 2164 1945 imber.

395 1970 513 2036 Sin
555 1969 796 2033 Boreas
838 1988 1032 2033 unam
1075 1968 1227 2033 caeli
1270 1968 1382 2033 sub
1426 1970 1698 2034 culmina
1740 1968 1959 2033 nubem
2304 1987 2401 2037 155

396 2059 687 2141 Emittat,
732 2062 925 2122 metue
967 2076 1012 2120 a
1053 2057 1289 2135 Borea,
1333 2058 1435 2121 sin
1478 2057 1707 2122 Auster
1749 2057 1828 2121 ab
1870 2062 2096 2122 austro,

394 2147 654 2212 Iunctus
697 2147 813 2210 erit
854 2146 1123 2222 nimbus,
1166 2147 1225 2210 si
1269 2147 1510 2209 iunctae
1551 2145 1813 2211 nubibus
1854 2143 2070 2210 undae.

400 2236 566 2316 Quin
609 2235 794 2299 etiam
837 2235 1070 2300 occidui
1111 2234 1404 2315 spectabis
1448 2234 1670 2299 littoris
1713 2254 1914 2317 oram,

399 2323 579 2390 Certa
625 2323 734 2388 tibi
776 2324 1009 2388 occidui
1050 2322 1415 2388 monstrabit
1456 2323 1679 2386 littoris
1721 2342 1849 2386 ora.

397 2414 525 2477 Ast
571 2415 785 2476 autem
830 2411 1012 2476 tenui
1057 2432 1218 2495 quae
1263 2411 1494 2475 candet
1538 2409 1780 2473 lumine
1824 2408 2103 2488 Phatne,
2306 2427 2412 2475 160

398 2501 595 2583 Siyna
638 2502 749 2564 dat
787 2501 859 2564 in
902 2499 1137 2565 Cancro
1179 2503 1454 2580 spectans
1497 2499 1818 2580 aquilonia
1857 2498 2090 2579 flabra:

398 2590 490 2653 Et
524 2590 801 2672 yeminae
845 2589 1012 2652 tenui
1054 2587 1258 2651 stellae
1295 2586 1534 2669 fulyore
1576 2588 1897 2651 micantes:

400 2677 543 2741 Has
585 2696 711 2740 non
754 2677 1045 2740 distantes
1085 2675 1376 2752 nimium,
1419 2675 1752 2739 nimiumve
1782 2675 2170 2756 propinquas

398 2765 709 2846 Dispescit
747 2764 1016 2845 spatium
1060 2762 1253 2826 cubito
1295 2783 1421 2827 non
1466 2763 1655 2827 latius
1697 2783 1855 2827 uno:

398 2853 535 2918 Illa
576 2852 742 2918 subit
780 2851 1035 2916 Borean
1049 2900 1064 2930 ,
1108 2850 1273 2915 subit
1312 2850 1457 2916 haec
1498 2850 1757 2915 vicinior
1798 2851 2118 2915 Austrum.
2307 2866 2414 2915 165

402 2942 548 3007 Has
590 2941 821 3006 Asinos
864 2941 1105 3005 dicunt:
1150 2940 1413 3003 mediam
1460 2938 1754 3021 Praesepe
1793 2942 2111 3017 vocarunt,

404 3030 577 3111 Quod
616 3029 812 3094 subito
858 3029 1125 3111 liquidas
1166 3047 1342 3108 saepe
1385 3028 1682 3093 evanescit
1720 3028 1792 3092 in
1835 3045 2051 3103 auras,

402 3116 559 3183 Cum
602 3117 753 3182 caeli
795 3118 984 3181 nituit
1019 3116 1370 3199 qenitabilis
1413 3135 1578 3179 aura
1617 3116 1835 3193 sereni,

404 3203 788 3288 Coniunqens
825 3205 1095 3287 qeminos
1138 3203 1440 3269 subtracto
1484 3204 1677 3269 sidere
1719 3204 1963 3269 asellos:

401 3294 669 3359 Postilla
710 3294 1011 3359 undosam
1046 3293 1276 3375 poteris
1319 3296 1584 3374 spectare
1614 3292 1964 3375 procellam.
2310 3305 2420 3353 1⁴20

542 3497 607 3551 V.
661 3505 757 3553 160
809 3498 985 3553 Prisc.
1034 3496 1191 3552 XVI
1227 3503 1283 3554 2.
1323 3503 1395 3553 16
1431 3515 1493 3569 p.
1540 3503 1664 3555 105.
1711 3505 1747 3555 9
1791 3506 1842 3555 et
1887 3498 2120 3553 XVIII
2160 3502 2251 3553 21.
2295 3502 2422 3554 172

295 3566 318 3576 “
384 3579 453 3628 ρ.
493 3570 622 3619 287.
665 3572 716 3620 7.
