2630 3913
739 217 1157 272 PHILOSOPH.
1195 217 1252 273 F.
1291 218 1422 271 VIII
1459 219 1659 272 9—IX
1699 225 1743 271 7.
2123 216 2251 280 333

234 386 303 444 tu
349 380 513 445 testis
555 399 648 456 es;
704 379 865 443 nihil
916 381 1081 444 enim
1133 381 1206 444 de
1258 400 1531 444 maerore
1583 380 1913 444 minuendo
1956 380 2253 461 seriptum

233 469 311 533 ab
345 468 474 533 ullo
510 473 612 545 est,
655 469 818 549 quod
849 488 951 549 eqo
985 488 1110 532 non
1150 469 1318 531 domi
1363 473 1502 531 tuae
1549 469 1824 550 leqerim;
1869 468 1975 531 sed
2016 488 2252 531 omnem

233 556 704 621 consolationem
747 557 937 620 vincit
979 556 1166 620 dolor.
1259 555 1426 636 Quin
1471 557 1656 619 etiam
1708 556 1853 637 feci,
1906 556 2070 636 quod
2106 575 2251 635 pro-

231 646 384 724 fecto
429 649 572 707 ante
613 664 709 707 me
751 664 952 725 nemo,
1005 649 1077 707 ut
1127 644 1254 725 ipse
1304 665 1401 708 me
1437 665 1552 725 per
1597 644 1831 708 litteras
1874 644 2244 708 consolarer.

184 750 209 787 ⁵
236 752 414 813 quem
458 732 683 796 librum
727 733 814 796 ad
848 737 901 795 te
934 733 1195 812 mittam,
1240 733 1298 795 si
1332 733 1760 813 descripserint
1794 732 2054 797 librarii.
2121 731 2252 795 Ad-

234 823 415 900 firmo
464 820 575 883 tibi
618 820 861 884 nullam
907 820 1375 884 consolationem
1419 839 1543 884 esse
1587 820 1787 883 talem.

371 909 429 971 2.
487 905 606 971 Cic.
663 908 792 971 Att.
848 907 1008 970 XII
1052 912 1157 972 28.
1202 910 1251 971 2
1306 906 1484 986 Quod
1532 927 1627 971 me
1677 910 1807 988 ipse
1847 928 1965 988 per
2019 907 2253 972 litteras

235 996 577 1059 consolatus
632 1015 795 1072 sum,
853 1016 977 1058 non
1013 996 1288 1076 paenitet
1337 1015 1456 1073 me,
1511 1000 1811 1076 quantum
1851 995 2217 1076 profecerim
2229 1015 2250 1071 ;

237 1103 572 1147 maerorem
598 1083 817 1161 minui,
854 1084 1118 1147 dolorem
1148 1103 1255 1147 nec
1276 1084 1462 1164 potui
1496 1103 1620 1166 nee,
1654 1085 1712 1148 si
1734 1103 1992 1165 possem,
2029 1084 2252 1147 vellem.

163 1188 212 1227 ιο
241 1206 323 1217 -
372 1170 464 1250 Cf.
510 1172 583 1234 de
626 1171 816 1233 divin.
860 1170 954 1235 II
988 1176 1046 1236 1.
1088 1177 1149 1236 3.

372 1258 433 1321 3.
480 1257 602 1321 Cic.
652 1258 828 1322 Tusc.
872 1257 990 1323 IV
1021 1263 1126 1323 29.
1173 1264 1257 1323 63
1300 1259 1730 1341 Aeqritudinis
1782 1260 2012 1324 sedatio
2058 1263 2115 1322 et
2155 1258 2250 1321 he-

238 1350 446 1411 sterna
490 1346 898 1425 disputatione
941 1348 1244 1429 explicata
1279 1352 1369 1411 est
1401 1353 1458 1410 et
1489 1349 1561 1410 in
1599 1345 2047 1412 Consolationis
2085 1347 2253 1426 libro,

238 1453 415 1514 quem
460 1433 530 1496 in
573 1434 769 1496 medio
813 1433 969 1513 (non
1010 1438 1172 1498 enim
1216 1436 1517 1516 sapientes
1560 1435 1835 1516 eramus)
1884 1454 2157 1498 maerore
2199 1440 2257 1497 et

239 1522 442 1585 dolore
476 1521 973 1601 conscripsimus;
1010 1524 1280 1603 quodque
1311 1528 1475 1587 vetat
1510 1521 1908 1604 Chrysippus,
1944 1523 2031 1586 ad
2060 1541 2254 1585 recen-

163 1625 213 1665 15
242 1610 323 1673 tis
364 1610 545 1689 quasi
591 1614 853 1673 tumores
895 1610 1096 1674 animi
1137 1611 1469 1675 remedium
1514 1611 1809 1690 adhibere,
1852 1612 1923 1674 id
1962 1630 2074 1673 nos
2115 1610 2251 1689 feci-

239 1717 378 1761 mus
412 1702 788 1778 naturaeque
820 1698 946 1761 vim
986 1698 1324 1776 attulimus,
1369 1704 1441 1762 ut
1472 1699 1890 1780 maqnitudini
1923 1699 2256 1762 medicinae

239 1786 469 1849 doloris
510 1786 867 1867 maqnitudo
913 1787 1263 1850 concederet.
1314 1822 1389 1832 —
1442 1785 1538 1866 Cf.
1584 1785 1717 1850 III
1751 1791 1851 1850 31.
1901 1790 1982 1850 75
1999 1807 2121 1866 sqq.

372 1874 431 1935 4.
453 1872 575 1938 Cic.
600 1874 773 1938 Tuse.
794 1873 954 1938 134.
975 1879 1059 1938 83
1080 1873 1246 1952 Quid
1269 1894 1371 1955 eqo
1397 1894 1562 1938 nunc
1589 1875 1827 1956 luqeam
1851 1876 2043 1938 vitam
2064 1874 2252 1939 homi·

239 1982 413 2025 num.
405 1962 435 2006 9
511 1962 661 2027 Vere
700 1968 757 2026 et
787 1964 923 2026 iure
948 1982 1236 2043 possum;
1283 1963 1391 2027 sed
1423 1965 1574 2043 quid
1604 1983 1833 2028 necesse
1868 1969 1970 2040 est,
2017 1984 2154 2027 cum
2189 1964 2258 2026 id

160 2067 213 2105 20
241 2070 441 2130 aqam,
467 2069 545 2113 ne
564 2054 702 2129 post
727 2055 978 2114 mortem
996 2051 1247 2115 miseros
1263 2068 1377 2115 nos
1382 2056 1672 2132 putemus
1684 2053 1834 2133 fore,
1861 2052 2047 2115 etiam
2064 2053 2255 2115 vitam

241 2137 476 2217 efficere
509 2138 876 2237 deplorando
911 2138 1331 2202 miseriorem?
1402 2139 1691 2204 Fecimus
1724 2138 1834 2203 hoc
1866 2140 1937 2202 in
1981 2159 2047 2202 eo
2085 2139 2254 2215 libro,

241 2225 312 2288 in
345 2244 463 2305 quo
499 2229 732 2288 nosmet
762 2226 941 2306 ipsos,
986 2232 1287 2306 quantum
1311 2228 1648 2307 potuimus,
1693 2227 1987 2290 consolati
2026 2246 2254 2290 sumus.

375 2310 435 2375 5.
491 2309 614 2376 Cic.
675 2312 847 2376 Tusc.
903 2313 951 2378 I
986 2320 1084 2377 31.
1141 2317 1222 2378 75
1246 2334 1339 2414 sq.
1387 2314 1565 2378 Haec
1616 2315 1855 2394 quidem
1907 2316 2037 2376 vita
2090 2334 2256 2376 mors

241 2404 344 2481 est,
387 2420 574 2480 quam
620 2400 948 2463 lamentari
981 2420 1237 2482 possem,
1280 2402 1339 2465 si
1386 2402 1602 2466 liberet.
1667 2404 1746 2465 A.
1793 2400 1964 2465 Satis
2010 2406 2076 2464 tu
2120 2402 2253 2481 qui-

159 2505 211 2543 25
241 2489 376 2551 dem
411 2488 481 2551 in
509 2486 932 2552 Consolatione
966 2508 1028 2552 es
1064 2489 1468 2564 lamentatus,·
1513 2510 1701 2570 quam
1736 2509 1872 2552 cum
1909 2489 2049 2569 ler,
2095 2488 2255 2552 nihil

240 2576 404 2640 malo
457 2595 645 2656 quam
695 2575 810 2641 has
860 2597 957 2640 res
1008 2577 1372 2659 relinquere,
1434 2576 1533 2641 his
1594 2598 1729 2642 vero
1791 2578 1966 2641 modo
2020 2577 2254 2640 auditis

241 2665 431 2728 multo
477 2666 691 2745 maqis.

374 2752 431 2814 6.
469 2752 799 2833 Auqustin.
837 2754 909 2816 de
943 2753 1048 2816 civ.
1086 2753 1185 2816 dei
1220 2752 1404 2816 XIX
1426 2757 1484 2816 4.
1521 2757 1568 2817 2
1607 2752 1759 2831 Quis
1793 2754 2025 2832 sufficit
2057 2772 2253 2833 quan-

242 2841 393 2902 tovis
436 2840 805 2920 eloquentiae
846 2840 1102 2920 flumine
1143 2842 1305 2903 vitae
1347 2839 1535 2904 huius
1578 2842 1862 2904 miserias
1906 2839 2252 2921 explicare?

158 2945 211 2983 30
238 2947 426 3007 quam
492 2928 859 3013 lamentatus
918 2933 1005 2993 est
1056 2928 1260 2992 Cicero
1323 2929 1395 2992 in
1449 2926 1872 2992 Consolatione
1933 2929 2005 2992 de
2066 2932 2255 2991 morte

237 3015 433 3094 filiae,
478 3016 637 3079 sicut
665 3017 904 3096 potuit;
951 3017 1057 3080 sed
1097 3020 1399 3096 quantum
1443 3021 1552 3091 est,
1597 3017 1759 3096 quod
1787 3015 2041 3098 potuit?

375 3103 433 3164 7.
478 3103 648 3166 Ptin.
693 3108 821 3166 nat.
866 3102 1005 3167 hist.
1038 3103 1242 3184 praef.
1277 3107 1372 3167 22
1406 3102 1569 3167 Scito
1614 3105 2010 3183 conferentem
2053 3108 2247 3167 aueto-

236 3209 335 3253 res
376 3210 472 3253 me
523 3191 974 3272 deprehendisse
1025 3211 1068 3254 a
1120 3192 1522 3255 iuratissimis
1575 3196 1633 3253 et
1672 3192 1984 3271 proximis
2035 3195 2254 3254 veteres

239 3280 670 3358 transscriptos
704 3280 791 3342 ad
821 3279 1069 3342 verbum
1102 3299 1291 3359 neque
1325 3280 1688 3359 nominatos,
1733 3299 1860 3343 non
1897 3314 1981 3324 ——-
2018 3277 2251 3343 Cicero-

152 3381 206 3421 35
235 3365 437 3429 niana
478 3366 881 3448 simplicitate,
926 3368 1035 3447 qui
1078 3368 1150 3430 de
1183 3387 1251 3429 re
1277 3387 1342 3446 p.
1377 3366 1666 3430 Platonis
1700 3386 1764 3430 se
1797 3367 2069 3430 comitem
2102 3386 2249 3447 pro-

232 3454 458 3533 fitetur,
492 3455 564 3516 in
591 3452 1013 3519 Consolatione
1039 3453 1279 3536 [filiae]
1305 3451 1706 3533 Crantorem,
1742 3454 1961 3535 inquit,
2000 3475 2247 3536 sequor.

235 3576 319 3586 —
350 3540 714 3622 Hieronym.
751 3543 917 3622 epist.
947 3546 1044 3605 60.
1072 3544 1112 3604 5
1143 3542 1213 3606 Τ.
1241 3541 1292 3603 Ι
1313 3562 1376 3621 p.
1405 3545 1531 3621 334
1559 3540 1623 3605 C.
1664 3541 1925 3606 Vallars.
1962 3543 2251 3623 Leqimus
