2630 3913
943 172 1093 230 CAP.
1131 179 1286 227 4-7.
1363 180 1391 238 ξ
1434 180 1654 227 11—16.
2177 174 2307 237 429

296 336 503 401 fretus
551 356 803 419 supero,
851 335 907 398 si
951 334 1127 399 facta
1171 336 1646 419 compensanda
1688 338 1856 418 sunt,
1902 336 2308 400 conferamus

297 425 712 508 aequitatem,
759 422 817 486 si
852 422 1199 487 violentiae
1237 423 1483 507 impetu
1521 423 1962 508 opprimimur,
2008 423 2308 488 decedam

296 535 415 598 pro
465 511 762 576 omnibus
810 533 973 575 unus
1021 511 1367 575 tribunicio
1410 511 1630 594 furori,
1677 512 1981 595 quoniam
2018 512 2309 576 laborem

296 623 415 685 pro
471 600 719 665 cunctis
774 600 1058 684 perferre
1115 599 1432 664 consuevi.
1524 597 1592 663 Si
1637 599 1839 685 igitur
1885 600 2104 683 aliquo
2149 603 2308 665 tem·
2337 583 2377 645 6

243 709 267 747 5
296 711 452 775 pore
496 689 579 752 iis
624 687 996 752 hominibus
1044 687 1459 752 consulu1st1s
1470 738 1486 770 ,
1544 710 1813 771 quorum
1867 688 2119 753 animus
2164 689 2309 752 reli·
2350 661 2414 708 14

299 779 489 877 gione
533 776 798 860 pietatis
846 776 1182 840 defunctus
1228 782 1330 853 est,
1377 776 1625 840 debetis
1672 776 1832 840 mihi
1878 798 2130 860 quoque
2165 798 2310 860 pro-

298 866 574 950 spicere,
639 864 750 949 qui
810 886 1049 929 numen
1112 826 1375 928 deoruin
1435 870 1878 930 consecratum
1934 869 2182 929 sartum
2235 886 2309 930 ae

297 957 542 1018 tectum
590 954 672 1017 ab
721 953 896 1017 omni
940 953 1195 1036 piaculo
1242 953 1617 1017 conservavi
1663 957 1755 1036 et,
1809 975 1924 1018 vos
1977 957 2051 1017 ut
2096 957 2308 1018 tutam

299 1065 373 1106 ac
417 1041 843 1125 tranquillam
887 1040 1218 1105 fortunam
1262 1041 1629 1124 traheretis,
1679 1063 1824 1106 mea
1867 1042 2106 1124 perfeci
2150 1042 2309 1126 vigi-

217 1148 270 1188 ιο
299 1130 522 1195 lantia.
611 1128 783 1194 Nam
830 1152 959 1211 me,
1015 1152 1205 1213 quem
1259 1130 1453 1213 paulo
1510 1134 1660 1193 ante
1710 1130 1973 1195 fortuna
2019 1134 2308 1194 erexerat

298 1219 381 1283 ad
417 1218 714 1303 gloriam,
759 1219 858 1282 cui
892 1218 1100 1282 virtus
1139 1217 1416 1283 contulit
1452 1219 1725 1301 laudem,
1762 1218 2038 1303 populus
2076 1219 2309 1283 tribuit

295 1307 636 1390 honorem,
684 1306 952 1370 eundem
998 1306 1244 1370 tribuni
1288 1307 1470 1371 furor
1515 1307 1886 1390 exagitatus
1934 1307 2182 1390 depulit
2227 1307 2311 1370 ad

297 1395 756 1460 calamitatem.
821 1393 1138 1469 Quoniam
1176 1395 1726 1458 animadvertistis
1763 1394 1950 1459 illam
1986 1395 2310 1479 conspira-

297 1484 542 1548 tionem
597 1483 943 1548 conflatam
997 1483 1093 1547 ita
1138 1504 1277 1546 esse
1323 1483 1729 1566 restinctam,
1782 1487 1858 1546 ut
1912 1483 2094 1547 nulla
2150 1484 2310 1547 scin-

222 1590 273 1630 ιε
299 1572 448 1636 tilla
478 1574 849 1671 compareat
884 1570 1177 1654 incendii,
1212 1593 1328 1635 vos
1367 1592 1618 1655 quoque
1645 1571 2058 1635 tribuniciam
2089 1571 2309 1636 sedate

295 1749 474 1832 prius
530 1771 669 1813 esse
725 1752 1010 1814 vestrum
1074 1748 1405 1833 professus
1470 1752 1569 1812 est
1620 1745 2009 1834 inimicum),
2071 1770 2151 1812 ne
2215 1749 2311 1813 rei

296 1837 643 1902 crudelitas
701 1841 965 1921 experta
1014 1837 1084 1900 in
1139 1860 1241 1902 me
1295 1838 1366 1901 in
1410 1859 1524 1902 vos
1576 1837 1986 1902 convalescat
2032 1840 2096 1900 et
2143 1836 2308 1901 cala·

297 1925 494 1989 mitas
539 1929 866 1990 remorata
911 1925 1170 2011 longius
1218 1930 1439 2011 serpat
1485 1949 1559 1992 ac
1605 1926 2083 2013 progrediatur,
2128 1947 2308 2010 prae-

218 2031 272 2070 20
299 2016 538 2077 cavete.
627 2013 814 2077 Nunc
870 2014 970 2077 vel
1027 2014 1202 2077 solus
1260 2016 1543 2079 delectus
1592 2015 1673 2079 ad
1717 2016 2157 2081 calamitatem
2203 2015 2307 2079 vel
2348 2032 2412 2079 15

296 2099 546 2185 primus
610 2100 692 2163 ad
752 2099 886 2163 tale
945 2105 1247 2164 evocatus
1304 2102 1657 2184 periculum
1714 2103 2002 2168 omnium
2059 2103 2308 2168 animos

297 2190 438 2253 iure
477 2187 677 2251 debeo
715 2209 1135 2252 commovere.
1197 2186 1431 2252 Omnia
1468 2194 1619 2253 sunt
1661 2190 2033 2273 immutata3
2077 2212 2308 2254 manus

297 2277 660 2362 religantur
705 2275 786 2340 ad
832 2276 1398 2339 demonstrandam
1442 2277 1774 2360 iniuriam,
1820 2279 2044 2363 lingua
2086 2277 2307 2342 incidi-

297 2370 407 2430 tur
452 2365 533 2429 ad
580 2364 1043 2449 deplorandam
1079 2364 1536 2448 calamitatem,
1583 2366 1834 2429 animus
1871 2365 2311 2449 praecluditur

218 2470 270 2510 2⁵
299 2454 382 2519 ad
419 2453 857 2537 exponendam
893 2452 988 2517 rei
1022 2452 1493 2537 indignitatem.
1557 2452 2015 2518 Humilitatem
2056 2455 2308 2539 generis

299 2542 588 2607 obiciunt
632 2542 848 2624 nobiS,
903 2541 1014 2625 qui
1056 2563 1293 2606 novam
1339 2541 1657 2606 rationem
1713 2542 2056 2625 suscitant,
2112 2543 2308 2609 maio-

297 2653 441 2695 rum
489 2631 794 2695 obterunt
841 2630 1080 2695 laudes.
1153 2626 1278 2694 Sed
1324 2630 1478 2713 quid
1523 2651 1643 2715 ego
1688 2630 1878 2714 plura
1924 2630 2000 2694 de
2043 2631 2308 2696 illorum

299 2723 413 2783 aut
449 2718 518 2783 in
552 2741 654 2783 me
692 2718 1053 2783 maledictis
1092 2719 1254 2783 aut
1234 2741 1303 2782 1n
1331 2740 1448 2783 vos
1476 2720 1788 2784 scelerate
1815 2719 2047 2803 loquar
2073 2720 2306 2785 factis?

298 2829 572 2890 quorum
646 2808 911 2893 cognita
982 2807 1367 2892 improbitas
1441 2829 1544 2872 me
1620 2812 1873 2872 tacente
1937 2809 2310 2909 coarguitur

218 2911 270 2951 ³0
298 2896 697 2978 turpitudine
747 2896 942 2979 vitae,
997 2900 1070 2959 ut
1126 2896 1202 2959 de
1255 2896 1337 2960 iis
1393 2918 1525 2960 non
1578 2897 1666 2961 sit
1710 2918 1967 2961 necesse
2010 2896 2306 2962 inimicos

294 2984 692 3085 praedicare,
749 2985 825 3049 de
881 3006 1154 3068 quorum
1210 2985 1448 3049 scelere
1500 3007 1581 3049 ne
1637 2985 1829 3049 amici
1882 2984 2139 3068 quidem
2195 2989 2308 3049 aut

295 3072 423 3157 ipsi
468 3076 742 3157 possunt
785 3094 1039 3158 negare.
1111 3071 1247 3137 Vos
1294 3094 1414 3157 ego
1462 3074 1735 3158 appe110,
1782 3095 2054 3157 quorum
2092 3074 2169 3137 de
2206 3096 2308 3139 me
2347 3091 2413 3138 16

295 3161 579 3225 maxima
624 3164 725 3224 est
768 3164 1089 3245 potestas3
1149 3161 1320 3246 apud
1374 3183 1491 3225 vos
1544 3162 1775 3246 loquor
1829 3162 1906 3226 de
1953 3183 2097 3227 mea
2142 3162 2306 3227 cala·

295 3250 542 3333 mitate,
581 3270 742 3331 quos
779 3248 981 3313 habui
1017 3271 1268 3333 semper
1293 3250 1698 3315 innocentiae
1727 3254 1792 3314 et
1828 3250 2088 3314 virtutis
2126 3272 2306 3315 meae

215 3352 266 3393 ³5
294 3342 514 3402 testes.
594 3337 807 3421 Igitur
852 3359 927 3402 ex
976 3337 1238 3402 civitate
1282 3339 1446 3403 bene
1494 3338 1762 3403 meritus
1808 3338 1885 3403 de
1932 3360 2000 3402 re
2043 3338 2307 3423 publica
2347 3341 2381 3402 7

292 3426 449 3491 civis
498 3427 896 3509 exturbatur,
943 3426 1245 3491 innocens
1293 3427 1652 3511 expellitur,
1699 3427 2056 3493 consularis
2092 3427 2304 3511 hom0,

291 3536 423 3578 non
491 3514 776 3578 minimis
841 3515 1260 3580 facultatibus
1326 3538 1480 3580 usus
1546 3517 1869 3601 quondam
1932 3516 2304 3600 amicorum,
