2630 3913
672 196 805 252 LIB.
843 197 939 254 III.
1015 195 1167 253 CAP.
1212 203 1295 265 14,
1337 203 1419 253 15.
1493 203 1522 264 ἓ
1560 203 1783 254 58-63.
2136 199 2260 264 109

247 383 395 427 cum
432 363 605 425 esset
643 359 820 424 aliud
856 360 1251 442 simulatum,
1297 359 1475 424 aliud
1519 365 1752 425 actum.
1822 359 1965 426 Hoc
2002 361 2259 445 quidem

249 470 403 515 sane
449 448 773 513 luculente
827 451 902 512 ut
958 447 1039 512 ab
1084 447 1346 513 homine
1390 448 1601 533 perito
1648 448 2008 514 definiendi.
2078 449 2258 536 Ergo

249 542 316 603 et
359 536 635 619 Pythius
682 539 748 600 et
794 557 1014 601 omnes
1063 536 1240 600 aliud
1294 540 1591 621 agentes,
1646 537 1822 601 aliud
1877 537 2257 603 simulantes

248 625 494 710 perfidi,
538 624 839 708 improbi,
884 624 1212 690 malitiosi.
1300 622 1574 689 Nullum
1617 624 1822 710 igitur
1866 647 2088 690 eorum
2131 627 2259 691 fac-

197 731 223 772 6
248 718 389 778 tum
435 716 653 797 potest
697 712 858 777 utile
905 733 1073 796 esse,
1128 735 1273 777 cum
1328 712 1415 776 sit
1459 716 1563 776 tot
1607 713 1785 777 vitiis
1830 713 2257 797 inquinatum.

382 800 626 877 Quodsi
670 799 1022 884 Aquiliana
1067 800 1354 865 definitio
1400 822 1555 864 vera
1600 805 1732 885 est,
1777 823 1855 865 ex
1901 803 2078 866 omni
2120 803 2259 867 vita
2284 775 2365 838 15

250 889 581 954 simulatio
648 888 1204 972 dissimulatioque
1261 889 1553 954 tollenda
1608 893 1724 954 est.
1813 888 1945 973 Ita,
2007 912 2123 956 nec
2185 895 2260 955 ut

252 981 425 1042 emat
478 976 709 1041 melius
761 999 879 1042 nec
931 981 1008 1041 ut
1050 978 1315 1061 vendat,
1375 977 1718 1061 quicquam
1740 978 2102 1057 simulabit
2148 984 2263 1043 aut

252 1065 690 1130 dissimulabit
741 1065 842 1129 vir
910 1066 1137 1130 bonus,
1225 1063 1432 1148 Atqui
1492 1065 1618 1130 iste
1683 1060 1869 1130 dolus
1923 1067 2133 1131 malus
2196 1071 2261 1131 et

174 1173 225 1212 ιο
252 1154 505 1240 legibus
553 1157 695 1218 erat
738 1153 1119 1235 vindicatus,
1163 1156 1238 1217 ut
1271 1154 1342 1217 in
1382 1153 1591 1217 tutela
1626 1152 1961 1218 duodecim
1996 1155 2260 1238 tabulis,

251 1241 758 1327 circumscriptio
814 1241 1321 1306 adulescentium
1375 1241 1520 1326 lege
1573 1240 1928 1324 Plaetoria,
1993 1247 2059 1306 et
2123 1243 2258 1307 sine

250 1332 397 1416 lege
442 1329 712 1414 iudiciis,
755 1329 825 1394 in
870 1329 1102 1413 quibus
1150 1329 1408 1394 additur
1451 1347 1548 1393 Ex
1597 1347 1762 1394 FIDE
1808 1347 2015 1395 BONA.
2087 1330 2258 1394 Reli-

252 1439 528 1502 quorum
580 1421 797 1483 autem
844 1416 1226 1483 iudiciorum
1270 1418 1430 1482 haec
1473 1417 1673 1482 verba
1726 1417 2006 1482 maxime
2061 1418 2260 1483 excel-

252 1507 423 1571 lunt:
467 1505 537 1570 in
580 1505 852 1571 arbitrio
899 1506 992 1570 rei
1037 1506 1298 1570 uxoriae
1339 1523 1592 1571 MELIUS
1630 1523 1947 1589 AEQUIUS,
1990 1506 2060 1570 in
2103 1506 2261 1570 fidu-

173 1610 226 1652 15
252 1595 355 1660 cia
396 1612 486 1659 UT
530 1612 741 1659 mma
783 1610 1009 1660 Bonos
1046 1612 1232 1658 BENE
1269 1611 1502 1658 Aoum.
1576 1592 1742 1668 Quid
1788 1595 1986 1680 ergo?
2035 1599 2148 1659 aut
2192 1595 2259 1658 in

252 1705 347 1767 e0,
384 1700 572 1760 QUOD
600 1699 857 1747 MELIUS
884 1699 1200 1765 AEQUIUS,
1236 1685 1456 1766 potest
1490 1681 1629 1746 ulla
1655 1704 1807 1767 pars
1843 1683 2054 1747 inesse
2091 1682 2260 1746 frau-

252 1772 395 1836 dis?
443 1775 573 1854 aut,
620 1793 766 1835 cum
812 1770 1045 1835 dicitur
1083 1787 1294 1835 m'rER
1329 1787 1557 1835 Bonos
1593 1788 1776 1834 BENE:
1813 1788 2043 1855 Aenea,
2090 1770 2260 1854 quic-

253 1882 447 1945 quam
492 1858 603 1945 agi
649 1858 871 1924 dolose
917 1862 1031 1923 aut
1073 1858 1399 1923 malitiose
1444 1857 1706 1942 potest?
1787 1858 1995 1924 Dolus
2043 1863 2260 1924 autem

253 1948 464 2014 malus
500 1947 570 2012 in
606 1946 1036 2031 simulatione,
1079 1951 1155 2011 ut
1191 1946 1284 2011 ait
1310 1946 1628 2031 Aquilius,
1665 1947 2049 2013 continetur.
2112 1946 2259 2013 Tol-

174 2036 516 2101 nolendum
571 2040 672 2100 est
723 2036 927 2120 igitur
981 2058 1057 2100 ex
1113 2036 1303 2100 rebus
1360 2035 1812 2100 contrahendis
1860 2058 2048 2102 omne
2087 2058 2260 2101 men·

257 2124 535 2207 dacium3
588 2144 721 2189 non
763 2123 1224 2189 inlicitatorem
1278 2123 1602 2207 venditor,
1654 2145 1813 2206 non,
1869 2124 1980 2207 qui
2035 2128 2262 2189 contra

258 2233 327 2277 se
354 2211 641 2294 liceatur,
679 2215 932 2296 emptor
970 2215 1277 2297 apponet3
1312 2214 1601 2294 uterque,
1639 2211 1695 2275 si
1723 2212 1805 2276 ad
1834 2211 2261 2295 eloquendum

256 2298 533 2381 venerit,
583 2320 716 2363 11011
757 2300 906 2385 plus
953 2321 1147 2383 quam
1192 2298 1393 2363 semel
1441 2299 1791 2383 eloquetur.
1882 2297 1954 2374 Q.
2001 2299 2259 2382 quidem

256 2385 567 2452 Scaevola
608 2386 678 2451 P.
721 2386 784 2470 f.‚
828 2410 973 2453 cum
1017 2388 1442 2472 postulasset,
1485 2390 1559 2451 ut
1604 2386 1730 2450 sibi
1773 2386 2036 2469 fundus,
2082 2387 2261 2451 cuius

172 2493 230 2534 25
257 2479 513 2560 emptor
558 2479 722 2559 erat,
782 2477 979 2540 semel
1024 2475 1416 2541 indicaretur
1458 2474 1650 2557 idque
1694 2473 2005 2561 venditor
2024 2473 2132 2564 ,ita
2174 2474 2262 2537 fe-

255 2564 469 2647 cisset,
515 2563 676 2628 dixit
710 2585 780 2628 se
817 2564 1023 2648 pluris
1051 2568 1442 2646 aestumare3
1487 2562 1733 2627 addidit
1769 2562 2260 2634 centum-milia.

254 2651 463 2717 Nemo
520 2655 645 2735 est,
705 2651 816 2735 qui
859 2651 984 2717 hoc
1038 2652 1161 2717 viri
1213 2651 1370 2717 boni
1422 2650 1621 2715 fuisse
1673 2654 1895 2736 neget,
1949 2650 2261 2735 sapientis

252 2743 523 2826 negant,
585 2744 660 2805 ut
714 2740 771 2804 si
828 2739 1121 2823 minoriS,
1187 2762 1382 2823 quam
1443 2738 1788 2824 potuisset,
1850 2739 2261 2803 vendidisset.

255 2827 434 2893 Haec
477 2828 683 2913 igitur
728 2831 828 2891 est
872 2827 990 2891 illa
1033 2828 1364 2912 pernicieS,
1412 2826 1583 2911 quod
1620 2827 1784 2892 alios
1822 2828 2048 2911 bonos,
2096 2827 2262 2892 alios

174 2934 231 2975 so
258 2917 582 3002 sapientes
640 2915 1028 2980 existimant.
1117 2915 1217 2979 Ex
1276 2937 1403 2999 quo
1458 2915 1706 2980 Ennius
1772 2914 2262 2998 ‘nequiquam

257 3025 526 3089 sapere
582 3004 1037 3088 sapientem,
1098 3004 1225 3087 qui
1277 3004 1444 3089 ipse
1499 3002 1652 3068 sibi
1704 3003 2070 3088 prodesse
2115 3023 2263 3068 non

257 3090 552 3176 quiret?
641 3090 810 3156 Vere
863 3090 932 3155 id
984 3091 1268 3175 quidem,
1324 3092 1406 3174 si,
1462 3090 1615 3175 quid
1669 3094 1839 3154 esset
1894 3088 2262 3174 ‘prodesse',

257 3180 418 3244 mihi
463 3202 608 3245 cum
642 3179 856 3244 Ennio
895 3179 1280 3245 conveniret.
1352 3178 1752 3244 Hecatonem
1797 3178 2053 3261 quidem
2089 3177 2260 3242 Rho-

259 3268 461 3351 dium,
507 3267 893 3352 discipulum
937 3267 1238 3352 Panaeti,
1283 3267 1468 3332 video
1511 3268 1583 3331 111
1615 3266 1697 3330 iis
1735 3265 1938 3349 libris,
1985 3287 2146 3349 quos
2186 3265 2262 3329 de

175 3370 233 3414 ³5
259 3355 472 3421 officio
531 3355 790 3440 scripsit
844 3354 915 3430 Q.
961 3354 1311 3439 Tuberoni,
1367 3356 1575 3420 dicere
1631 3353 2040 3438 ‘sapientis
2096 3375 2262 3419 esse

256 3443 457 3508 nihil
504 3447 774 3508 contra
819 3466 1093 3528 moreS,
1138 3445 1380 3530 leges,
1431 3441 1806 3507 instituta
1849 3442 2263 3507 facientem

256 3532 543 3596 habere
605 3531 984 3596 rationem
1047 3533 1159 3597 rei
1219 3530 1655 3597 familiaris.
1745 3529 2007 3617 Neque
2068 3531 2263 3596 enim

2295 852 2362 900 61

2296 2316 2364 2366 62

2298 3194 2360 3244 62
