2630 3913
440 799 490 865 L
553 795 1102 863 FRAGMENTA
1148 794 1606 861 LIBRORUM
1649 792 2244 860 INCERTORUM.

472 942 528 1005 1.
587 940 841 1019 Quintil.
897 939 969 1002 X
1019 944 1077 1002 6.
1123 942 1166 1001 4
1220 936 1426 1002 Gieero
1479 941 1632 1001 certe
1685 934 2065 1000 Graecorum
2116 935 2353 1000 Metro·

334 1031 552 1095 dorum
615 1026 929 1110 Scepsium
989 1032 1048 1091 et
1105 1025 1442 1107 Empylum
1505 1023 1816 1088 Rhodium
1886 1028 2356 1104 nostrorumque

336 1117 740 1182 Hortensium
793 1116 1076 1198 tradidit,
1138 1134 1293 1196 quae
1346 1114 1778 1195 ooyitaverant,
1841 1112 1930 1175 ad
1984 1111 2230 1176 verbum
2285 1113 2357 1175 in

336 1207 566 1288 aqendo
612 1204 929 1269 rettulisse.
2407 1217 2432 1257 ⁵

470 1295 528 1357 2.
578 1293 786 1373 Quint.
829 1291 903 1356 X
946 1296 1003 1356 7.
1039 1295 1122 1355 14
1166 1289 1373 1355 Deum
1417 1295 1561 1354 tunc
1604 1289 1894 1369 adfuisse,
1938 1307 2077 1353 cnm
2120 1288 2193 1353 id
2233 1307 2357 1352 eve·

335 1384 525 1447 nisset
584 1380 686 1463 (ut
743 1399 1078 1445 successum
1148 1379 1613 1460 extemporalem
1674 1377 1954 1458 consequi
2015 1396 2167 1440 cura
2229 1395 2359 1440 non

332 1470 575 1555 posset),
620 1473 839 1533 veteres
882 1473 1150 1532 oratores
1192 1472 1265 1531 at
1298 1466 1505 1531 Cicero
1551 1465 1929 1530 dictitabant.

471 1558 529 1622 3.
571 1557 778 1636 Quint.
816 1555 888 1619 X
924 1562 980 1620 7.
1017 1560 1110 1621 28
1143 1554 1242 1619 Ne
1284 1556 1356 1619 id
1395 1555 1638 1635 quidem
1682 1554 2003 1618 tacendum
2046 1556 2148 1635 est,
2195 1554 2360 1633 quod

338 1647 528 1710 eidem
583 1643 860 1710 Ciceroni
909 1644 1140 1726 placet,
1201 1643 1447 1707 nullum
1499 1646 1778 1707 nostrum
1837 1659 2101 1722 usquam
2160 1641 2355 1723 neyle-
2383 1661 2431 1698 ιο

332 1739 568 1817 yentem
604 1752 725 1797 esse
759 1750 1125 1807 sermonem;
1166 1732 1467 1811 quidquid
1501 1731 1813 1811 loquemur
1846 1729 2229 1809 ubicumque,
2274 1730 2361 1793 sit

334 1842 449 1902 pro
492 1841 610 1885 sua
652 1819 876 1884 seilicet
909 1820 1191 1898 portione
1223 1819 1580 1899 perfectum.

470 1908 530 1975 4.
596 1906 800 1986 Quint.
860 1905 1021 1969 XII
1064 1910 1161 1970 10.
1216 1907 1298 1971 56
1363 1906 1536 1971 Nam
1596 1907 1666 1972 id
1723 1925 1954 1989 qnoque
2004 1907 2358 1988 plurimum

337 1996 546 2079 refert,
609 2015 727 2076 quo
780 1995 956 2059 modo
1009 1995 1226 2058 audire
1278 1996 1465 2060 iudea:
1515 1996 1682 2078 velit,
1737 2000 1918 2077 atque
1968 1996 2100 2060 eius
2151 1995 2358 2059 vultus·

339 2105 512 2167 saepe
555 2085 684 2166 ipse
726 2087 919 2147 rector
961 2088 1050 2148 est
1090 2084 1370 2167 dicentis,
1412 2089 1485 2147 ut
1528 2082 1734 2148 Oioero
1766 2084 2087 2165 praecipit.
2384 2101 2434 2141 1⁵

472 2172 532 2255 5,
578 2173 636 2236 6.
687 2171 894 2251 Quint.
940 2171 1060 2235 XI
1085 2176 1140 2237 1.
1178 2176 1267 2237 92
1310 2171 1515 2236 Cicero
1559 2172 1824 2252 quodam
1870 2172 1994 2235 loeo
2037 2171 2249 2236 scribit
2291 2169 2359 2234 id

341 2283 479 2325 esse
527 2260 866 2345 optimum,
913 2259 1104 2344 quod,
1148 2281 1292 2324 cum
1330 2262 1398 2323 te
1437 2259 1627 2324 facile
1664 2258 2011 2324 credideris
2049 2259 2359 2342 consequi

339 2349 723 2432 imitatione,
767 2369 900 2413 non
942 2348 1181 2433 possis3
1227 2348 1353 2412 alio
1395 2367 1532 2412 vero
1576 2369 1709 2411 non
1752 2346 1821 2410 id
1867 2346 2096 2432 egisse,
2142 2350 2217 2411 ut
2259 2348 2358 2411 ita

341 2438 597 2520 diceret,
635 2459 761 2521 quo
800 2436 991 2501 modo
1030 2458 1098 2500 se
1136 2435 1411 2519 quilibet
1447 2456 1637 2519 posse
1671 2434 2039 2518 confideret,
2076 2435 2190 2499 sed
2229 2457 2355 2519 quo

340 2525 530 2591 modo
586 2547 793 2590 nemo.
848 2560 935 2571 —
981 2522 1266 2589 ‘Similia
1321 2524 1602 2606 leyuntnr
1651 2524 1722 2587 in
1778 2521 1949 2588 Orat.
2001 2526 2107 2589 23.
2166 2528 2250 2588 76
2302 2529 2362 2588 et
2384 2543 2435 2581 20

339 2618 444 2679 28.
491 2617 578 2679 97
591 2612 609 2640 ’
656 2614 874 2678 Halm.

475 2701 534 2765 7.
587 2701 868 2764 Laetant.
922 2701 1063 2764 inst.
1117 2702 1234 2765 cliv.
1293 2700 1439 2765 VII
1473 2705 1532 2766 8.
1577 2706 1619 2764 9
1671 2699 1957 2782 Denique
2007 2706 2069 2765 et
2113 2697 2360 2766 Tullius

339 2789 626 2871 expositis
668 2788 886 2853 horum
930 2789 1204 2853 omnium
1248 2790 1322 2853 cle
1363 2788 1829 2853 immortalitate
1871 2808 1947 2853 ac
1989 2793 2182 2853 morte
2225 2810 2356 2855 sen-

341 2879 545 2943 tentiis
587 2878 818 2942 nescire
858 2895 947 2961 se,
998 2865 1150 2958 quid
1194 2878 1277 2941 sit
1318 2897 1554 2960 verum,
1598 2878 2032 2957 pronuntiavit
2079 2913 2178 2942 -.
2269 2878 2362 2941 Et

338 2986 557 3032 rursus
602 2966 786 3030 alibi:
842 2961 1159 3038 Quoniam
1204 2967 1508 3048 utraque,
1551 2965 1779 3046 inquit,
1832 2986 2053 3029 earum
2101 2969 2360 3029 senten·
2386 2984 2436 3024 25

339 3055 577 3118 tiarum
618 3052 1026 3118 doctissimos
1064 3052 1295 3117 habuit
1334 3055 1629 3117 auctores
1666 3075 1800 3137 nec,
1848 3052 2002 3137 quid
2043 3054 2207 3118 certi
2256 3054 2361 3136 sit,

341 3142 617 3206 divinari
663 3145 897 3225 potest.

474 3231 531 3294 8.
570 3229 763 3294 Solin.
800 3229 850 3292 I
877 3232 968 3294 27
991 3251 1061 3311 p.
1098 3234 1193 3294 11.
1226 3233 1269 3293 4
1305 3229 1644 3311 Pomponio
1678 3228 1887 3294 Attico
1922 3237 1980 3295 et
2012 3230 2109 3295 M.
2152 3231 2362 3297 Tullio

339 3317 639 3395 (Romam
694 3318 1000 3381 conditam
1052 3336 1175 3383 esse
1220 3317 1452 3401 placet)
1505 3318 1875 3400 olympiadis
1935 3323 2140 3384 sextae
2192 3341 2363 3386 anno

341 3404 531 3466 tertio.
585 3439 656 3449 —
711 3404 803 3483 Of.
851 3405 923 3468 de
967 3424 1033 3468 re
1065 3405 1234 3487 publ.
1281 3405 1372 3469 ΙΙ
1410 3410 1508 3470 10.
1553 3410 1653 3470 18.
2389 3423 2439 3463 so

472 3487 534 3550 9.
571 3490 833 3571 Auyust.
870 3493 977 3555 civ.
1014 3493 1072 3556 ol.
1102 3492 1326 3556 XXII
1349 3496 1443 3558 22
1459 3498 1574 3558 ext.
1615 3493 1814 3572 Quam
1854 3493 2364 3579 Qohilosophiam)

339 3572 432 3633 dii
473 3574 835 3651 quibusdam
873 3580 1119 3661 paneis,
1164 3581 1260 3642 ait
1307 3580 1577 3660 Tullius,
1631 3600 1838 3645 veram
1882 3583 2198 3661 dederunt,
2246 3605 2364 3648 nec
