2630 3913
203 628 267 677 27

198 1950 262 1999 28

219 3318 258 3379 9

195 3395 258 3442 29

307 186 438 248 222
1154 185 1475 241 TIMAEUS

307 349 798 413 accommodans
827 349 1192 433 copulabat.
1258 346 1363 412 Sic
1392 349 1643 413 animus
1686 371 1726 413 a
1753 348 1961 414 medio
1991 349 2322 433 profectus

307 437 785 501 extremitatem
830 437 993 502 caeli
1039 460 1078 502 a
1115 458 1418 521 suprema
1452 437 1717 522 regione
1753 437 2032 501 rotundo
2071 439 2322 502 ambitu

307 524 699 589 circumiecit
746 546 1011 609 seseque
1056 525 1196 609 ipse
1242 546 1506 590 versans
1555 525 1844 590 divinum
1890 525 2322 611 sempiternae

309 613 748 698 sapientisque
794 614 968 678 vitae
1021 613 1274 677 induxit
1330 614 1678 678 exordium.
1767 612 1857 677 Et
1902 635 2136 699 corpus
2188 615 2322 699 qui·

308 702 454 765 dem
499 701 662 767 caeli
708 701 1104 787 aspectabile
1141 701 1440 767 effectum
1478 705 1597 786 est,
1642 701 1896 766 animus
1930 707 2148 767 autem
2179 725 2323 768 ocu·
2377 721 2404 761 5

306 790 519 854 lorum
565 790 793 876 effugit
840 794 1160 875 optutum.
1248 789 1374 854 Est
1420 793 1638 855 autem
1683 812 1847 855 unus
1894 812 1973 855 ex
2020 792 2320 856 omnibus

306 877 579 942 rationis
626 878 1216 962 concentionisque‚
1274 900 1437 962 quae
1492 872 1780 961 ἁρμονία
1827 876 2100 963 Graece,
2161 901 2321 945 sem-

304 966 707 1051 piternarum
771 989 988 1032 rerum
1053 970 1118 1031 et
1183 967 1302 1030 sub
1366 965 1886 1052 intellegentiam
1951 968 2319 1033 cadentium

306 1076 570 1139 compos
617 1058 683 1120 et
726 1056 1072 1140 particeps,
1120 1077 1246 1138 quo
1283 1054 1449 1118 nihil
1488 1058 1588 1119 est
1626 1055 1708 1119 ab
1748 1055 1996 1140 optimo
2036 1060 2103 1120 et
2136 1079 2317 1157 prae·

304 1142 709 1208 stantissimo
749 1144 1042 1231 genitore
1079 1143 1309 1208 melius
1343 1148 1783 1227 procreatum3
1833 1144 2069 1229 quippe
2102 1145 2212 1228 qui
2240 1166 2317 1209 ex
2347 1165 2399 1203 10

304 1231 526 1296 eadem
571 1232 828 1297 iunctus
871 1232 1204 1315 alteraque
1239 1234 1476 1296 natura
1504 1231 1807 1296 adiuncta
1844 1232 2120 1297 materia
2154 1236 2317 1297 tem-

303 1321 637 1420 peratione
699 1320 902 1384 trium
963 1320 1250 1405 partium
1320 1320 1742 1404 proportione
1805 1325 2156 1405 conpactus
2166 1372 2183 1405 ,
2248 1343 2316 1387 se

301 1408 441 1492 ipse
488 1431 894 1490 conversam,
935 1431 1082 1473 cum
1118 1409 1459 1473 materiam
1504 1408 1888 1473 mutabilem
1928 1410 2207 1494 arripuit
2252 1413 2318 1475 et

302 1519 448 1561 cum
492 1519 714 1562 rursus
761 1497 1158 1562 individuam
1194 1499 1391 1580 atque
1428 1496 1807 1581 simplicem,
1843 1519 1960 1583 per
1997 1519 2067 1562 se
2105 1498 2314 1563 omnis

302 1589 600 1650 movetur
655 1585 1113 1669 discernitque,
1159 1585 1314 1667 quid
1361 1584 1448 1649 sit
1493 1584 1777 1650 eiusdem
1825 1607 2079 1671 genens
2088 1637 2106 1669 ,
2163 1586 2317 1671 quid
2349 1604 2398 1644 15

304 1674 600 1757 alteriUS,
648 1679 714 1737 et
761 1677 974 1738 cetera
1029 1673 1365 1756 diiudicat,
1422 1673 1577 1758 quid
1636 1674 1865 1758 cuique
1912 1674 2007 1738 rei
2053 1674 2139 1739 sit
2185 1698 2316 1739 ma-

301 1762 471 1826 xime
518 1766 762 1845 aptum,
809 1761 961 1846 quid
1008 1783 1260 1846 quoque
1299 1761 1443 1827 loco
1491 1767 1605 1826 aut
1642 1763 1834 1828 modo
1872 1766 1987 1828 aut
2023 1766 2315 1848 tempore

303 1850 671 1935 contingat,
729 1872 1019 1935 quaeque
1081 1850 1412 1915 distinctio
1477 1850 1565 1915 sit
1618 1850 1788 1915 inter
1856 1873 1949 1935 ea,
2005 1872 2168 1935 quae
2225 1851 2316 1937 gi-

303 1941 604 2024 gnantur,
652 1942 715 2002 et
753 1961 845 2023 ea,
893 1961 1056 2022 quae
1093 1938 1226 2003 sint
1264 1961 1519 2023 semper
1556 1939 1795 2005 eadem.
1863 1938 2059 2005 Ratio
2097 1943 2315 2005 autem

300 2049 482 2110 vera,
538 2049 700 2110 quae
746 2031 1044 2092 versatur
1087 2028 1158 2091 in
1201 2027 1309 2111 iis,
1366 2049 1530 2112 quae
1578 2032 1730 2092 sunt
1776 2050 2027 2113 semper
2074 2028 2312 2111 eadem,
2342 2047 2395 2086 20

302 2120 368 2180 et
411 2114 481 2178 in
525 2116 634 2199 iis,
682 2137 845 2200 quae
890 2120 1246 2199 mutantur,
1300 2137 1448 2181 cum
1491 2117 1563 2181 in
1608 2117 1833 2181 eodem
1880 2121 1945 2181 et
1989 2117 2060 2180 in
2105 2118 2312 2181 altero

301 2207 599 2269 movetur
645 2205 788 2289 ipsa
836 2226 953 2290 per
998 2226 1138 2269 sese
1193 2204 1332 2268 sine
1395 2225 1550 2269 voce
1616 2208 1682 2269 et
1746 2205 1882 2269 sine
1939 2204 2077 2270 ullo
2135 2226 2313 2288 sonu,

301 2315 447 2357 cum
494 2315 638 2357 eam
682 2297 938 2378 partem
985 2293 1284 2378 attingit,
1332 2314 1460 2376 qua
1506 2314 1730 2358 sensus
1778 2293 1933 2358 cieri
1976 2296 2214 2377 potest,
2259 2299 2317 2358 et

302 2381 477 2446 orbis
524 2381 703 2445 illius
753 2381 1007 2466 generis
1045 2381 1314 2446 alterius
1351 2381 1711 2445 inmutatus
1750 2385 1816 2445 et
1850 2385 2065 2447 rectus
2095 2380 2313 2446 omnia

301 2470 515 2535 animo
581 2471 908 2555 mentique
966 2470 1327 2552 denuntiat,
1391 2472 1534 2533 tum
1588 2469 1921 2555 opiniones
1989 2469 2313 2534 adsensio·
2341 2488 2393 2528 25

298 2579 540 2642 nesque
575 2559 801 2623 firmae
837 2580 1154 2643 veraeque
1198 2557 1582 2642 gignuntur3
1629 2579 1773 2622 cum
1812 2561 2030 2622 autem
2066 2559 2137 2622 in
2176 2558 2311 2621 illis

300 2646 492 2710 rebus
521 2646 814 2728 vertitur,
852 2666 1014 2729 quae
1042 2650 1378 2710 manentes
1408 2666 1661 2730 semper
1690 2646 1914 2710 eadem
1941 2667 2073 2711 non
2103 2667 2312 2729 sensu,

299 2733 413 2797 sed
455 2733 907 2818 intellegentia
953 2733 1364 2798 continentur
1403 2784 1415 2796 .
1449 2784 1462 2796 .
1492 2785 1505 2796 .
1536 2784 1549 2796 .

1113 2836 1150 2876 ³1:
1462 2836 1500 2876 ὃς

1286 2883 1325 2923 ³1<

442 2939 692 3021 [Excidit
733 2939 954 2994 tantum
997 2939 1114 2994 fere
1161 2940 1429 2995 orationis
1475 2941 1800 2995 Platonicae
1814 2985 1827 3009 ‚
1884 2945 2155 3011 quantum
2203 2960 2313 2996 una
2340 2965 2394 3005 30

299 3011 696 3081 complectitur
730 3011 938 3080 pagina
974 3010 1061 3064 ed
1101 3010 1320 3081 Steph„
1356 3011 1454 3064 ubi
1489 3011 1691 3066 ultima
1724 3015 1855 3067 ante
1882 3013 2028 3067 hanc
2054 3014 2312 3068 lacunam
2353 3044 2358 3057 ι

297 3082 469 3136 verba
495 3082 828 3161 legunturp,
843 3081 969 3136 370
997 3082 1132 3143 νοῦς
1170 3054 1445 3152 ἐπιστήμη
1483 3101 1541 3136 ts
1577 3079 1634 3148 ἐξ
1667 3077 1921 3170 ἀνάγκης
1959 3080 2311 3140 ἐπιτελεῖται·

297 3151 434 3207 Post
469 3152 703 3206 eandem
738 3151 920 3236 prima
954 3171 1008 3222 p.
1049 3158 1117 3208 38
1157 3151 1198 3205 C
1234 3153 1375 3207 haec
1414 3154 1567 3207 sunt.
1610 3151 1667 3218 ἐξ
1706 3146 1809 3208 οὖν
1846 3150 2015 3224 λόγου
2053 3155 2149 3210 καὶ
2186 3157 2311 3211 δια-

298 3226 455 3286 νοίας
491 3224 637 3278 θεοῦ
675 3219 939 3292 τοιαύτης
974 3219 1115 3292 πρὸς
1151 3219 1357 3292 χρόνον
1395 3224 1615 3293 γένεσιν
1653 3219 1766 3280 κτὲ.
1770 3225 1791 3294 ]

431 3347 543 3412 Um
546 3349 825 3413 riculum
867 3354 1083 3414 neutro
1121 3370 1354 3432 yenere.
1427 3348 1634 3415 Cioero
1684 3349 1970 3417 Timaeo:
2030 3351 2312 3418 Ratione
2340 3371 2395 3410 8⁵

297 3434 500 3517 igitur
546 3439 613 3499 et
657 3439 872 3500 mente
919 3436 1136 3501 divina
1182 3437 1264 3502 ad
1310 3437 1628 3523 originem
1674 3440 1986 3525 temporis
2038 3442 2312 3506 curricu-

298 3520 435 3583 lum
480 3521 816 3587 inventum
868 3528 967 3628 est
1024 3525 1180 3589 solis
1230 3529 1294 3590 et
1341 3527 1531 3590 lunae
1578 3526 1857 3608 (Nonius
1888 3551 1956 3611 p.
2003 3535 2145 3595 198.
2193 3530 2311 3614 28)
