2630 3913
182 2498 245 2547 10

187 3403 235 3448 11

283 199 412 264 216
1127 195 1448 250 T1MAEUs

281 384 351 426 re
399 360 623 426 stabili
660 363 726 424 et
761 358 1131 424 inmutabili
1162 359 1453 443 disputat
1481 358 1710 440 oratio,
1747 358 1903 423 talis
1933 357 2037 441 sit,
2084 357 2296 442 qualis

281 450 416 532 illa,
462 470 627 534 quae
670 470 877 532 neque
923 447 1228 533 redargui
1262 468 1471 531 neque
1509 446 1800 512 convinci
1836 449 2073 531 potest.
2132 444 2296 511 Cum

284 543 500 603 autem
546 537 842 623 ingressa
887 539 989 600 est
1033 536 1292 600 imitata
1338 539 1405 599 et
1450 534 1667 600 efficta
1715 534 2088 617 simulacra,
2132 534 2295 599 bene

285 627 394 712 agi
422 630 640 711 putat,
687 625 742 688 si
771 624 1261 688 similitudinem
1289 623 1427 687 veri
1464 626 1911 707 consequatur.
1967 621 2294 698 Quantum

285 716 456 780 enim
504 714 585 778 ad
629 714 713 796 id,
759 711 932 797 quod
977 716 1191 777 ortum
1237 715 1357 795 est,
1404 712 1755 777 aeternitas
1797 711 1993 791 valet,
2039 715 2293 776 tantum
2349 730 2375 768 5

286 804 368 868 ad
431 802 623 867 fidem
686 803 948 867 veritas.
1038 799 1352 876 Quocirca
1408 800 1463 864 si
1516 798 1689 864 forte
1744 799 1821 863 de
1877 800 2141 864 deorum
2184 821 2294 864 na·

285 895 434 956 tura
480 893 754 974 ortuque
801 889 1023 953 mundi
1069 889 1455 953 disserentes
1512 888 1723 952 minus
1779 887 1872 972 id,
1928 888 2099 971 quod
2154 909 2294 952 ave·

286 1000 429 1044 mus
467 979 703 1061 anim0,
748 999 1228 1061 consequemur,
1264 982 1338 1041 ut
1374 979 1518 1040 tota
1556 976 1829 1041 dilucide
1867 979 1933 1040 et
1968 975 2161 1062 plane
2195 998 2295 1040 ex·

286 1071 517 1132 ornata
546 1068 754 1132 oratio
793 1066 919 1131 sibi
956 1069 1209 1130 constet
1246 1070 1311 1129 et
1351 1087 1426 1129 ex
1465 1065 1638 1129 omni
1676 1068 1863 1150 parte
1899 1086 2115 1130 secum
2151 1064 2295 1149 ipsa

284 1157 666 1238 consentiat,
696 1156 854 1220 haut
883 1176 1036 1219 sane
1064 1154 1188 1219 erit
1216 1154 1471 1236 mirum,
1499 1154 1914 1237 contentique
1942 1174 2083 1218 esse
2111 1153 2294 1218 debe·
2326 1173 2375 1211 ιο

283 1244 459 1328 bitis,
506 1247 561 1307 si
605 1242 972 1328 probabilia
1010 1242 1319 1308 dicentur.
1382 1240 1680 1326 Aequum
1719 1245 1819 1306 est
1860 1242 2029 1306 enim
2075 1242 2294 1306 memi-

284 1334 457 1397 nisse
486 1336 552 1397 et
580 1353 700 1409 me,
730 1332 838 1415 qui
868 1331 1198 1412 disseram,
1225 1330 1554 1395 hominem
1584 1351 1722 1395 esse
1752 1335 1819 1394 et
1844 1351 1980 1414 VOS,
2010 1330 2119 1414 qui
2137 1330 2295 1394 iudi-

285 1422 461 1503 cetis,
497 1424 588 1503 ut,
620 1421 676 1484 si
705 1420 1072 1503 probabilia
1100 1419 1408 1502 dicentur,
1434 1440 1516 1483 ne
1547 1418 1699 1503 quid
1726 1419 1903 1483 ultra
1929 1418 2294 1502 requiratis.

418 1508 816 1585 Quaeramus
862 1508 1065 1594 igitur
1101 1529 1380 1589 causam,
1424 1529 1588 1590 quae
1624 1506 1936 1592 inpulerit
1972 1529 2136 1591 eum,
2184 1506 2293 1591 qui

283 1597 441 1663 haec
479 1597 887 1663 machinatus
926 1596 1031 1677 sit,
1068 1600 1141 1659 ut
1179 1596 1496 1680 originem
1533 1617 1749 1659 rerum
1788 1600 1853 1660 et
1888 1595 2294 1660 molitionem
2324 1614 2376 1653 15

283 1708 522 1752 novam
571 1688 925 1768 quaereret.
990 1683 1328 1748 Probitate
1364 1684 1665 1749 videlicet
1700 1684 2105 1768 praestabat3
2150 1706 2295 1769 pro·

283 1776 405 1840 bus
453 1777 672 1839 autem
719 1772 966 1836 invidet
1017 1771 1286 1855 nemini;
1349 1772 1570 1856 itaque
1626 1772 1843 1837 omnia
1899 1772 1999 1837 sui
2055 1773 2295 1837 similia

284 1862 633 1949 generavit.
697 1860 875 1925 Haec
910 1859 1215 1924 nimirum
1253 1860 1559 1946 gignendi
1599 1860 1818 1924 mundi
1856 1882 2051 1926 causa
2077 1861 2291 1925 iustis-

284 1953 466 2017 sima.
563 1948 736 2015 Nam
800 1971 944 2014 cum
1009 1949 1454 2014 constituisset
1518 1949 1672 2015 deus
1737 1950 1925 2015 bonis
1992 1949 2290 2015 omnibus

285 2040 541 2124 explere
588 2037 914 2120 mundum,
961 2037 1116 2102 mali
1159 2038 1326 2101 nihil
1373 2038 1751 2121 admiscere,
1802 2039 2014 2122 quoad
2056 2043 2290 2103 natura
2321 2057 2382 2095 w

284 2131 632 2214 pateretur,
679 2126 979 2212 quicquid
1025 2131 1183 2207 erat,
1229 2126 1403 2211 quod
1446 2127 1512 2190 in
1561 2127 1857 2192 cernendi
1897 2148 2154 2192 sensum
2193 2149 2292 2191 ca·

285 2218 488 2298 deret,
533 2215 600 2279 id
647 2215 773 2279 sibi
819 2215 1182 2300 adsumpsit
1224 2236 1356 2280 non
1401 2215 1828 2298 tranquillum
1872 2219 1939 2279 et
1985 2214 2293 2300 quietum,

284 2305 396 2370 sed
440 2304 839 2370 inmoderate
886 2304 1206 2390 agitatum
1254 2308 1321 2368 et
1365 2304 1647 2384 finitam,
1695 2303 1888 2388 idque
1935 2325 2010 2368 ex
2056 2304 2293 2369 inordi-

281 2398 438 2459 nato
501 2393 571 2457 in
633 2392 922 2457 ordinem
982 2391 1275 2475 adduxit3
1347 2391 1471 2456 hoc
1534 2392 1704 2455 enim
1766 2392 2096 2458 iudicabat
2150 2414 2289 2457 esse

282 2481 740 2568 praestantius.
827 2479 954 2544 Fas
1011 2484 1227 2544 autem
1280 2501 1398 2544 nec
1463 2483 1562 2544 est
1615 2501 1732 2544 nec
1794 2502 2103 2564 umquam
2163 2480 2290 2545 fuit
2319 2498 2372 2537 2⁵

259 2571 624 2655 ,quicquam
668 2569 794 2632 nisi
839 2568 1341 2653 pulcherrimum
1394 2567 1605 2632 facere
1659 2569 1745 2651 ei,
1810 2569 1921 2653 qui
1967 2572 2138 2633 esset
2182 2590 2290 2654 op·

281 2664 518 2723 tumus.
568 2656 732 2722 Cum
759 2657 1078 2721 rationem
1105 2656 1309 2742 igitur
1344 2655 1701 2740 habuisset,
1737 2656 2099 2741 reperiebat
2125 2657 2289 2721 nihil

282 2768 423 2811 esse
470 2767 708 2825 eorum,
755 2766 919 2828 quae
962 2748 1199 2809 natura
1235 2749 1666 2827 cernerentur,
1710 2745 2163 2832 inintellegens
2199 2746 2291 2809 in·

279 2834 631 2920 tellegente
675 2832 744 2897 in
783 2836 927 2898 toto
967 2854 1199 2919 genere
1236 2834 1691 2916 praestantius.
1757 2832 2070 2908 Quocirca
2104 2834 2291 2898 intel·

280 2922 632 3010 legentiam
676 2921 745 2986 in
790 2921 1034 3003 animo,
1081 2921 1370 2985 animum
1405 2921 1670 2986 inclusit
1706 2922 1775 2987 in
1819 2944 2105 3007 corpore.
2186 2920 2290 2987 Sic
2317 2941 2373 2980 3⁰

277 3016 459 3076 ratus
498 3014 598 3075 est
625 3031 786 3096 opus
815 3009 980 3074 illud
1007 3009 1303 3074 effectum
1332 3031 1471 3074 esse
1499 3009 2022 3094 pulcherrimum.
2083 3008 2290 3086 Quam

279 3101 362 3165 ob
411 3120 669 3166 causam
713 3120 847 3164 non
892 3102 992 3163 est
1037 3098 1467 3163 cunctandum
1513 3099 1821 3183 profiteri,
1869 3099 1925 3163 si
1960 3099 2151 3164 modo
2196 3099 2289 3163 in·

274 3188 588 3274 vestigari
609 3187 853 3271 aliquid
873 3187 1240 3253 coniectura
1258 3192 1496 3271 potest,
1523 3186 1694 3252 hunc
1716 3187 2026 3252 mundum
2046 3187 2289 3252 animal

278 3297 436 3357 esse,
465 3277 653 3361 idque
671 3276 1058 3362 intellegens
1080 3281 1145 3339 et
1170 3275 1387 3339 divina
1414 3275 1821 3360 providentia
1847 3276 2290 3341 constitutum.

410 3364 554 3429 Hoc
588 3364 822 3449 posito,
861 3364 1029 3449 quod
1070 3363 1377 3447 sequitur,
1418 3363 1762 3428 videndum
1801 3368 1920 3447 est,
1958 3365 2289 3430 cuiusnam
2316 3381 2370 3421 ³5

276 3451 704 3516 animantium
733 3452 888 3517 deus
915 3452 983 3516 in
1002 3452 1302 3537 fingendo
1334 3451 1570 3516 mundo
1601 3452 2090 3517 similitudinem
2118 3474 2290 3518 secu·

275 3542 384 3601 tus
411 3540 518 3603 sit.
564 3538 823 3604 Nullius
851 3538 1142 3625 profecto
1170 3540 1237 3603 id
1258 3540 1533 3624 quidem,
1563 3563 1726 3624 quae
1755 3545 1906 3605 sunt
1922 3540 2110 3605 nobis
2131 3545 2289 3605 nota
