2630 3913
323 194 453 258 322
1100 190 1552 245 FRAGMENTA

457 355 492 417 7
501 355 556 418 7.
603 353 907 419 Priscian.
955 352 1027 417 X
1066 356 1128 417 2.
1174 358 1256 417 13
1287 373 1357 433 Ρ.
1402 355 1542 417 506.
1586 356 1635 417 2
1670 352 1758 415 Η.
1806 350 2012 418 Cicero
2055 355 2127 418 in
2171 354 2352 419 Hor-

322 444 539 506 tensio:
584 445 651 505 et
697 440 1087 505 amoenitate
1134 461 1389 503 summa
1433 439 1799 524 perfructus
1848 444 1964 503 est.

458 530 558 594 78.
606 530 773 594 Non.
806 550 873 610 Ρ.
920 534 1062 593 216.
1108 531 1195 592 12
1239 529 1334 592 M.
1385 528 1630 592 Tullius
1674 530 1744 591 in
1789 529 2156 593 Hortensio:
2212 531 2347 594 sol-

323 618 707 700 lertiamque
744 638 905 698 eam,
939 636 1093 697 quae
1127 620 1353 699 posset
1388 615 1539 679 vel
1521 637 1590 679 1n
1625 615 1867 700 tegulis
1897 617 2347 700 proseminare

324 710 591 857 Οεῂἴξέῗ
604 792 769 856 Non.
801 813 870 873 Ρ.
916 796 1057 855 401.
1091 798 1175 856 30
1219 792 1313 857 M.
1356 792 1599 855 Tullius
1643 792 1713 855 in
1748 747 2109 856 Hortensio:
2153 791 2348 857 Vixit
2409 725 2441 765 ⁵

322 881 402 945 ad
450 902 770 944 summam
817 883 1213 943 senectutem
1261 882 1533 962 optuma
1578 879 1968 943 valetudine.

456 968 557 1033 80.
604 967 767 1031 Non.
801 988 869 1048 Ρ.
914 971 1057 1032 321.
1102 970 1182 1031 15
1227 968 1324 1031 M.
1374 967 1618 1031 Tullius
1662 969 1732 1031 in
1780 968 2147 1032 Hortensio:
2202 968 2344 1032 Vo-

320 1057 608 1141 luptates
665 1059 880 1119 autem
936 1055 1120 1118 nulla
1174 1054 1257 1119 ad
1309 1076 1414 1119 res
1458 1054 1857 1118 necessarias
1903 1054 2345 1121 invitamenta

322 1145 621 1209 adferunt
668 1143 946 1207 senibus,
2379 1167 2437 1205 10

454 1233 555 1297 81.
611 1232 940 1313 Auynstin.
995 1235 1207 1295 contra
1259 1229 1499 1293 Iulian.
1553 1230 1760 1311 Pelay.
1815 1231 1932 1294 IV
1973 1237 2071 1295 14.
2123 1238 2217 1297 72
2267 1234 2344 1299 T.

320 1321 393 1384 X
412 1342 479 1402 Ρ.
517 1324 644 1384 408
681 1319 749 1383 D
784 1321 872 1384 ed.
910 1320 1096 1383 Antv.
1134 1323 1301 1382 1700
1351 1318 1514 1400 Vide,
1558 1319 1710 1400 quid
1741 1319 1812 1381 in
1848 1319 2172 1385 Hortensii
2206 1322 2346 1385 dia-

321 1409 450 1490 loyo
477 1409 641 1471 dicat
671 1407 930 1483 Tullius,
965 1426 1119 1488 quae
1154 1407 1354 1487 mayis
1387 1406 1566 1470 verba
1602 1411 1657 1469 te
1691 1406 1977 1471 delectare
2013 1408 2351 1473 debuerant

319 1516 506 1577 quam
550 1494 745 1559 Balbi
789 1494 1131 1559 Stoicorum
1162 1498 1379 1575 partes
1421 1494 1657 1575 ayentis
1691 1494 1805 1576 (N.
1841 1494 1926 1558 D.
1964 1495 2095 1578 II).
2169 1496 2347 1576 Quae

321 1586 456 1649 licet
497 1603 665 1663 vera,
722 1586 923 1646 tamen
968 1584 1040 1646 de
1071 1586 1256 1663 parte
1299 1581 1567 1644 hominis
1610 1582 1923 1665 inferiore,
1981 1582 2091 1647 hoc
2134 1590 2222 1648 est
2264 1587 2343 1649 de
2380 1605 2431 1644 15

320 1692 583 1752 corpore,
645 1670 902 1749 fuerunt
956 1674 1015 1732 et
1066 1674 1120 1732 te
1171 1668 1332 1733 nihil
1385 1670 1678 1733 adiuvare
1718 1675 2067 1751 potuerant.
2169 1672 2341 1753 Vide,

317 1762 470 1859 quid
519 1760 630 1823 iste
671 1778 792 1838 Ρνο
844 1758 1162 1821 vivacitate
1223 1757 1444 1821 mentis
1505 1762 1719 1821 contra
1778 1759 2145 1839 voluptatem
2207 1781 2340 1824 cor-

314 1847 487 1928 poris
530 1846 726 1909 dicat:
774 1843 880 1907 An
925 1866 1095 1927 vero,
1139 1845 1359 1925 inquit,
1405 1845 1775 1929 voluptates
1815 1846 2102 1931 corporis
2151 1869 2342 1932 expe-

320 1933 579 2015 tendae,
635 1954 796 2016 quae
851 1953 999 1997 vere
1055 1935 1118 1996 et
1176 1933 1465 2018 graviter
1516 1954 1555 1997 a
1596 1931 1872 1998 Platone
1929 1933 2136 2001 dictae
2183 1940 2341 2000 sunt

318 2020 661 2086 illecebrae
707 2042 846 2084 esse
884 2023 1076 2104 atque
1116 2042 1297 2085 escae
1338 2022 1700 2086 malorum?
1765 2020 1942 2096 Quae
1980 2023 2152 2087 enim
2188 2046 2341 2088 con·
2376 2045 2433 2083 20

318 2109 513 2174 sectio
561 2112 678 2189 est,
723 2110 942 2191 inquit,
988 2109 1404 2191 valetudiniS‚
1452 2131 1615 2192 quae
1663 2109 2047 2175 deformatio
2094 2112 2336 2177 coloris

320 2201 387 2262 et
431 2197 738 2280 corporiS,
786 2196 957 2280 quod
1001 2200 1191 2281 turpe
1239 2197 1562 2279 damnum,
1609 2197 1780 2280 quod
1827 2199 2113 2282 dedecuS,
2162 2201 2341 2283 quod

318 2307 450 2349 non
496 2288 796 2350 evocetur
841 2288 1036 2368 atque
1092 2284 1388 2349 eliciatur
1441 2286 1836 2386 voluptate?
1880 2287 2059 2351 cuius
2115 2292 2337 2352 motus

320 2378 393 2437 ut
440 2372 709 2456 quisque
756 2376 858 2436 est
902 2372 1246 2455 maximus,
1299 2372 1396 2435 ita
1451 2375 1552 2436 est
1596 2373 2080 2438 inimicissimus
2124 2375 2340 2460 philo-

321 2461 615 2546 sophiae3
674 2480 1027 2545 congruere
1082 2459 1251 2523 enim
1308 2483 1452 2524 cum
1499 2460 1894 2545 cogitatione
1941 2484 2180 2548 magna
2224 2486 2340 2528 vo·
2373 2485 2431 2525 25

319 2550 539 2633 luptas
594 2548 881 2632 corporis
936 2569 1069 2612 non
1119 2550 1365 2630 potest3
1430 2547 1573 2631 quis
1639 2548 1836 2631 enim,
1901 2571 2046 2614 cum
2110 2554 2341 2615 utatur

320 2636 657 2719 voluptate
704 2657 805 2717 ea,
852 2656 979 2717 qua
1022 2635 1206 2697 nulla
1250 2634 1461 2718 possit
1509 2635 1715 2699 maior
1761 2659 1927 2719 esse,
1988 2638 2339 2704 adtendere

321 2723 555 2804 anime,
599 2721 763 2785 inire
799 2722 1135 2803 rationem,
1173 2722 1462 2807 cogitare
1501 2723 1761 2788 omnino
1805 2688 2156 2809 quidquam
2191 2731 2340 2810 pot-

320 2812 463 2875 est?
512 2809 655 2893 quis
699 2813 917 2873 autem
963 2812 1183 2873 tantus
1232 2813 1333 2873 est
1379 2830 1636 2896 gurgeS,
1685 2812 1795 2895 qui
1834 2813 1968 2877 dies
2007 2817 2072 2877 et
2106 2818 2339 2879 noctes

319 2899 456 2963 sine
501 2898 638 2961 ulla
683 2896 934 2961 minimi
978 2896 1292 2980 temporis
1339 2898 1819 2998 intermissione
1864 2901 2024 2964 velit
2059 2901 2155 2965 ita
2197 2925 2337 2966 mo·
2374 2925 2433 2964 30

320 2986 456 3051 veri
484 3006 635 3049 suos
674 3007 916 3067 sensuS‚
953 2988 1028 3049 ut
1064 2989 1406 3048 moventur
1442 2985 1510 3049 in
1544 2987 1811 3051 summis
1840 2989 2339 3073 voluptatibus?

319 3074 462 3157 quis
519 3076 736 3137 autem
790 3073 962 3136 bona
1016 3076 1231 3136 mente
1285 3074 1617 3157 praeditus
1667 3096 1800 3138 non
1846 3077 2072 3140 mallet
2116 3078 2340 3142 nullas

319 3160 579 3225 omnino
626 3159 814 3225 nobis
863 3183 903 3224 a
945 3164 1180 3224 natura
1225 3162 1594 3245 voluptates
1638 3163 1868 3227 datas?
1907 3200 1992 3210 —
2028 3165 2126 3229 Id.
2163 3167 2243 3229 ib.
2284 3167 2357 3229 V

318 3255 375 3314 8.
412 3254 497 3313 33
520 3269 587 3330 Ρ.
634 3252 766 3313 426
792 3248 861 3311 Ε
924 3246 998 3312 Si
1040 3249 1113 3312 in
1155 3249 1521 3329 quibusdam
1564 3252 1722 3314 veris
1764 3253 2076 3317 sententiis
2119 3254 2344 3318 saltem

314 3335 810 3416 philosophorum
874 3337 1090 3401 litteris
1151 3337 1416 3400 crederes
1430 3385 1444 3414 ,
1508 3358 1634 3401 non
1695 3339 1881 3402 surdo
1943 3341 2118 3405 corde
2176 3341 2351 3407 illud
2378 3363 2437 3403 35

317 3424 586 3503 audires,
626 3425 788 3502 qaod
818 3423 1149 3504 voluptates
1184 3423 1493 3489 illecebras
1528 3430 1708 3506 atque
1742 3446 1906 3491 escas
1939 3428 2246 3492 malornm
2282 3436 2351 3495 et

318 3508 606 3571 vitiosam
639 3514 885 3588 partem
928 3511 1130 3574 animi
1173 3512 1462 3575 dixerunt
1499 3532 1622 3576 esse
1659 3513 1986 3579 libidinem.
2022 3552 2110 3561 —
2144 3516 2194 3580 Ι
2187 3517 2244 3581 d.
2286 3518 2359 3580 V
