2630 3913
346 204 433 269 90
1130 200 1229 256 nn
1267 199 1568 256 omens

348 365 524 432 solus
580 369 768 431 esset.
857 363 1204 450 Magnifica
1258 384 1411 429 vero
1464 384 1591 428 vox
1657 366 1724 428 et
1785 376 2024 449 magno
2078 361 2220 427 viro
2285 383 2361 428 ac

348 455 637 539 sapiente
682 453 906 538 digna3
968 474 1131 553 quae
1178 452 1465 516 declarat
1508 451 1698 516 illum
1744 455 1810 515 et
1853 451 1924 517 in
1968 450 2101 516 otio
2141 450 2220 515 de
2254 472 2360 515 ne-

348 543 546 629 gotiis
600 543 890 628 cogitare
946 544 1012 605 et
1066 541 1136 605 in
1190 539 1539 605 solitudine
1585 560 1802 604 secum
1847 539 2029 623 loqui
2075 539 2361 622 solitum,

346 635 419 697 ut
453 652 661 714 neque
697 632 980 695 cessaret
1016 650 1324 712 umquam
1362 633 1427 693 et
1462 628 1787 693 interdum
1822 627 2165 711 conloquio
2203 628 2360 691 alte-

345 719 480 784 rius
533 740 665 783 non
718 721 957 804 egeret.
1045 715 1152 782 Ita
1196 716 1358 781 duae
1414 738 1556 799 resq
1599 737 1763 800 quae
1816 716 2200 801 languorem
2254 715 2360 780 ad·
2416 732 2445 774 ο

346 807 563 871 ferunt
598 806 848 890 ceteris,
893 805 1081 870 illum
1119 806 1455 888 acuebant,
1503 804 1708 869 otium
1747 807 1813 868 et
1850 804 2154 869 solitudo.
2211 803 2361 868 Vel-

351 896 476 960 lem
520 893 709 959 nobis
757 894 879 958 hoc
924 893 1096 957 idem
1139 914 1289 958 vere
1336 893 1543 958 dicere
1590 893 1840 976 liceret3
1886 892 1998 956 sed
2045 893 2102 956 si
2148 892 2360 956 minus

346 983 709 1048 imitatione
737 982 1037 1047 tantam
1018 981 1262 1068 ingenii
1289 981 1760 1065 praestantiam
1797 981 2101 1064 consequi
2136 1002 2360 1065 possu-

347 1093 510 1149 mus,
555 1071 891 1135 voluntate
938 1074 1108 1135 certe
1154 1070 1445 1154 proxime
1493 1069 1877 1153 accedimus3
1921 1090 2075 1133 nam
2112 1072 2178 1133 et
2215 1091 2254 1134 a
2291 1090 2360 1133 re

347 1121 609 1245 publica
650 1158 1143 1242 forensibusque
1178 1158 1460 1243 negotiis
1500 1158 1696 1222 armis
1734 1156 1950 1241 impiis
1986 1157 2176 1241 vique
2214 1179 2359 1241 pro·
2389 1175 2444 1215 ιο

347 1247 543 1312 bibiti
588 1247 792 1312 otium
838 1246 1294 1330 persequimur,
1332 1249 1398 1310 et
1444 1244 1528 1309 ob
1575 1267 1718 1310 eam
1765 1267 2026 1310 causam
2071 1245 2229 1310 urbe
2266 1267 2360 1309 re·

280 1355 311 1404 2
348 1336 506 1401 licta
550 1357 704 1400 rura
747 1338 1171 1421 peragrantes
1219 1355 1410 1419 saepe
1448 1332 1574 1398 soli
1609 1355 1848 1398 sumus,
1923 1331 2048 1398 Sed
2083 1355 2199 1398 nec
2236 1333 2359 1398 hoc

349 1424 554 1490 otium
610 1445 754 1488 cum
799 1422 1092 1488 Africani
1146 1421 1280 1487 otio
1335 1443 1452 1486 nec
1506 1421 1666 1487 haec
1721 1421 2004 1487 solitudo
2052 1443 2196 1487 cum
2243 1422 2360 1486 illa

347 1511 781 1596 comparanda
818 1514 934 1574 est.
1005 1510 1129 1574 Ille
1170 1510 1341 1574 enim
1386 1510 1791 1593 requiescens
1838 1533 1878 1575 a
1922 1509 2016 1575 rei
2061 1511 2358 1595 publicae

346 1599 795 1686 pulcherrimis
843 1598 1213 1663 muneribus
1262 1598 1469 1662 otium
1516 1598 1641 1662 sibi
1678 1599 1974 1663 sumebat
2008 1598 2359 1682 aliquando
2392 1617 2441 1657 ιε

349 1693 415 1754 et
460 1710 495 1753 e
541 1690 749 1752 coetu
763 1686 1100 1751 hominum
1136 1685 1627 1770 frequentiaque
1663 1687 1986 1752 interdum
2024 1691 2359 1770 tamquam

347 1776 416 1841 in
442 1778 705 1861 portum
743 1796 812 1839 se
847 1775 917 1839 in
952 1775 1369 1840 solitudinem
1406 1774 1775 1859 recipiebat,
1810 1779 2108 1840 nostrum
2142 1779 2358 1839 autem

350 1864 556 1930 otium
599 1863 848 1948 negotii
891 1863 1136 1947 inopia,
1189 1884 1322 1927 non
1375 1863 1816 1946 requiescendi
1861 1864 2076 1928 studio
2125 1865 2357 1928 consti-

348 1955 564 2018 tutum
618 1955 735 2016 est.
825 1950 1132 2017 Extincto
1188 1951 1360 2017 enim
1417 1955 1646 2053 senatu
1701 1952 2054 2037 deletisque
2109 1951 2381 2035 iudiciis,

351 2040 503 2125 quid
549 2043 650 2105 est
696 2040 867 2124 quod
914 2040 1179 2126 dignum
1221 2041 1414 2105 nobis
1461 2044 1574 2105 aut
1608 2039 1678 2105 in
1722 2041 1899 2106 curia
1945 2045 2060 2106 aut
2102 2041 2171 2113 in
2214 2040 2357 2105 foro
2386 2058 2443 2099 πο

281 2149 311 2197 3
352 2149 543 2215 agere
577 2128 947 2214 possimus?
1018 2128 1142 2211 Ita,
1180 2129 1290 2212 qui
1327 2129 1397 2192 in
1433 2130 1714 2194 maxima
1750 2130 2128 2194 celebritate
2166 2132 2358 2213 atque

349 2218 419 2281 in
464 2216 669 2283 oculis
715 2217 951 2282 civium
1006 2218 1331 2300 quondam
1386 2217 1759 2300 vixerimus,
1813 2239 1981 2282 nunc
2034 2218 2358 2303 fugientes

350 2308 763 2390 conspectum
800 2306 1289 2400 sceleratorum,
1315 2305 1549 2389 quibus
1588 2306 1805 2371 omnia
1835 2306 2213 2390 redundant,
2252 2306 2359 2371 ab·

350 2394 558 2460 dimus
604 2416 751 2478 n08,
798 2398 1113 2477 quantum
1156 2356 1337 2477 licet,
1384 2398 1450 2458 et
1494 2389 1687 2478 saepe
1733 2394 1859 2458 soli
1905 2415 2143 2459 sumus.
2234 2392 2359 2459 Sed

350 2483 502 2568 quia
548 2482 640 2547 sic
686 2482 768 2546 ab
824 2482 1193 2546 hominibus
1250 2480 1476 2556 doctis
1516 2482 1920 2566 accepimus
1959 2504 2091 2547 non
2146 2483 2358 2548 solum
2386 2500 2443 2541 25

350 2594 426 2635 ex
479 2571 669 2635 malis
726 2570 964 2670 eligere
1020 2569 1289 2635 minima
1344 2574 1667 2653 oportere,
1732 2571 1843 2635 sed
1900 2570 2096 2635 etiam
2151 2593 2359 2635 excer-

349 2680 500 2743 pere
546 2679 622 2721 ex
668 2658 770 2721 his
815 2657 1018 2743 ipsis,
1059 2658 1116 2722 si
1170 2657 1325 2741 quid
1368 2658 1612 2723 inesset
1662 2657 1842 2736 boni,
1902 2663 2248 2744 propterea
2294 2665 2359 2725 et

352 2746 485 2811 otio
522 2744 721 2829 fruor,
766 2766 898 2810 non
932 2744 1049 2810 illo
1088 2745 1381 2829 quidem,
1411 2767 1537 2829 quo
1577 2746 1907 2811 debebat
1888 2768 1984 2834 ιε),
2011 2748 2123 2831 qui
2160 2770 2357 2832 quon-

351 2834 500 2898 dam
553 2832 911 2918 peperisset
968 2833 1173 2898 otium
1228 2834 1506 2918 civitati,
1567 2856 1683 2900 nec
1739 2856 1886 2900 eam
1940 2836 2359 2902 solitudinem

351 2924 658 3008 languere
705 2922 950 3013 patior
984 2943 1178 3005 quam
1225 2922 1388 2986 mihi
1425 2922 1636 2987 adfert
1669 2924 2041 3008 necessitas,
2084 2946 2216 2990 non
2251 2947 2360 2990 vo·
2387 2943 2444 2985 ⁸0

278 3027 313 3077 4
350 3013 585 3077 luntas
678 2971 1081 3092 Quamquam
1136 3010 1483 3075 Africanus
1537 3012 1842 3076 maiorem
1903 3013 2160 3077 laudem
2214 3034 2360 3078 meo

348 3099 584 3165 iudicio
633 3099 1114 3181 assequebatur.
1186 3096 1390 3164 Nulla
1437 3100 1607 3164 enim
1654 3101 1789 3164 eius
1845 3101 2091 3185 ingenii
2136 3122 2358 3166 monu-

352 3192 570 3253 menta
605 3186 913 3251 mandata
949 3186 1208 3271 litteris,
1250 3188 1505 3251 nullum
1543 3209 1704 3272 opus
1742 3188 1878 3273 otii,
1921 3190 2173 3253 nullum
2211 3189 2360 3254 soli-

350 3276 592 3340 tudinis
651 3297 882 3339 munus
940 3278 1178 3358 exstat3
1242 3297 1320 3339 ex
1386 3297 1511 3358 quo
1575 3276 1872 3362 intellegi
1926 3277 2118 3342 debet
2169 3277 2358 3342 illum

352 3364 587 3427 mentis
627 3364 983 3448 agitatione
1010 3363 1639 3449 investigationeque
1668 3387 1888 3429 earum
1924 3386 2167 3450 rerum,
2197 3387 2358 3450 quas
2387 3383 2442 3425 ³⁵

351 3451 699 3534 cogitando
747 3452 1283 3535 consequebatur)
1321 3472 1437 3517 nec
1483 3452 1765 3517 otiosum
1810 3474 1927 3517 nec
1974 3454 2184 3518 solum
2226 3476 2360 3518 um·

355 3558 546 3617 quam
574 3538 804 3618 fuisse3
837 3559 956 3603 nos
998 3543 1231 3617 autem,
1270 3540 1380 3623 qui
1416 3560 1546 3604 non
1583 3545 1838 3605 tantum
1876 3541 2131 3605 roboris
2167 3542 2360 3607 habe·
