2630 3913
736 211 1160 266 POEMATUM.
1198 212 1265 265 H.
1304 212 1383 266 IV
1419 227 1454 265 a
1489 230 1539 265 v.
1581 219 1876 268 397—466.
2190 214 2313 277 373

299 373 627 458 Iuppiter,
672 373 824 437 huic
869 395 1141 457 parvum
1186 372 1491 438 inferiore
1535 373 1605 437 in
1649 377 1836 458 parte
1883 374 2139 439 locavit.

137 546 140 547 ⁷
299 462 477 527 Haec
524 465 747 526 tamen
793 464 1055 526 aeterno
1100 461 1384 526 invisens
1433 462 1577 526 loca
1623 462 1938 527 curriculo
1985 485 2114 526 nox

148 559 280 618 190
300 548 503 635 Signa
550 549 726 614 dedit
771 550 990 613 nautis
1002 601 1018 632 ,
1066 549 1281 615 cuncti
1328 571 1491 633 quae
1535 572 1800 614 noscere
1846 555 2141 634 possent,

299 638 756 704 Conmiserans
802 637 1139 702 hominum
1185 639 1563 702 metuendos
1600 638 1880 721 undique
1920 660 2122 703 casus
2213 657 2312 703 435

298 725 471 792 Nam
517 748 663 791 cum
708 725 1072 809 fulgentem
1118 748 1339 791 cernes
1386 726 1523 790 sine
1569 726 1850 790 nubibus
1898 727 2057 790 atris

299 814 504 879 Aram
551 814 671 878 sub
718 814 930 878 media
975 814 1138 878 caeli
1182 814 1447 899 regione
1494 815 1804 897 locatam,

299 904 358 967 A
407 924 663 966 summa
705 905 893 987 parte
941 902 1215 967 obscura
1262 901 1539 988 caligine
1585 906 1852 984 tectam,

149 998 276 1056 195
301 990 465 1055 Tum
513 990 747 1054 validis
792 990 1006 1076 fugito
1056 990 1352 1054 devitans
1397 990 1644 1054 viribus
1694 993 2033 1074 Austrum3

301 1077 506 1154 Quem
554 1079 611 1141 si
655 1078 1053 1162 prospiciens
1101 1078 1408 1142 vitaveris
1458 1078 1674 1142 omnia
1720 1081 1905 1142 caute
2211 1096 2312 1143 440

303 1167 729 1230 Armamenta
775 1166 1022 1248 locans,
1069 1169 1212 1230 tuto
1261 1166 1479 1230 labere
1525 1188 1641 1250 per
1685 1167 1916 1248 undas3

302 1252 417 1318 Sin
465 1253 683 1338 gravis
729 1253 1028 1319 inciderit
1072 1253 1440 1318 vehementi
1483 1253 1745 1318 flamine
1791 1258 2052 1337 ventUS,

300 1341 673 1428 Perfringet
721 1342 929 1406 celsos
978 1341 1182 1405 defixo
1229 1342 1462 1405 robore
1510 1342 1743 1424 maIOS,

150 1436 284 1495 200
300 1427 397 1494 Ut
442 1450 545 1493 res
590 1430 774 1495 nulla
818 1429 990 1493 feras
1037 1430 1248 1515 possit
1293 1430 1575 1494 mulcere
1620 1393 1968 1514 prdcellaS,

301 1517 391 1582 Ni
436 1520 624 1601 parte
668 1539 747 1582 ex
791 1517 1137 1600 Aquilonis
1186 1539 1456 1601 opacam
1501 1519 1743 1602 pellere
1789 1519 2024 1582 nubem
2213 1536 2313 1584 445

304 1603 609 1689 Coeperit
655 1608 719 1669 et
766 1605 999 1670 subitis
1047 1605 1220 1670 auris
1271 1605 1591 1669 diduxerit
1638 1606 1790 1670 Ara.

302 1690 416 1758 Sin
462 1715 718 1758 umeros
765 1694 975 1758 medio
1023 1693 1088 1756 in
1139 1694 1317 1759 caelo
1366 1692 1794 1758 Centaurus
1839 1694 2110 1795 habebit

298 1781 575 1866 Ipseque
621 1782 916 1847 caerulea
962 1785 1293 1846 contectus
1339 1782 1510 1846 nube
1555 1782 1799 1846 feretur

151 1877 278 1933 205
301 1869 520 1953 Atque
567 1869 773 1934 Aram
816 1869 997 1933 tenui
1042 1869 1331 1971 caligans
1379 1871 1613 1935 vestiet
1660 1872 1916 1953 umbra,

302 1959 409 2023 Ad
456 1958 790 2044 signorum
838 1958 1090 2024 obitum
1136 1959 1233 2022 vis
1282 1963 1381 2022 est
1428 1960 1772 2025 metuenda
1815 1959 2078 2025 Favoni.
2214 1975 2316 2024 450

301 2046 424 2111 Ille
472 2050 689 2111 autem
738 2045 1097 2112 Centaurus
1144 2047 1212 2110 in
1259 2047 1396 2110 alta
1443 2048 1590 2111 sede
1636 2048 1915 2130 locatuS,

302 2133 445 2209 Qua
490 2155 632 2199 sese
679 2134 928 2199 clarum
973 2135 1314 2199 conlucens
1363 2132 1664 2219 Scorpios
1709 2136 1933 2217 infert,

300 2221 492 2287 Hunc
538 2222 762 2287 subter
807 2226 1062 2307 partem
1108 2226 1536 2306 praeportans
1581 2222 1721 2306 ipse
1767 2224 2019 2287 virilem

149 2316 283 2374 210
302 2307 490 2375 Cedit
535 2310 708 2394 Equi
752 2311 959 2396 partis
1005 2332 1362 2395 properans
1410 2310 1799 2396 subiungere
1845 2310 2081 2375 Chelis.

300 2397 426 2463 Hic
456 2398 747 2463 dextram
777 2420 1077 2483 porgenS,
1115 2399 1458 2482 quadripes
1489 2420 1615 2482 qua
1643 2402 1830 2462 vasta
1865 2403 2138 2481 tenetur,
2213 2417 2314 2465 455

303 2483 510 2560 Quam
554 2509 745 2550 nemo
793 2490 970 2551 certo
1018 2486 1285 2550 donavit
1329 2486 1588 2550 nomine
1636 2484 1930 2569 Graium,

302 2573 537 2638 Tendit
582 2578 648 2638 et
693 2574 1038 2638 inlustrem
1082 2575 1486 2639 truculentus
1533 2574 1743 2640 caedit
1790 2575 1871 2639 ad
1915 2574 2135 2640 Aram

389 2660 515 2727 Hic
561 2684 700 2727 sese
745 2662 1014 2727 infernis
1062 2684 1097 2726 e
1142 2662 1440 2746 partibus
1488 2663 1682 2748 erigit
1728 2663 1988 2747 Hydra

147 2757 274 2814 215
300 2750 647 2834 Praecipiti
692 2750 881 2836 lapsu
926 2751 1091 2815 flexo
1139 2772 1285 2814 cum
1332 2772 1599 2834 corpore
1646 2774 1925 2836 serpens.

300 2838 476 2903 Haec
514 2841 708 2922 caput
745 2842 940 2923 atque
978 2839 1199 2903 oculos
1237 2843 1548 2921 torquens
1588 2840 1668 2903 ad
1705 2844 1890 2923 terga
1920 2838 2131 2924 Nepai
2211 2857 2315 2904 460

299 2924 729 3010 Convexoque
778 2927 922 2991 sinu
970 2927 1231 2991 subiens
1277 2925 1532 2990 inferna
1577 2926 1810 2991 Leonis

300 3012 698 3079 Centaurum
743 3014 872 3079 levi
919 3014 1240 3101 contingit
1284 3014 1537 3079 lubrica
1582 3015 1811 3096 cauda,

297 3103 378 3166 In
423 3103 762 3186 medioque
810 3103 955 3167 sinu
998 3102 1256 3188 fulgens
1305 3100 1629 3167 Cratera
1672 3066 1933 3166 rellicet.

145 3196 277 3255 220
296 3190 679 3255 Extremam
725 3191 941 3256 nitens
987 3191 1282 3276 plumato
1332 3211 1598 3274 corpore
1645 3188 1934 3255 Corvus

299 3278 542 3344 Rostro
590 3279 834 3363 tundit,
881 3282 947 3343 et
991 3279 1097 3343 hic
1145 3277 1434 3343 Geminis
1483 3283 1583 3343 est
1627 3278 1739 3342 ille
1786 3279 1906 3341 sub
1953 3278 2111 3361 ipsis
2212 3295 2312 3344 465

298 3367 473 3431 Ante
522 3365 792 3451 Canem,
839 3365 1036 3431 Graio
1082 3367 1379 3451 Procyon
1425 3365 1535 3449 qui
1577 3366 1837 3431 nomine
1882 3365 2107 3430 fertur.

443 3554 506 3608 V.
538 3561 643 3609 454
664 3572 762 3623 sq„
801 3561 903 3610 457
927 3573 1025 3626 sq„
1065 3563 1343 3611 463-466
1386 3558 1494 3612 Cic.
1533 3557 1607 3611 .N.
1648 3558 1720 3611 D.
1758 3558 1838 3611 II
1866 3563 1952 3612 44.
1989 3564 2109 3613 114.
