2630 3913
341 200 473 261 410
1119 194 1572 251 FRAGMENTA

342 360 655 424 Adulatus
708 364 799 425 est
847 359 1118 424 videlicet
1168 358 1374 422 Attico
1436 362 1494 422 et
1552 356 1757 421 irrisit
1814 355 2119 420 hominem
2175 357 2377 436 fami-

345 449 579 513 liarem.

480 536 611 616 [35.
658 535 878 617 Veryil.
918 554 1182 617 yramm.
1227 554 1350 599 exc.
1396 535 1467 597 in
1500 533 1730 597 Anecd.
1768 531 2002 596 Helvet.
2043 552 2104 612 p.
2140 536 2287 597 192.
2327 538 2376 597 7

345 622 650 689 ‘Macula'
697 629 922 688 autem‘
944 629 1002 687 et
1046 621 1304 704 ‘tabula,
1349 622 1568 704 fibula,
1614 620 1966 703 macellum,
2009 620 2373 704 m‘nculum',

343 733 499 795 quae
550 713 810 777 nomina
851 713 1102 792 primae
1132 712 1464 793 positionis
1505 730 1632 774 non
1685 709 1929 792 habent,
1986 709 2373 773 deminutiva
2430 727 2463 768 5

345 821 469 866 esse
510 820 637 865 non
677 800 862 881 facile
905 801 1249 864 creduntur.
1296 798 1345 880 ’ἰ-
1380 799 1474 863 At
1505 798 1615 862 hoc
1650 796 1855 862 Cicero
1889 796 2118 862 solebat
2151 798 2373 876 dicere,

343 890 490 953 haec
533 908 656 952 esse
699 889 1074 952 deminutiva
1118 908 1193 951 ex
1234 907 1444 970 sensu,
1486 907 1614 951 non
1657 906 1733 950 ex
1779 886 2025 965 littera]

482 977 614 1056 [36.
659 975 757 1040 1b.
790 997 859 1057 p.
893 981 1041 1042 200.
1075 980 1167 1041 24
1200 975 1580 1056 Frequenter
1621 975 1895 1039 causales
1925 994 2049 1055 pro
2091 974 2373 1038 rationa-

348 1065 568 1129 bilibus
613 1069 671 1128 et
713 1065 1088 1146 copulativae
1119 1084 1241 1146 pro
1286 1063 1635 1127 causalibus
1666 1063 1826 1144 poni
1867 1062 2082 1144 solent,
2139 1067 2213 1125 ut
2241 1083 2372 1143 pro

349 1151 556 1217 ‘enim'
615 1150 716 1215 ‘et'
768 1158 1060 1233 ponatur,
1117 1154 1276 1217 sicut
1319 1151 1559 1216 Oicero:
1612 1149 1884 1215 Vicistis
1938 1171 2059 1214 nos
2067 1199 2085 1232 ,
2142 1153 2209 1213 et
2254 1148 2373 1214 Dii
2402 1168 2458 1207 10

347 1263 465 1304 vos
510 1240 812 1305 iuverunt
821 1290 838 1322 ,
894 1245 1210 1321 tamquam
1252 1240 1364 1304 hoc
1406 1240 1657 1304 diceret:
1724 1239 1995 1320 Vicistis,
2049 1239 2200 1319 quia
2244 1236 2373 1302 Dii

346 1350 450 1393 vos
495 1331 818 1409 iuverunt]

481 1417 584 1481 37.
630 1417 804 1480 Plin.
847 1421 974 1480 nat.
1020 1416 1159 1480 hist.
1198 1414 1339 1479 VII
1370 1418 1493 1480 135
1528 1414 1603 1479 P.
1643 1414 1992 1479 Ventidium
2037 1448 2123 1458 —
2160 1412 2372 1480 Cicero

346 1507 386 1585 (
377 1510 588 1569 auctor
632 1506 746 1586 est)
791 1505 1121 1569 mulionem
1166 1504 1491 1568 castrensis
1530 1504 1863 1583 furnariae
1894 1503 2108 1583 fuisse.
2148 1538 2231 1549 -
2270 1501 2371 1583 Cf.

343 1595 498 1674 fam.
545 1593 615 1656 X
654 1598 754 1658 18.
799 1597 843 1658 3
886 1591 1152 1656 Ventidi
1199 1591 1505 1655 mulionis
1553 1593 1786 1655 eastra.
2397 1608 2448 1647 15

481 1682 582 1745 38.
629 1681 892 1746 Hieron.
936 1701 1024 1762 ep.
1070 1682 1156 1745 ad
1197 1679 1554 1744 Pammach.
1601 1684 1700 1743 66.
1754 1683 1796 1743 7
1844 1678 1915 1743 Τ.
1959 1677 2010 1742 I
2034 1699 2101 1760 p.
2146 1678 2370 1744 398A

358 1769 625 1834 Vallars.
691 1769 951 1849 Eyreqie
1012 1770 1085 1832 de
1142 1766 1405 1832 Caesare
1461 1766 1739 1831 Tullius:
1804 1764 1967 1831 Cum
2033 1765 2369 1850 quosdam,

344 1858 455 1939 ait,
501 1878 729 1919 ornare
768 1855 995 1936 voluit,
1039 1876 1171 1918 non
1207 1855 1359 1919 illos
1396 1854 1788 1936 honestavit,
1835 1854 1947 1917 sed
1984 1859 2370 1919 ornamenta

347 1945 490 2029 ipsa
535 1942 840 2027 turpavit.

483 2032 586 2096 39.
623 2033 813 2096 Arus.
849 2032 1037 2096 Mess.
1064 2053 1132 2113 p.
1157 2036 1284 2097 211
1311 2032 1499 2096 Lind.
1536 2032 1837 2096 Adsidere
1870 2030 2064 2096 illum.
2125 2029 2368 2096 Cicero:
2396 2050 2445 2089 20

352 2119 571 2205 Neque
628 2119 918 2184 adsidere
965 2119 1315 2183 Gabinium
1371 2123 1486 2183 aut
1542 2119 1788 2202 alloqui
1840 2117 1910 2182 in
1963 2117 2142 2183 ouria
2198 2119 2372 2202 quis-

349 2231 543 2294 quam
581 2208 877 2272 audebat.
919 2244 994 2254 —
1036 2210 1143 2273 Ex
1170 2209 1518 2273 Pisoniana
1542 2209 1808 2289 petitum
1841 2207 2077 2272 videtur
2105 2206 2370 2272 Halmio

346 2301 434 2362 ed.
485 2297 589 2362 Or.
634 2297 725 2362 II
766 2298 835 2362 Τ.
881 2296 972 2361 ΙΙ
995 2317 1065 2379 p.
1109 2302 1290 2361 1101.

480 2387 584 2450 40.
630 2385 797 2450 Serv.
855 2385 1026 2468 Vero.
1070 2386 1229 2450 Aen.
1276 2383 1349 2447 X
1386 2385 1512 2447 564
1560 2380 1766 2447 Cicero
1799 2387 2054 2465 propter
2100 2384 2369 2447 nimiam

349 2475 705 2539 modestiam
738 2475 973 2555 perisse
1018 2473 1155 2537 illos
1198 2470 1621 2554 (Amyclaeos)
1665 2472 1775 2554 ait,
1819 2472 1968 2535 dum
2001 2491 2045 2533 a
2078 2472 2369 2551 finitimis
2393 2489 2440 2527 2⁵

345 2564 659 2643 accipiunt
701 2563 974 2626 iniurias
1016 2566 1075 2624 et
1117 2566 1315 2624 tacent
1357 2579 1476 2625 eas,

479 2651 583 2712 41.
631 2646 875 2714 Cledon.
920 2668 1028 2713 ars
1076 2649 1145 2712 Τ.
1205 2649 1267 2713 V
1290 2669 1358 2730 p.
1392 2652 1497 2713 26.
1532 2651 1622 2713 32
1655 2647 1823 2712 Keil.
1867 2646 2138 2711 Litterae
2179 2648 2368 2728 ipsae,

347 2739 403 2802 si
448 2739 534 2801 ad
575 2737 865 2802 elementa
908 2737 1265 2818 referamus,
1299 2737 1505 2800 neutri
1541 2736 1781 2817 yeneris
1823 2739 1984 2812 sunt,
2025 2735 2188 2799 sicut
2225 2735 2369 2799 Tul-

346 2828 471 2890 lius
507 2826 684 2904 dixit,
728 2830 802 2890 ut
836 2824 966 2889 ‘hoc
998 2846 1080 2903 m,
1115 2825 1224 2889 hoc
1260 2823 1323 2907 l',
1360 2826 1417 2888 si
1450 2825 1537 2888 ad
1568 2825 1738 2906 ipsas
1775 2823 2025 2904 litteras,
2056 2823 2368 2902 feminini.

354 2951 428 2960 -
481 2913 579 2979 Id.
621 2934 683 2996 p.
728 2918 834 2979 28.
878 2919 964 2978 17
1011 2912 1233 2978 Omnes
1286 2913 1522 2977 litterae
1566 2912 1806 2993 yeneris
1856 2916 2004 2975 sunt
2053 2912 2262 2975 neutri
2315 2916 2371 2976 et
2393 2927 2442 2966 ω

346 3023 578 3084 semper
630 3002 1091 3066 indeclinabilia
1147 3006 1295 3066 sunt
1355 2999 1734 3083 [numquam
1796 2998 2221 3082 declinantur]
2225 3049 2240 3077 ,
2302 3004 2372 3063 ut

348 3093 442 3154 ait
503 3089 710 3156 Cicero
772 3089 819 3172 †
881 3092 952 3153 in
975 3139 976 3142 η
996 3089 1419 3154 Siciliensibus
1479 3089 1779 3153 accidunt.
1844 3122 1929 3134 -
1993 3086 2087 3167 Of.
2151 3087 2368 3170 Pomp.

350 3184 660 3243 comment.
697 3199 763 3260 p.
809 3183 947 3243 111.
994 3185 1051 3243 9.
1145 3225 1148 3228 >

481 3267 587 3331 42.
632 3267 964 3347 Auqustin.
1010 3266 1243 3330 dialect.
1278 3286 1346 3346 p.
1393 3270 1451 3328 9.
1496 3269 1580 3330 18
1624 3262 1842 3329 oreeel.
1881 3283 2085 3345 proyr.
2130 3263 2370 3343 Elberf.

350 3357 519 3416 1857
554 3353 745 3418 Stoici
789 3359 1136 3435 antumant,
1181 3373 1330 3434 quos
1370 3351 1575 3418 C'ieero
1621 3353 1692 3415 in
1726 3352 1842 3416 hac
1875 3371 1942 3416 re
1974 3350 2022 3432 †
2057 3356 2130 3415 ut
2163 3351 2370 3417 Cicero
2396 3366 2441 3407 ³⁵

349 3440 600 3537 inridet,
652 3440 898 3505 nullium
950 3460 1074 3505 esse
1124 3441 1371 3505 verbum
1380 3490 1398 3523 ,
1451 3442 1626 3504 cuius
1676 3460 1801 3504 non
1855 3444 2018 3504 certa
2072 3441 2373 3523 explicari

349 3543 518 3603 oriyo
551 3528 765 3604 possit.
