2630 3913
676 215 953 270 FACETE
991 215 1385 274 DICTORUM.
1425 216 1488 272 G.
1527 218 1564 270 b
1594 224 1819 273 25-38.
2116 216 2244 280 347

232 379 505 458 spondit:
562 376 763 441 Volui
816 378 888 442 in
941 381 1280 444 consulatu
1336 383 1450 445 tuo
1506 380 1749 464 venire,
1804 380 1915 444 sed
1969 402 2096 444 nox
2145 402 2248 443 me

233 465 740 550 comprehendit.
849 467 913 533 U
914 469 1080 533 leisci
1139 474 1343 533 autem
1402 489 1466 533 sc
1513 468 1718 533 Cicero
1778 469 2118 552 videbatur,
2178 473 2252 532 ut

231 555 340 635 qui
382 556 759 636 respondisse
801 556 922 621 sibi
959 556 1281 621 Vatinium
1315 558 1694 640 meminerat,
1739 577 1875 621 cum
1917 558 2146 622 umeris
2187 577 2251 621 sc

231 644 323 706 rei
353 643 640 725 publicae
682 645 756 709 dc
789 646 973 721 eaeilio
1017 650 1390 727 reportatum
1420 646 1826 728 yloriarctur:
1874 645 1891 673 ‘
1908 645 2079 711 Unde
2111 665 2249 725 erqo

180 746 206 787 ⁵
235 731 343 795 tibi
384 730 686 797 varices?
732 768 821 779 -
866 732 961 813 Cf.
1019 733 1163 798 VII
1196 739 1256 798 3.
1301 739 1384 798 10
1418 755 1508 798 ex.

366 827 470 893 33.
502 829 758 908 Quintil.
797 828 900 895 VI
917 836 977 895 3.
1004 835 1090 896 84
1117 829 1323 896 Cicero
1358 832 1577 895 audita
1604 832 1774 912 falsa
1812 830 2026 896 Vatini
2062 836 2251 894 morte

231 936 370 980 cum
406 917 648 981 obvium
686 918 966 982 libertum
1002 920 1131 983 eius
1164 920 1623 1002 interroyassct:
1662 918 1941 984 ‘Rectene
1970 920 2181 984 omnia
2190 915 2249 982 ,θ’

231 1006 455 1069 dicenti
502 1003 758 1070 ‘Recte’.·
805 1005 1103 1071 Mortuus
1151 1007 1294 1070 est?

368 1111 474 1173 34.
524 1110 730 1190 Quint.
778 1111 880 1176 VI
914 1117 972 1176 3.
1020 1117 1104 1177 68
1145 1112 1519 1194 Metaphora
1561 1132 1792 1194 quoque
1837 1111 2042 1178 Cicero
2089 1113 2252 1195 lusit,

156 1216 207 1255 ιο
234 1220 373 1263 cum
431 1198 646 1263 Vatini
688 1205 879 1263 morte
919 1202 1238 1278 nuntiata,
1297 1203 1472 1265 cuius
1504 1221 1738 1282 parum
1784 1206 1979 1265 certus
2022 1200 2250 1265 diceba-

236 1292 339 1351 tur
383 1291 629 1349 auctor:
676 1285 976 1372 Interim,
1020 1290 1248 1369 inquit,
1293 1311 1493 1352 usura
1536 1288 1731 1353 fruar.

369 1391 474 1456 35.
518 1391 835 1456 Plutarch.
882 1392 1007 1457 Cic.
1050 1397 1090 1457 5
1135 1392 1271 1458 Καὶ
1326 1390 1484 1471 τούς
1527 1417 1602 1477 γε
1646 1397 1736 1483 τῷ
1784 1395 1957 1479 βοᾷν
2003 1390 2253 1477 μεγάλα

237 1487 619 1573 χρωμένους
673 1486 957 1573 ῥήτορας
1012 1490 1440 1558 ἐπισκώπτων
1495 1495 1674 1575 ἔλεγε
1732 1488 1822 1556 δι’
1891 1488 2253 1557 ἀσθένειαν

237 1585 342 1652 ἐπὶ
387 1582 510 1669 τὴν
556 1582 858 1672 κραυγὴν
905 1582 1123 1672 ὥσπερ
1169 1585 1428 1672 χωλοὺς
1473 1584 1579 1672 ἐφ’
1622 1590 1841 1654 ’ἵππων
1878 1591 2118 1673 πηδᾷν.
2174 1583 2254 1652 Ἡ

155 1700 206 1740 15
237 1679 312 1748 δὲ
339 1680 487 1767 περὶ
515 1679 595 1746 τὰ
627 1680 985 1766 σκώμματα
1012 1683 1122 1748 καὶ
1149 1682 1274 1768 τὴν
1300 1683 1577 1751 παιδιὰν
1596 1685 1842 1769 ταύτην
1862 1682 2255 1768 εὐτραπελία

236 1775 580 1845 δικανικὸν
601 1777 723 1863 μὲν
746 1778 961 1846 ἐδόκει
981 1779 1093 1846 καὶ
1111 1781 1485 1866 γλαφυρόν,
1513 1781 1852 1868 χρώμενος
1872 1779 1935 1847 δ’
1961 1779 2127 1868 αὐτῇ
2147 1807 2253 1846 κα-

233 1874 530 1961 τακόρως
548 1874 837 1956 πολλοὺς
857 1878 1081 1944 ἐλύπει
1110 1878 1221 1943 καὶ
1243 1885 1646 1964 κακοηθείας
1674 1878 2002 1966 ἐλάμβανε
2031 1878 2248 1959 δόξαν.

368 1987 471 2051 36.
517 1986 685 2052 Plut.
731 1985 853 2052 Cic.
903 1993 945 2051 7
998 1982 1232 2051 Πολλά
1287 1992 1598 2072 χαρίεντα
1654 1984 2253 2072 διαμνημονεύεται

235 2081 347 2147 καὶ
392 2081 542 2168 περὶ
590 2083 849 2166 ἐκείνην
898 2077 1107 2148 αὐτοῦ
1146 2082 1562 2169 (Κικέρωνος
1597 2080 1762 2149 κατὰ
1798 2086 2091 2171 Βέρρου)
2129 2080 2253 2168 τὴν

152 2197 207 2235 20
239 2181 450 2261 δίκην.
532 2178 796 2262 Βέρῤην
840 2175 968 2263 γὰρ
1017 2180 1087 2244 οί
1120 2174 1432 2263 Ῥωμαῖοι
1476 2177 1595 2246 τὸν
1642 2179 1730 2266 μὴ
1777 2183 2253 2266 ἐκτετμημένον

236 2287 471 2360 χοῖρον
498 2277 836 2340 καλοῦσιν.
883 2271 997 2353 Ὡς
1025 2266 1152 2342 οὖν
1181 2273 1696 2363 ἀπελευθερικὸς
1723 2277 2084 2365 ἄνθρωπος
2111 2283 2254 2345 ἔνο-

235 2395 350 2455 χος
394 2374 485 2462 τῷ
535 2374 924 2454 ἰουδαΐζειν,
981 2369 1196 2457 ὄνομα
1241 2380 1618 2460 Καικίλιος,
1680 2373 1988 2459 ἐβούλετο
2035 2398 2252 2459 παρω-

237 2466 525 2552 σάμενος
569 2466 727 2546 τοὺς
768 2468 1171 2548 Σικελιώτας
1216 2484 1610 2558 κατηγορεῖν
1654 2474 1777 2538 τοῦ
1813 2472 2096 2558 Βέρρου,
2145 2474 2257 2538 εΤί

228 2561 535 2655 Ἰουδαίω
583 2562 750 2650 πρὸς
794 2566 1081 2651 χοῖρον;’
1128 2571 1256 2651 ἔφη
1304 2564 1340 2634 ὁ
1390 2570 1715 2653 Κικέρων.
2056 2657 2067 2666 r

147 2681 202 2721 25
368 2672 473 2737 37.
527 2671 695 2736 Plut.
749 2669 870 2737 Cic.
928 2677 972 2738 7
1013 2661 1137 2739 Ἦν
1198 2672 1272 2739 δὲ
1326 2677 1417 2761 τῷ
1472 2677 1693 2763 Βέῤῥῃ
1750 2671 2057 2754 ἀντίπαις
2107 2673 2254 2755 υἱὸς

235 2766 358 2834 οὐκ
405 2769 802 2852 ἐλευθερίως
839 2771 1060 2836 δοκῶν
1098 2775 1547 2854 προΐστασθαι
1582 2779 1698 2859 τῆς
1745 2771 1938 2859 ὥρας.
2012 2777 2253 2840 Λοιδο-

233 2863 468 2951 ρηθεὶς
515 2855 642 2932 οὖν
690 2861 725 2931 ὅ
775 2867 1082 2954 Κικέρων
1130 2872 1223 2947 εἰς
1271 2876 1601 2954 μαλακίαν
1647 2868 1777 2937 ὑπὸ
1824 2876 1947 2937 τοῦ
1991 2873 2254 2959 Βέρῤου

234 2965 421 3042 “Τοῖς
464 2964 686 3049 υίοῖς’,
732 2960 946 3049 εἶπεν,
993 2964 1204 3044 ’ἐντὸς
1248 2971 1487 3053 θυρῶν
1534 2972 1641 3035 δεῖ
1681 2971 2180 3054 λοιδορεῖσθαιῖ

367 3073 469 3138 38.
516 3072 684 3137 Plut.
723 3071 844 3138 Cic.
884 3079 927 3138 7
969 3075 1107 3139 Τοῦ
1154 3071 1229 3139 δὲ
1274 3071 1555 3158 ῥήτορος
1581 3071 1927 3159 Ὁρτησίου
1961 3072 2083 3159 τὴν
2130 3074 2252 3161 μὲν

140 3193 197 3232 30
230 3164 510 3234 εὐθεῖαν
563 3170 654 3257 τῷ
701 3168 920 3255 Βέρρῃ
978 3183 1315 3237 συνειπεῖν
1371 3167 1459 3256 μὴ
1513 3171 1996 3259 τολμήσαντος,
2057 3176 2131 3240 ἐν
2178 3174 2252 3241 δὲ

227 3266 321 3355 τῷ
377 3262 688 3348 τιμήματι
743 3266 1133 3345 πεισθέντος
1194 3270 1690 3354 παραγενέσθαι
1753 3269 1865 3335 καὶ
1927 3271 2252 3357 λαβόντος

229 3363 671 3445 ἐλεφαντίνην
718 3367 991 3447 Σφίγγα
1042 3362 1293 3449 μισθὸν
1340 3362 1486 3431 εἶπέ
1523 3391 1587 3431 τι
1634 3373 1926 3452 πλαγίως
1973 3365 2008 3435 ὁ
2057 3370 2251 3436 Κικέ-

227 3482 370 3544 ρων
416 3455 583 3541 πρὸς
619 3456 856 3526 αὐτόν·
901 3463 1022 3526 τοῦ
1062 3459 1138 3528 δὲ
1173 3462 1510 3547 φήσαντος
1551 3464 1962 3550 αἰνιγμάτων
2000 3464 2251 3546 λύσεως

225 3552 517 3639 ἀπείρως
571 3559 743 3642 ἔχειν
791 3555 960 3622 εΚαὶ
1015 3556 1149 3644 μὴν
1206 3558 1310 3626 ἐπὶ
1365 3563 1481 3645 τῆς
1535 3564 1746 3639 οἰκίας
1799 3560 1924 3647 τὴν
1976 3569 2249 3650 Σφίγγα
