2630 3913
811 202 946 259 LIB.
984 204 1026 257 Ι.
1093 201 1244 256 ΟΑΡ.
1288 206 1517 258 18-20,
1589 207 1619 267 5
1657 208 1881 259 60-66.
2262 203 2350 267 23

2405 330 2421 357 l

341 364 431 429 ad
476 364 933 449 periculum,
980 365 1044 428 si
1091 387 1225 428 sua
1268 362 1731 448 cupiditate,
1785 385 1934 428 non
1987 365 2348 430 utilitate
2397 366 2402 375 '
2465 358 2474 371 '

340 454 726 518 communi
787 452 1228 538 inpellitur,
1301 450 1670 516 audaciae
1712 453 2006 536 potius
2077 475 2349 521 nomen

340 541 626 606 habeat
673 562 894 624 quam
939 539 1483 605 fortitudinis?
1547 539 1776 623 Itaque
1813 541 1989 605 viros
2032 540 2236 606 fortes
2283 545 2349 606 et

342 629 795 714 magnanimos
834 629 1091 694 eosdem
1128 629 1335 694 bonos
1374 630 1442 693 et
1479 628 1831 713 simplices,
1860 630 2155 694 veritatis
2193 630 2346 694 ami·

286 735 314 776 5
342 739 451 783 cos
497 717 885 800 minimeque
938 717 1206 783 fallaces
1262 739 1402 781 esse
1460 716 1785 800 volumus3
1849 739 2011 801 quae
2067 723 2218 783 sunt
2271 740 2348 782 ex

342 806 553 870 media
607 806 795 870 laude
850 805 1156 870 iustitiae.
1247 802 1370 870 Sed
1426 804 1589 869 illud
1644 805 1935 870 odiosum
1984 810 2113 889 est,
2176 806 2347 891 quod
2385 820 2453 872 64

341 895 411 959 in
455 895 576 958 hac
625 894 904 958 elatione
951 897 1018 958 et
1063 893 1509 979 magnitudine
1556 893 1754 957 animi
1799 893 2107 959 facillime
2151 895 2347 981 perti·

341 983 529 1048 nacia
585 985 651 1046 et
703 983 905 1046 nimia
959 983 1277 1066 cupiditas
1337 981 1737 1066 principatus
1792 982 2165 1047 innascitur.
2255 981 2348 1048 Ut

343 1071 514 1135 enim
561 1070 731 1155 apud
767 1070 1107 1135 Platonem
1155 1076 1280 1152 est,
1326 1091 1616 1134 omnem
1662 1091 1942 1134 morem
1971 1070 2347 1136 Lacedae·
2407 1071 2424 1095 ''

265 1178 315 1217 ιο
342 1158 767 1223 moniorum
830 1158 1399 1223 inflammatum
1464 1179 1628 1221 esse
1692 1159 2123 1243 cupiditate
2186 1161 2347 1224 vin-

343 1247 588 1329 cendi,
653 1247 771 1329 sic,
833 1251 909 1311 ut
964 1248 1231 1330 quisque
1288 1245 1488 1310 animi
1541 1246 1985 1330 magnitudine
2051 1269 2347 1312 maxume

344 1335 643 1418 excellet,
679 1335 777 1399 ita
813 1357 1108 1399 maxume
1156 1336 1296 1400 vult
1331 1334 1629 1419 princeps
1667 1335 1952 1399 omnium
1990 1336 2093 1398 vel
2130 1337 2346 1420 potius

344 1423 521 1488 solus
569 1444 726 1487 esse.
816 1423 1097 1488 Difficile
1144 1426 1362 1487 autem
1410 1426 1534 1503 est,
1581 1444 1725 1487 cum
1770 1426 2100 1505 praestare
2148 1424 2346 1487 omni·

341 1512 464 1576 bus
510 1512 934 1596 concupieris,
971 1533 1226 1576 servare
1263 1511 1684 1595 aequitatem,
1722 1533 1884 1594 quae
1922 1515 2021 1574 est
2057 1511 2344 1576 iustitiae

262 1616 315 1657 ιε
342 1622 638 1664 maxume
683 1600 965 1684 propria.
1045 1598 1146 1664 Ex
1192 1622 1318 1683 quo
1366 1599 1482 1682 fit*
1509 1603 1583 1663 ut
1627 1621 1831 1683 neque
1879 1600 2345 1684 disceptatione

341 1689 513 1752 vinci
569 1709 636 1752 se
690 1709 808 1752 nec
861 1689 998 1753 ullo
1044 1688 1304 1773 publico
1349 1709 1426 1754 ac
1471 1687 1765 1771 legitimo
1810 1688 1949 1752 iure
1995 1689 2346 1772 patiantur,

344 1776 754 1859 existuntque
826 1776 894 1840 in
955 1798 1024 1840 re
1088 1777 1350 1860 publica
1411 1775 1788 1859 plerumque
1862 1777 2207 1862 largitores
2282 1780 2348 1841 et

341 1864 626 1947 factiosi,
672 1869 745 1928 ut
791 1886 945 1951 opes
994 1887 1186 1948 quam
1225 1885 1557 1930 maxumas
1596 1870 2068 1948 consequantur
2114 1869 2180 1930 et
2217 1868 2349 1930 sint

343 1953 410 2018 vi
468 1953 685 2037 potius
746 1953 1106 2038 superiores
1169 1976 1364 2037 quam
1422 1953 1673 2017 iustitia
1730 1976 1936 2038 pareS.
2041 1951 2167 2019 Sed
2221 1977 2346 2038 quo

262 2060 315 2099 ω
347 2040 699 2124 difficilius,
743 2043 866 2107 hoc
910 2043 1333 2127 praeclarius3
1393 2043 1645 2107 nullum
1701 2043 1872 2106 enim
1927 2047 2028 2108 est
2072 2047 2361 2128 tempuS,

345 2131 517 2232 quod
561 2130 813 2195 iustitia
859 2152 1086 2195 vacare
1133 2131 1380 2195 debeat
1451 2130 1678 2194 Fortes
1723 2131 1927 2216 igitur
1972 2135 2038 2195 et
2082 2152 2345 2217 magna-
2383 2144 2445 2196 05

342 2219 505 2282 nimi
550 2223 702 2282 sunt
755 2219 1062 2302 habendi,
1115 2241 1245 2282 non
1293 2224 1404 2302 qui
1446 2217 1738 2300 faciunt,
1774 2219 1886 2283 sed
1933 2219 2050 2320 qui
2086 2221 2348 2304 propul

344 2312 494 2372 sant
538 2307 857 2371 iniuriam.
947 2307 1120 2371 Vera
1165 2311 1383 2370 autem
1440 2309 1506 2369 et
1551 2307 1807 2389 sapiens
1856 2307 2054 2371 animi
2101 2309 2348 2392 magni·

348 2395 505 2459 tudo
551 2394 897 2459 honestum
941 2395 1141 2478 illud
1187 2394 1358 2479 quod
1413 2415 1706 2458 maxume
1760 2398 1995 2459 natura
2041 2396 2350 2479 sequitur,
2423 2475 2426 2479 Α

265 2499 319 2540 2⁵
346 2482 416 2547 in
460 2482 652 2547 factis
697 2484 1011 2568 positum,
1054 2505 1185 2548 non
1230 2483 1297 2547 in
1344 2482 1578 2569 gloria
1590 2481 1850 2556 iudicat,
1865 2482 2347 2568 principemque

345 2592 414 2635 se
468 2593 608 2636 esse
663 2573 913 2637 mavult
982 2594 1176 2655 quam
1230 2570 1462 2652 videri3
1525 2570 1762 2635 etenim
1826 2571 1937 2655 qui
2001 2593 2078 2636 ex
2133 2592 2348 2635 errore

343 2659 680 2745 imperitae
750 2661 1180 2724 multitudinis
1243 2659 1505 2745 pendet,
1576 2658 1681 2723 hic
1742 2659 1811 2724 in
1874 2660 2128 2746 magnis
2191 2659 2347 2724 vi1is

343 2769 474 2812 non
529 2751 628 2812 est
648 2748 1030 2813 “habendus
1129 2748 1462 2814 Facillime
1518 2752 1734 2813 autem
1781 2747 1861 2812 ad
1915 2769 2019 2812 res
2072 2748 2348 2813 iniustas

342 2835 696 2920 inpellitur,
759 2840 834 2901 ut
904 2837 1173 2920 quisque
1237 2835 1559 2901 altissimo
1627 2836 1844 2901 animo
1910 2841 2036 2919 est,
2102 2838 2347 2922 gloriae

263 2940 317 2980 ω
345 2924 726 3008 cupiditate3
808 2925 919 3008 qui
990 2925 1167 2990 locus
1239 2929 1341 2989 est
1402 2945 1556 2989 sane
1620 2924 1933 3007 lubricuS,
1999 2925 2170 3008 quod
2241 2924 2348 2987 vix

341 3011 711 3098 invenitur,
757 3014 866 3096 qui
931 3013 1264 3078 laboribus
1328 3012 1643 3096 susceptis
1716 3013 2145 3096 periculisque
2220 3012 2348 3076 adi-

342 3100 428 3164 tis
491 3122 622 3165 non
686 3103 871 3185 quasi
935 3101 1292 3165 mercedem
1354 3121 1571 3165 rerum
1633 3103 1964 3186 gestarum
2030 3099 2279 3165 desidei
2283 3105 2348 3165 et

343 3189 639 3274 gloriam.

475 3276 756 3342 Omnino
810 3277 1002 3343 fortis
1061 3278 1312 3343 animus
1378 3280 1445 3341 et
1508 3297 1784 3378 magnus
1848 3276 2096 3341 duabus
2156 3276 2345 3340 rebus
2370 3255 2452 3384 262

260 3380 315 3421 ⁸⁶
342 3366 618 3430 maxime
674 3367 1004 3449 cernitur,
991 3388 1297 3450 quarum
1351 3387 1481 3430 una
1544 3366 1614 3429 in
1666 3386 1881 3429 rerum
1940 3368 2346 3430 externarum

344 3452 764 3538 despicientia
807 3456 1098 3539 ponitur,
1153 3476 1297 3519 cum
1343 3475 1721 3537 persuasum
1779 3459 1881 3518 est
1936 3452 2100 3517 nihil
2146 3452 2348 3518 homi-

338 3561 533 3628 nem,
559 3542 686 3606 nisi
733 3544 901 3626 quod
947 3543 1292 3608 honestum
1340 3543 1764 3624 decorumque
1820 3542 1938 3623 sit,
1993 3546 2106 3605 aut
2151 3542 2346 3607 admi·
