2630 3913
329 220 608 273 XXXVIII
947 220 1375 275 ADNOTATIO
1417 220 1716 275 CRITICA.

326 377 526 443 Halm,
571 380 713 433 illim
757 380 893 432 mali
935 380 1069 447 quid
1115 378 1259 434 Bait.
1306 410 1370 419 -
1417 378 1478 433 P.
1533 386 1651 433 303.
1701 386 1767 433 22
1817 382 2013 433 attium
2060 379 2234 447 codd,
2281 382 2344 432 ut

326 452 454 503 test.
503 447 716 516 Quioh„
767 450 848 501 ‘in
894 448 1047 504 Leid.
1094 456 1141 504 tt
1186 451 1478 519 superscr.'
1522 449 1670 503 Gerl.
1719 451 1778 503 et
1822 449 1989 505 Roth.
2031 482 2097 490 —
2143 450 2202 504 P.
2242 456 2342 504 303

328 522 430 588 srg.
472 527 503 574 6
540 536 654 573 non
693 519 972 573 debebant
1010 519 1220 585 omitti,
1269 535 1411 587 quae
1449 519 1609 573 addit
1646 520 1880 574 Seneca:
1927 522 2063 576 Alia
2098 522 2345 589 deinceps

329 592 518 658 adicit,
556 592 754 659 quibas
780 597 829 645 et
848 592 1087 660 priorem
1115 597 1340 645 aetatem
1369 593 1664 659 complorat
1690 598 1739 646 et
1766 593 1832 645 de
1865 594 2139 658 praesenti
2172 594 2346 660 queri·

328 669 421 716 twr
438 667 489 716 et
507 663 572 715 de
591 664 784 726 futura
813 663 1074 730 desperat,
1106 661 1306 728 quibus
1330 661 1665 729 coarguitur,
1695 662 1758 715 ut
1779 661 1993 730 opinor,
2014 661 2346 715 Buecheleri

329 735 486 797 (mus,
518 730 694 786 Rhen.
729 737 864 785 1879
893 750 945 801 p.
978 736 1103 797 355)
1132 734 1230 785 aut
1262 730 1452 801 opinio
1484 731 1749 785 Senecam
1788 733 2065 786 censentis
2101 732 2348 786 nondum

328 802 536 870 legisse
586 802 857 871 epistulas
905 802 975 854 ad
1022 802 1306 869 Atticum,
1364 802 1463 856 sed
1509 819 1576 856 ex
1620 802 1954 856 recitatione
2001 802 2185 857 aliove
2239 819 2348 870 quo

328 873 497 927 modo
534 873 679 927 nihil
714 873 825 927 nisi
860 872 1015 926 istud
1051 889 1255 927 nomen
1293 889 1360 926 ac
1395 872 1652 926 mirabile
1680 872 2016 927 vocabulum
2043 875 2348 939 (semiliber)

328 943 593 1010 tenuisse,
622 946 722 997 aut
747 943 1065 1013 repudiatio
1094 943 1447 998 coniecturae
1468 943 1619 1012 Lipsi
1643 946 1868 1009 Ansium,
1899 960 2066 1012 quam
2094 961 2196 998 nos
2228 962 2354 998 cum

331 1015 556 1068 Baitero
585 1015 761 1068 secuti
793 1032 1004 1077 sumus;
1034 1031 1166 1068 nam
1193 1014 1251 1067 in
1281 1015 1402 1069 cod.
1422 1015 1648 1070 Mediol.
1681 1016 1765 1068 est
1793 1016 2032 1070 atticum.
2057 1046 2121 1054 —-
2146 1016 2206 1070 P.
2229 1022 2350 1069 304.

331 1092 361 1139 2
385 1103 503 1153 sqq.
539 1087 695 1151 Plus,
723 1088 865 1140 sicut
892 1088 952 1139 in
974 1087 1265 1154 plerisque,
1302 1087 1528 1140 maioris
1556 1116 1623 1125 —
1652 1087 1825 1156 magis
1852 1087 2107 1140 discrevit
2135 1084 2351 1153 Quioh„

332 1155 483 1222 quod
519 1172 631 1210 non
666 1156 966 1225 intellego;
1006 1173 1195 1210 cruces
1225 1155 1352 1211 add.
1386 1187 1447 1195 —
1481 1155 1540 1210 P.
1573 1162 1691 1210 304.
1724 1164 1755 1209 5
1792 1158 2138 1211 deserendam
2164 1156 2352 1211 Madv.

331 1227 473 1282 Adv,
514 1227 565 1279 II
611 1246 665 1296 p.
707 1234 825 1295 245,
873 1228 1291 1282 desiderandam
1337 1226 1498 1282 codd.
1548 1228 1605 1280 et
1651 1226 1775 1279 edd.
1818 1259 1885 1266 —
1922 1227 1981 1281 P.
2022 1233 2141 1282 308.
2184 1234 2251 1281 28
2291 1227 2353 1280 In

333 1299 447 1367 opt.
489 1298 611 1354 cod.
648 1297 958 1352 Bodleiano
999 1314 1118 1352 esse
1166 1304 1242 1351 est
1279 1297 1554 1351 Ciceronis
1581 1313 1688 1366 pro
1730 1299 1972 1352 deiotaro
2008 1300 2143 1367 qnid
2182 1301 2357 1369 iyitur

331 1385 431 1437 pro
468 1370 626 1424 deum
660 1371 997 1423 imortalium
1034 1370 1327 1435 artificiose
1351 1369 1514 1437 prior
1550 1385 1614 1422 ea
1650 1398 1736 1435 —,
1779 1370 2071 1435 artificiose
2107 1372 2168 1422 et.
2195 1372 2359 1438 prior

334 1438 505 1493 etiam
541 1439 603 1491 in
640 1440 762 1494 cod.
794 1438 965 1506 Leid.‚
1004 1438 1197 1492 docuit
1229 1455 1318 1491 me
1349 1437 1404 1493 C.
1436 1436 1724 1493 Dziatzko.
1782 1437 1893 1492 Sub
1931 1438 2032 1491 illo
2062 1441 2360 1508 artificiose

333 1511 571 1564 fortasse
607 1509 752 1563 latet
787 1510 1154 1575 Ischomache3
1201 1508 1337 1563 Xen.
1378 1508 1602 1576 quidem
1640 1504 1795 1575 Πρὸς
1830 1510 1942 1562 τῶν
1979 1510 2167 1580 θεῶν,
2209 1509 2359 1579 ἔφην

336 1578 470 1649 ἐγώ,
522 1570 566 1634 ὦ
608 1576 921 1649 Ἱσχόμαχε,
977 1581 1035 1633 τί
1074 1580 1295 1647 πρῶτον
1344 1576 1635 1633 διδάσκειν
1685 1576 1855 1648 ἤρχου
1903 1575 2124 1648 αὖτήνς.
2180 1612 2247 1623 —
2295 1579 2357 1635 P.

333 1659 452 1706 311.
495 1657 560 1705 16
600 1650 720 1704 cod.
759 1649 921 1703 Bodl.
969 1652 1186 1718 dempta
1220 1651 1422 1703 sillaba
1458 1652 1736 1718 complura
1762 1651 1981 1718 primns
2016 1652 2156 1706 dicit
2190 1653 2361 1707 dicito

338 1722 471 1777 Cato
498 1722 775 1791 oriyinum
808 1723 999 1790 quinto
1025 1721 1102 1790 (v)
1128 1721 1269 1787 fana
1304 1723 1368 1775 in
1405 1722 1516 1775 loco
1544 1722 1934 1789 compluritiem
1961 1722 2023 1774 in
2050 1729 2364 1793 protagora

333 1793 709 1859 confirmanda
747 1808 952 1888 (genera
996 1776 1322 1859 compluria3
1370 1793 1744 1858 confirmanda
1781 1791 1951 1844 etiam
1990 1791 2149 1844 Leid..
2198 1824 2262 1832 -
2299 1790 2365 1845 P.

335 1870 453 1917 312.
495 1868 564 1915 24
584 1878 704 1929 sqq.
772 1861 899 1914 Sine
939 1861 1109 1914 dubio
1147 1861 1307 1929 frgm.
1351 1878 1471 1915 esse
1507 1860 1789 1915 Ciceronis
1826 1861 1958 1914 libri
1995 1861 2064 1914 de
2101 1863 2364 1934 auguriis

335 1930 637 2003 deperditi’
689 1929 912 1986 videtur
945 1931 1006 1989 P.
1046 1931 1280 2001 Regello
1325 1931 1430 1987 ‘De
1468 1949 1739 2001 augurum
1775 1932 1927 2002 publ.
1967 1931 2175 2002 libris',
2226 1934 2362 1990 diss

332 2003 559 2058 Vratisl.
603 2007 739 2058 1878
776 2023 827 2073 p.
869 2011 972 2058 311.
1013 2010 1062 2058 2.
1124 2003 1310 2058 Verba
1357 2004 1476 2056 sine
1526 2004 1694 2057 dubio
1730 2020 1845 2057 non
1881 2006 2013 2058 sunt
2050 2002 2364 2073 CiceroniS,

337 2074 614 2129 sententia
641 2077 828 2128 autem
855 2074 970 2128 fere
1000 2091 1261 2144 expressa
1288 2076 1377 2128 est
1404 2074 1473 2128 de
1504 2075 1614 2129 div.
1646 2073 1670 2125 I
1700 2082 1746 2129 6.
1775 2082 1947 2142 neq„
1977 2077 2139 2140 furor
2168 2076 2368 2147 appel-

333 2147 483 2201 latur
526 2145 599 2199 ib.
641 2152 724 2200 31.
766 2152 849 2200 66.
888 2176 955 2186 -
993 2146 1052 2200 P.
1093 2151 1212 2198 314.
1252 2152 1286 2198 4
1335 2147 1526 2200 bellica
1569 2147 1825 2200 instituta
1871 2145 2014 2199 coni.
2057 2144 2149 2201 Or.
2190 2179 2266 2188 —-
2302 2148 2364 2201 P.

337 2224 453 2271 314.
497 2223 560 2269 11
599 2222 731 2271 esset
767 2232 796 2269 e
840 2215 961 2271 cod.
1001 2214 1332 2269 Emmerano
1370 2215 1551 2270 Halm.
1595 2214 1934 2284 ‘Beitraege’
1975 2235 2027 2285 p.
2066 2223 2153 2285 35,
2195 2217 2365 2285 Bait„

334 2295 411 2343 est
447 2287 596 2356 vulg.
636 2318 707 2327 —
742 2285 802 2341 P.
844 2294 963 2343 314.
1006 2293 1068 2339 13
1110 2285 1268 2350 Quod
1317 2286 1599 2339 subiciunt
1637 2285 1798 2355 frgm.
1839 2285 1951 2355 (Or.
1991 2305 2043 2342 n.
2084 2295 2172 2355 24,
2212 2290 2363 2345 Bait.

334 2375 385 2413 n.
419 2361 535 2426 23):
574 2365 674 2412 ant
708 2359 927 2413 tandem
961 2360 1167 2425 doceas,
1206 2359 1349 2426 quod
1384 2360 1480 2412 vix
1517 2359 1770 2426 cuiquam
1805 2359 2046 2428 conti9it‚
2087 2357 2158 2412 de
2199 2376 2270 2415 eo
2310 2379 2364 2415 v.

333 2429 500 2483 Thilo
544 2428 695 2483 Serv.
734 2429 760 2481 I
800 2437 897 2483 331
947 2448 999 2498 p.
1042 2434 1160 2481 118.
1201 2460 1268 2467 —
1306 2429 1367 2481 Ρ.
1407 2434 1525 2482 315.
1566 2434 1596 2480 2
1643 2430 1788 2483 hunc
1826 2426 2162 2497 Quicherat„
2211 2448 2368 2487 nwnc

335 2501 456 2555 cod.
498 2500 640 2565 Par„
688 2516 793 2553 om.
831 2498 985 2567 vulg.
1023 2530 1094 2539 —
1130 2500 1189 2553 P.
1230 2506 1348 2552 315.
1390 2505 1455 2550 21
1497 2501 1688 2554 bellica
1720 2515 1807 2553 res
1845 2497 1953 2565 Oia,
1999 2497 2146 2554 Bait.
2189 2532 2260 2541 -
2301 2502 2364 2557 P.

335 2578 452 2624 315.
494 2577 560 2623 23
608 2577 787 2624 antem
832 2572 905 2623 ad
946 2569 1127 2624 Halm.
1172 2568 1514 2635 ‘Beibraege’
1563 2587 1615 2638 p.
1656 2576 1739 2623 35.
1782 2601 1844 2608 —
1893 2569 1953 2622 P.
1992 2576 2110 2624 315.
2154 2577 2226 2625 30
2274 2589 2367 2627 ecc·

327 2643 592 2710 plicando
619 2642 903 2695 Aristoteli
932 2639 1044 2706 all,
1083 2638 1245 2706 Bait„
1282 2641 1627 2694 Aristotelem
1655 2639 1775 2694 cod.
1809 2640 1955 2701 Par.;
1995 2641 2127 2710 leqis
2158 2641 2368 2707 Quich.

333 2714 442 2765 tac.
483 2743 548 2750 —
588 2710 649 2763 P.
689 2717 808 2764 317.
852 2717 916 2763 14
953 2717 1084 2764 esset
1118 2710 1300 2764 Halm.
1346 2709 1686 2778 ‘Beitraege'
1727 2729 1781 2780 p.
1821 2716 1889 2764 35
1912 2726 2020 2776 ex,;
2057 2718 2271 2767 rectum
2308 2721 2371 2768 et

333 2783 455 2836 hon.
503 2779 743 2835 tralatic.
793 2796 893 2836 err.
944 2780 1068 2835 edd.
1117 2812 1182 2819 —-
1229 2781 1289 2835 P.-
1339 2787 1456 2835 317.
1505 2787 1574 2835 33
1619 2780 1702 2834 De
1749 2779 1852 2849 frg.
1900 2787 1968 2834 42
2026 2780 2117 2850 (de
2167 2799 2290 2853 rep.
2343 2785 2370 2837 I

333 2852 437 2920 frg.
471 2854 525 2921 5)
561 2869 613 2906 v.
643 2850 825 2904 Halm.
864 2851 900 2906 l.
938 2849 975 2907 1.
1016 2870 1068 2920 p.
1101 2858 1183 2905 36.
1228 2883 1288 2890 -—
1320 2852 1380 2906 P.
1412 2858 1531 2906 318.
1562 2857 1629 2904 22
1666 2853 1726 2906 si
1758 2852 1856 2920 qui
1888 2853 2027 2917 forte
2062 2852 2175 2905 scri
2221 2853 2369 2908 sisse

337 2922 661 2977 Ciceronem
708 2922 974 2991 suspicor.
1024 2953 1091 2962 —
1138 2922 1198 2976 P.
1239 2928 1358 2976 319.
1403 2928 1466 2976 13
1515 2929 1648 2991 apta
1693 2929 1851 2992 atque
1885 2923 2130 2990 pendens
2232 2924 2367 2980 alm.

336 2993 679 3062 ‘Beitraege'
702 3012 755 3063 p.
779 2999 862 3060 36,
883 2992 1049 3059 Bait„
1079 3000 1340 3061 aptaeque
1352 2994 1596 3062 pendens
1615 2992 1774 3047 codd.
1796 2991 1957 3059 Non.,
1988 2999 2217 3062 apteque
2228 3013 2370 3065 pen-

333 3067 466 3119 dens
494 3064 643 3131 vulg.
680 3096 739 3103 -
772 3064 832 3117 P.
864 3070 984 3118 319.
1015 3070 1083 3118 20
1111 3066 1174 3117 in
1201 3066 1576 3119 obscurat-ione
1603 3062 1781 3133 vulg.;
1810 3081 1860 3118 v.
1892 3069 1957 3116 21
1986 3070 2188 3132 raptus
2217 3067 2370 3122 conj.

336 3134 424 3190 Or.
465 3166 531 3176 -
583 3131 641 3189 Ρ.
682 3141 801 3189 319.
843 3140 908 3189 22
933 3151 1051 3203 sqq.
1097 3136 1248 3188 Tune
1281 3165 1353 3174 —
1396 3134 1687 3203 increpas?
1730 3133 1882 3203 vulg.
1922 3165 1989 3174 —
2027 3134 2086 3188 P.
2128 3140 2257 3191 320.
2299 3144 2371 3192 29

333 3222 453 3260 eum
499 3205 649 3274 vulg.
702 3204 860 3258 nulla
902 3204 1110 3259 idonea
1154 3221 1336 3258 causa.
1385 3236 1451 3245 —
1500 3206 1558 3260 P.
1599 3211 1717 3259 320.
1758 3211 1824 3259 32
1870 3206 2134 3259 incertam
2183 3213 2237 3260 et
2283 3209 2375 3263 in-

334 3278 617 3342 definitam
654 3275 866 3342 Quich.‚
908 3277 1171 3331 incertam
1206 3282 1258 3331 et
1291 3276 1638 3342 deinsinitam
1673 3274 1794 3329 cod.
1832 3275 1971 3342 Pan,
2010 3277 2285 3331 incertam
2324 3288 2378 3334 et

334 3348 492 3413 infin.
523 3363 696 3414 marg.
729 3346 813 3400 ed.
844 3346 969 3399 Iuni
994 3348 1163 3413 recte,
1201 3349 1266 3408 ut
1292 3345 1531 3412 videtur,
1569 3352 1768 3401 certam
1803 3352 1853 3400 et
1883 3347 2168 3413 definitam
2197 3350 2374 3416 viam,

335 3418 428 3471 sed
482 3416 633 3484 vulg.
684 3447 748 3456 —
795 3417 856 3472 P.
905 3423 1024 3471 320.
1074 3424 1140 3471 37
1163 3435 1242 3485 sq.
1291 3417 1585 3471 Imbecillis
1629 3416 1791 3484 Non,
1839 3416 2002 3485 Bait„
2049 3417 2378 3475 Imbecillus

334 3485 484 3554 vulg.
534 3489 701 3541 recte.
743 3518 808 3525 —
855 3488 914 3542 P.
956 3494 1075 3541 321.
1118 3495 1148 3540 6
1170 3504 1248 3554 sq.
1290 3487 1355 3541 Si
1399 3490 1473 3541 ad
1518 3490 1627 3542 inv.
1675 3488 1768 3542 lib.
1816 3490 1975 3556 copia
2019 3488 2379 3556 voluptatum

335 3559 572 3623 accessit,
608 3558 793 3628 yliscit
817 3556 1002 3612 Madv.
1036 3557 1176 3611 Adv.
1206 3557 1260 3610 II
1290 3576 1344 3626 p.
1377 3564 1495 3625 245,
1535 3559 1609 3612 ad
1643 3560 1753 3613 iuv.
1794 3559 1923 3626 lab„
1963 3559 2120 3627 copia
2158 3561 2376 3630 volupt.
