<?xml version="1.0" encoding="UTF-8"?>
<!DOCTYPE html PUBLIC "-//W3C//DTD XHTML 1.0 Transitional//EN"
    "http://www.w3.org/TR/xhtml1/DTD/xhtml1-transitional.dtd">
<html xmlns="http://www.w3.org/1999/xhtml" xml:lang="en" lang="en">
 <head>
  <title>
</title>
<meta http-equiv="Content-Type" content="text/html;charset=utf-8" />
  <meta name='ocr-system' content='tesseract 3.04.00' />
  <meta name='ocr-capabilities' content='ocr_page ocr_carea ocr_par ocr_line ocrx_word'/>
</head>
<body>
  <div class='ocr_page' id='page_1' title='image "./scriptaquaemans01cicegoog_0347.png"; bbox 0 0 2630 3913; ppageno 0'>
   <div class='ocr_carea' id='block_1_1' title="bbox 735 233 2279 303">
    <p class='ocr_par' dir='ltr' id='par_1_1' title="bbox 735 233 2279 303">
     <span class='ocr_line' id='line_1_1' title="bbox 735 233 2279 303; baseline 0.005 -14"><span class='ocrx_word' id='word_1_1' title='bbox 735 234 1183 290; x_wconf 87' lang='lat' dir='ltr'>ORATIONUM.</span> <span class='ocrx_word' id='word_1_2' title='bbox 1222 236 1287 287; x_wconf 82' lang='lat' dir='ltr'>A.</span> <span class='ocrx_word' id='word_1_3' title='bbox 1327 233 1459 286; x_wconf 91' lang='lat' dir='ltr'>XIII</span> <span class='ocrx_word' id='word_1_4' title='bbox 1494 234 1801 303; x_wconf 67' lang='lat' dir='ltr'>Arg—20.</span> <span class='ocrx_word' id='word_1_5' title='bbox 2149 233 2279 296; x_wconf 80' lang='lat'>273</span> 
     </span>
    </p>
   </div>
   <div class='ocr_carea' id='block_1_2' title="bbox 276 394 2282 656">
    <p class='ocr_par' dir='ltr' id='par_1_2' title="bbox 276 394 2282 656">
     <span class='ocr_line' id='line_1_2' title="bbox 276 394 2282 479; baseline -0.003 -16"><span class='ocrx_word' id='word_1_6' title='bbox 276 404 580 479; x_wconf 77' lang='lat' dir='ltr'>testatum,</span> <span class='ocrx_word' id='word_1_7' title='bbox 641 403 713 461; x_wconf 83' lang='lat' dir='ltr'>ut</span> <span class='ocrx_word' id='word_1_8' title='bbox 772 418 898 461; x_wconf 91' lang='lat' dir='ltr'>non</span> <span class='ocrx_word' id='word_1_9' title='bbox 948 417 1180 477; x_wconf 83' lang='lat' dir='ltr'>possem</span> <span class='ocrx_word' id='word_1_10' title='bbox 1222 398 1584 478; x_wconf 73' lang='lat' dir='ltr'>praeterire,</span> <span class='ocrx_word' id='word_1_11' title='bbox 1647 401 1704 459; x_wconf 81' lang='lat' dir='ltr'>et</span> <span class='ocrx_word' id='word_1_12' title='bbox 1760 397 1945 476; x_wconf 79' lang='lat' dir='ltr'>facile</span> <span class='ocrx_word' id='word_1_13' title='bbox 1997 394 2282 478; x_wconf 76' lang='lat' dir='ltr'>patiebar</span> 
     </span>
     <span class='ocr_line' id='line_1_3' title="bbox 276 484 1727 569; baseline -0.001 -20"><span class='ocrx_word' id='word_1_14' title='bbox 276 487 435 550; x_wconf 87' lang='lat' dir='ltr'>nihil</span> <span class='ocrx_word' id='word_1_15' title='bbox 483 507 585 550; x_wconf 92' lang='lat' dir='ltr'>me</span> <span class='ocrx_word' id='word_1_16' title='bbox 632 486 863 550; x_wconf 84' lang='lat' dir='ltr'>addere</span> <span class='ocrx_word' id='word_1_17' title='bbox 912 485 993 549; x_wconf 87' lang='lat' dir='ltr'>ad</span> <span class='ocrx_word' id='word_1_18' title='bbox 1040 485 1306 549; x_wconf 89' lang='lat' dir='ltr'>alterius</span> <span class='ocrx_word' id='word_1_19' title='bbox 1353 484 1727 569; x_wconf 85' lang='lat' dir='ltr'>periculum.</span> 
     </span>
     <span class='ocr_line' id='line_1_4' title="bbox 406 571 2281 656; baseline -0.002 -17"><span class='ocrx_word' id='word_1_20' title='bbox 406 576 464 640; x_wconf 81' lang='lat'>5.</span> <span class='ocrx_word' id='word_1_21' title='bbox 511 572 625 638; x_wconf 85' lang='lat' dir='ltr'>Sin</span> <span class='ocrx_word' id='word_1_22' title='bbox 680 577 850 638; x_wconf 90' lang='lat' dir='ltr'>esset</span> <span class='ocrx_word' id='word_1_23' title='bbox 903 574 1257 637; x_wconf 89' lang='lat' dir='ltr'>iudicatum</span> <span class='ocrx_word' id='word_1_24' title='bbox 1309 595 1442 637; x_wconf 93' lang='lat' dir='ltr'>non</span> <span class='ocrx_word' id='word_1_25' title='bbox 1496 573 1699 637; x_wconf 80' lang='lat' dir='ltr'>videri</span> <span class='ocrx_word' id='word_1_26' title='bbox 1754 571 1964 637; x_wconf 79' lang='lat' dir='ltr'>virum</span> <span class='ocrx_word' id='word_1_27' title='bbox 2009 571 2281 656; x_wconf 75' lang='lat' dir='ltr'>venisse,</span> 
     </span>
    </p>
   </div>
   <div class='ocr_carea' id='block_1_3' title="bbox 226 662 2280 835">
    <p class='ocr_par' dir='ltr' id='par_1_3' title="bbox 226 662 2280 835">
     <span class='ocr_line' id='line_1_5' title="bbox 277 662 1152 747; baseline -0.001 -19"><span class='ocrx_word' id='word_1_28' title='bbox 277 686 468 747; x_wconf 90' lang='lat' dir='ltr'>quom</span> <span class='ocrx_word' id='word_1_29' title='bbox 514 663 638 726; x_wconf 89' lang='lat' dir='ltr'>iste</span> <span class='ocrx_word' id='word_1_30' title='bbox 684 662 969 727; x_wconf 84' lang='lat' dir='ltr'>venisset</span> <span class='ocrx_word' id='word_1_31' title='bbox 1017 713 1029 724; x_wconf 92' lang='lat'><strong>.</strong></span> <span class='ocrx_word' id='word_1_32' title='bbox 1077 713 1089 726; x_wconf 97' lang='lat'><strong>.</strong></span> <span class='ocrx_word' id='word_1_33' title='bbox 1138 713 1152 727; x_wconf 95' lang='lat'><strong>.</strong></span> 
     </span>
     <span class='ocr_line' id='line_1_6' title="bbox 226 747 2280 835; baseline 0 -24"><span class='ocrx_word' id='word_1_34' title='bbox 226 773 251 811; x_wconf 82' lang='lat'><strong>5</strong></span> <span class='ocrx_word' id='word_1_35' title='bbox 407 753 464 815; x_wconf 89' lang='lat'>6.</span> <span class='ocrx_word' id='word_1_36' title='bbox 519 750 613 815; x_wconf 89' lang='lat' dir='ltr'>Ut</span> <span class='ocrx_word' id='word_1_37' title='bbox 666 751 778 815; x_wconf 91' lang='lat' dir='ltr'>illo</span> <span class='ocrx_word' id='word_1_38' title='bbox 825 773 858 813; x_wconf 88' lang='lat' dir='ltr'>e</span> <span class='ocrx_word' id='word_1_39' title='bbox 911 751 1147 815; x_wconf 86' lang='lat' dir='ltr'>iudicio</span> <span class='ocrx_word' id='word_1_40' title='bbox 1201 755 1538 833; x_wconf 88' lang='lat' dir='ltr'>tamquam</span> <span class='ocrx_word' id='word_1_41' title='bbox 1589 771 1622 813; x_wconf 90' lang='lat' dir='ltr'>e</span> <span class='ocrx_word' id='word_1_42' title='bbox 1676 749 2017 835; x_wconf 84' lang='lat' dir='ltr'>naufragio</span> <span class='ocrx_word' id='word_1_43' title='bbox 2073 747 2280 812; x_wconf 89' lang='lat' dir='ltr'>nudus</span> 
     </span>
    </p>
   </div>
   <div class='ocr_carea' id='block_1_4' title="bbox 186 838 2292 3738">
    <p class='ocr_par' dir='ltr' id='par_1_4' title="bbox 203 838 2284 1258">
     <span class='ocr_line' id='line_1_7' title="bbox 277 838 1534 921; baseline 0.002 -21"><span class='ocrx_word' id='word_1_44' title='bbox 277 840 552 904; x_wconf 79' lang='lat' dir='ltr'>emersit.</span> <span class='ocrx_word' id='word_1_45' title='bbox 644 838 768 920; x_wconf 78' lang='lat' dir='ltr'>(Cf.</span> <span class='ocrx_word' id='word_1_46' title='bbox 817 839 1020 918; x_wconf 76' lang='lat' dir='ltr'>Quint.</span> <span class='ocrx_word' id='word_1_47' title='bbox 1080 839 1264 903; x_wconf 90' lang='lat' dir='ltr'>VIII</span> <span class='ocrx_word' id='word_1_48' title='bbox 1298 845 1357 903; x_wconf 85' lang='lat'>3.</span> <span class='ocrx_word' id='word_1_49' title='bbox 1405 838 1534 921; x_wconf 88' lang='grc'><em>81.)</em></span> 
     </span>
     <span class='ocr_line' id='line_1_8' title="bbox 261 927 2283 1008; baseline 0.001 -18"><span class='ocrx_word' id='word_1_50' title='bbox 261 985 266 990; x_wconf 90' lang='grc'>.</span> <span class='ocrx_word' id='word_1_51' title='bbox 407 930 462 994; x_wconf 84' lang='grc'>7.</span> <span class='ocrx_word' id='word_1_52' title='bbox 514 928 718 1007; x_wconf 77' lang='lat' dir='ltr'>Quint.</span> <span class='ocrx_word' id='word_1_53' title='bbox 766 928 827 991; x_wconf 88' lang='lat' dir='ltr'><strong><em>V</em></strong></span> <span class='ocrx_word' id='word_1_54' title='bbox 853 933 949 992; x_wconf 89' lang='lat'>10.</span> <span class='ocrx_word' id='word_1_55' title='bbox 987 932 1068 992; x_wconf 88' lang='lat'>91</span> <span class='ocrx_word' id='word_1_56' title='bbox 1085 947 1170 1008; x_wconf 81' lang='lat' dir='ltr'>sq.</span> <span class='ocrx_word' id='word_1_57' title='bbox 1217 927 1486 1008; x_wconf 73' lang='lat' dir='ltr'>Infinita</span> <span class='ocrx_word' id='word_1_58' title='bbox 1529 931 1617 991; x_wconf 82' lang='lat' dir='ltr'>est</span> <span class='ocrx_word' id='word_1_59' title='bbox 1657 947 1865 990; x_wconf 81' lang='lat' dir='ltr'>rernm</span> <span class='ocrx_word' id='word_1_60' title='bbox 1910 929 2283 1008; x_wconf 78' lang='lat' dir='ltr'>comparatio</span> 
     </span>
     <span class='ocr_line' id='line_1_9' title="bbox 319 1014 2284 1098; baseline -0.001 -17"><span class='ocrx_word' id='word_1_61' title='bbox 319 1054 353 1063; x_wconf 43' lang='lat'>*-</span> <span class='ocrx_word' id='word_1_62' title='bbox 405 1037 479 1081; x_wconf 76' lang='lat' dir='ltr'>cx</span> <span class='ocrx_word' id='word_1_63' title='bbox 529 1017 806 1095; x_wconf 81' lang='lat' dir='ltr'><em>faciliore</em></span> <span class='ocrx_word' id='word_1_64' title='bbox 858 1017 925 1079; x_wconf 91' lang='lat' dir='ltr'>in</span> <span class='ocrx_word' id='word_1_65' title='bbox 973 1014 1257 1081; x_wconf 81' lang='lat' dir='ltr'>Clodium</span> <span class='ocrx_word' id='word_1_66' title='bbox 1309 1021 1369 1079; x_wconf 77' lang='lat' dir='ltr'>et</span> <span class='ocrx_word' id='word_1_67' title='bbox 1411 1014 1770 1081; x_wconf 65' lang='lat' dir='ltr'>Gur-ionem:</span> <span class='ocrx_word' id='word_1_68' title='bbox 1833 1016 1928 1079; x_wconf 92' lang='lat' dir='ltr'>Ac</span> <span class='ocrx_word' id='word_1_69' title='bbox 1972 1016 2144 1098; x_wconf 84' lang='lat' dir='ltr'>vide,</span> <span class='ocrx_word' id='word_1_70' title='bbox 2201 1035 2284 1080; x_wconf 86' lang='lat' dir='ltr'>an</span> 
     </span>
     <span class='ocr_line' id='line_1_10' title="bbox 275 1103 2283 1187; baseline 0 -20"><span class='ocrx_word' id='word_1_71' title='bbox 275 1104 463 1169; x_wconf 86' lang='lat' dir='ltr'>facile</span> <span class='ocrx_word' id='word_1_72' title='bbox 509 1104 649 1167; x_wconf 90' lang='lat' dir='ltr'>fieri</span> <span class='ocrx_word' id='word_1_73' title='bbox 693 1107 768 1166; x_wconf 90' lang='lat' dir='ltr'>tu</span> <span class='ocrx_word' id='word_1_74' title='bbox 813 1104 1132 1187; x_wconf 79' lang='lat' dir='ltr'>potueriS,</span> <span class='ocrx_word' id='word_1_75' title='bbox 1180 1125 1326 1167; x_wconf 90' lang='lat' dir='ltr'>cum</span> <span class='ocrx_word' id='word_1_76' title='bbox 1371 1103 1428 1167; x_wconf 93' lang='lat' dir='ltr'>is</span> <span class='ocrx_word' id='word_1_77' title='bbox 1472 1103 1682 1167; x_wconf 85' lang='lat' dir='ltr'>factus</span> <span class='ocrx_word' id='word_1_78' title='bbox 1729 1124 1860 1166; x_wconf 87' lang='lat' dir='ltr'>non</span> <span class='ocrx_word' id='word_1_79' title='bbox 1907 1104 2018 1187; x_wconf 86' lang='lat' dir='ltr'>sit,</span> <span class='ocrx_word' id='word_1_80' title='bbox 2063 1105 2164 1168; x_wconf 90' lang='lat' dir='ltr'>cui</span> <span class='ocrx_word' id='word_1_81' title='bbox 2210 1109 2283 1169; x_wconf 90' lang='lat' dir='ltr'>tu</span> 
     </span>
     <span class='ocr_line' id='line_1_11' title="bbox 203 1191 670 1258; baseline -0.013 1"><span class='ocrx_word' id='word_1_82' title='bbox 203 1213 252 1252; x_wconf 86' lang='lat'>1⁰</span> <span class='ocrx_word' id='word_1_83' title='bbox 278 1191 670 1258; x_wconf 72' lang='lat' dir='ltr'>concessisti.</span> 
     </span>
    </p>

    <p class='ocr_par' dir='ltr' id='par_1_5' title="bbox 410 1278 2023 1363">
     <span class='ocr_line' id='line_1_12' title="bbox 410 1278 2023 1363; baseline -0.001 -19"><span class='ocrx_word' id='word_1_84' title='bbox 410 1282 467 1345; x_wconf 87' lang='lat'>8.</span> <span class='ocrx_word' id='word_1_85' title='bbox 514 1278 768 1363; x_wconf 84' lang='lat' dir='ltr'>Syriam</span> <span class='ocrx_word' id='word_1_86' title='bbox 814 1279 939 1343; x_wconf 89' lang='lat' dir='ltr'>sibi</span> <span class='ocrx_word' id='word_1_87' title='bbox 984 1302 1102 1344; x_wconf 91' lang='lat' dir='ltr'>nos</span> <span class='ocrx_word' id='word_1_88' title='bbox 1151 1284 1335 1344; x_wconf 86' lang='lat' dir='ltr'>extra</span> <span class='ocrx_word' id='word_1_89' title='bbox 1381 1280 1670 1344; x_wconf 89' lang='lat' dir='ltr'>ordinem</span> <span class='ocrx_word' id='word_1_90' title='bbox 1714 1281 2023 1363; x_wconf 81' lang='lat' dir='ltr'>polliceri.</span> 
     </span>
    </p>

    <p class='ocr_par' dir='ltr' id='par_1_6' title="bbox 281 1367 2283 1521">
     <span class='ocr_line' id='line_1_13' title="bbox 409 1367 2283 1453; baseline 0.001 -21"><span class='ocrx_word' id='word_1_91' title='bbox 409 1369 468 1432; x_wconf 88' lang='lat'>9.</span> <span class='ocrx_word' id='word_1_92' title='bbox 516 1367 938 1433; x_wconf 89' lang='lat' dir='ltr'>creditoribus</span> <span class='ocrx_word' id='word_1_93' title='bbox 987 1368 1118 1432; x_wconf 91' lang='lat' dir='ltr'>suis</span> <span class='ocrx_word' id='word_1_94' title='bbox 1168 1390 1348 1453; x_wconf 89' lang='lat' dir='ltr'>spem</span> <span class='ocrx_word' id='word_1_95' title='bbox 1397 1371 1723 1432; x_wconf 89' lang='lat' dir='ltr'>ostentare</span> <span class='ocrx_word' id='word_1_96' title='bbox 1777 1369 2143 1453; x_wconf 82' lang='lat' dir='ltr'>provinciae</span> <span class='ocrx_word' id='word_1_97' title='bbox 2195 1371 2283 1434; x_wconf 83' lang='lat' dir='ltr'>vi-</span> 
     </span>
     <span class='ocr_line' id='line_1_14' title="bbox 281 1458 550 1521; baseline -0.004 0"><span class='ocrx_word' id='word_1_98' title='bbox 281 1458 550 1521; x_wconf 91' lang='lat' dir='ltr'>deretur.</span> 
     </span>
    </p>

    <p class='ocr_par' dir='ltr' id='par_1_7' title="bbox 416 1545 2284 1631">
     <span class='ocr_line' id='line_1_15' title="bbox 416 1545 2284 1631; baseline 0.001 -21"><span class='ocrx_word' id='word_1_99' title='bbox 416 1548 513 1610; x_wconf 89' lang='lat'>10.</span> <span class='ocrx_word' id='word_1_100' title='bbox 541 1545 805 1631; x_wconf 87' lang='lat' dir='ltr'>Augent</span> <span class='ocrx_word' id='word_1_101' title='bbox 837 1566 1143 1631; x_wconf 84' lang='lat' dir='ltr'>magnum</span> <span class='ocrx_word' id='word_1_102' title='bbox 1174 1545 1492 1628; x_wconf 83' lang='lat' dir='ltr'>quendam</span> <span class='ocrx_word' id='word_1_103' title='bbox 1522 1546 1848 1610; x_wconf 85' lang='lat' dir='ltr'>cumulum</span> <span class='ocrx_word' id='word_1_104' title='bbox 1879 1546 2042 1609; x_wconf 90' lang='lat' dir='ltr'>aeris</span> <span class='ocrx_word' id='word_1_105' title='bbox 2075 1547 2284 1611; x_wconf 90' lang='lat' dir='ltr'>alieni.</span> 
     </span>
    </p>

    <p class='ocr_par' dir='ltr' id='par_1_8' title="bbox 202 1632 2258 1719">
     <span class='ocr_line' id='line_1_16' title="bbox 202 1632 2258 1719; baseline 0 -21"><span class='ocrx_word' id='word_1_106' title='bbox 202 1652 250 1691; x_wconf 84' lang='lat'>15</span> <span class='ocrx_word' id='word_1_107' title='bbox 416 1638 511 1699; x_wconf 94' lang='grc'>11.</span> <span class='ocrx_word' id='word_1_108' title='bbox 556 1633 885 1719; x_wconf 85' lang='lat' dir='ltr'>Ingemuit</span> <span class='ocrx_word' id='word_1_109' title='bbox 932 1634 1192 1719; x_wconf 80' lang='lat' dir='ltr'>gravius</span> <span class='ocrx_word' id='word_1_110' title='bbox 1238 1633 1531 1697; x_wconf 89' lang='lat' dir='ltr'>timidior</span> <span class='ocrx_word' id='word_1_111' title='bbox 1578 1632 1836 1716; x_wconf 90' lang='lat' dir='ltr'>quidam</span> <span class='ocrx_word' id='word_1_112' title='bbox 1884 1634 2178 1699; x_wconf 74' lang='lat' dir='ltr'>creditor.</span> <span class='ocrx_word' id='word_1_113' title='bbox 2255 1672 2258 1678; x_wconf 69' lang='lat'><em>,</em></span> 
     </span>
    </p>

    <p class='ocr_par' dir='ltr' id='par_1_9' title="bbox 276 1721 2284 1876">
     <span class='ocr_line' id='line_1_17' title="bbox 413 1721 2284 1788; baseline 0.001 -2"><span class='ocrx_word' id='word_1_114' title='bbox 413 1724 511 1788; x_wconf 94' lang='grc'>12.</span> <span class='ocrx_word' id='word_1_115' title='bbox 557 1722 915 1787; x_wconf 85' lang='lat' dir='ltr'>Confirmat</span> <span class='ocrx_word' id='word_1_116' title='bbox 960 1744 1029 1788; x_wconf 89' lang='lat' dir='ltr'>se</span> <span class='ocrx_word' id='word_1_117' title='bbox 1076 1721 1355 1787; x_wconf 86' lang='lat' dir='ltr'>comitiis</span> <span class='ocrx_word' id='word_1_118' title='bbox 1403 1722 1848 1786; x_wconf 91' lang='lat' dir='ltr'>consularibus</span> <span class='ocrx_word' id='word_1_119' title='bbox 1894 1722 2139 1788; x_wconf 87' lang='lat' dir='ltr'>Romae</span> <span class='ocrx_word' id='word_1_120' title='bbox 2188 1724 2284 1788; x_wconf 90' lang='lat' dir='ltr'>fu-</span> 
     </span>
     <span class='ocr_line' id='line_1_18' title="bbox 276 1815 511 1876; baseline 0 -1"><span class='ocrx_word' id='word_1_121' title='bbox 276 1815 511 1876; x_wconf 91' lang='lat' dir='ltr'>turum.</span> 
     </span>
    </p>

    <p class='ocr_par' dir='ltr' id='par_1_10' title="bbox 276 1898 2286 2073">
     <span class='ocr_line' id='line_1_19' title="bbox 414 1898 2286 1985; baseline 0.001 -20"><span class='ocrx_word' id='word_1_122' title='bbox 414 1902 511 1966; x_wconf 83' lang='lat'>13.</span> <span class='ocrx_word' id='word_1_123' title='bbox 558 1900 769 1965; x_wconf 86' lang='lat' dir='ltr'>Tanto</span> <span class='ocrx_word' id='word_1_124' title='bbox 808 1899 986 1985; x_wconf 91' lang='lat' dir='ltr'>prius</span> <span class='ocrx_word' id='word_1_125' title='bbox 1026 1898 1107 1965; x_wconf 93' lang='lat' dir='ltr'>ad</span> <span class='ocrx_word' id='word_1_126' title='bbox 1145 1900 1466 1965; x_wconf 89' lang='lat' dir='ltr'>aerarium</span> <span class='ocrx_word' id='word_1_127' title='bbox 1513 1899 1709 1983; x_wconf 81' lang='lat' dir='ltr'>venit,</span> <span class='ocrx_word' id='word_1_128' title='bbox 1754 1904 1829 1965; x_wconf 88' lang='lat' dir='ltr'>ut</span> <span class='ocrx_word' id='word_1_129' title='bbox 1872 1899 1966 1964; x_wconf 91' lang='lat' dir='ltr'>ibi</span> <span class='ocrx_word' id='word_1_130' title='bbox 2009 1922 2090 1966; x_wconf 89' lang='lat' dir='ltr'>ne</span> <span class='ocrx_word' id='word_1_131' title='bbox 2138 1902 2286 1966; x_wconf 86' lang='lat' dir='ltr'>scri-</span> 
     </span>
     <span class='ocr_line' id='line_1_20' title="bbox 276 1989 1581 2073; baseline -0.001 -21"><span class='ocrx_word' id='word_1_132' title='bbox 276 1991 453 2052; x_wconf 89' lang='lat' dir='ltr'>bam</span> <span class='ocrx_word' id='word_1_133' title='bbox 476 1990 731 2073; x_wconf 91' lang='lat' dir='ltr'>quidem</span> <span class='ocrx_word' id='word_1_134' title='bbox 780 2010 1168 2072; x_wconf 85' lang='lat' dir='ltr'>quemquam</span> <span class='ocrx_word' id='word_1_135' title='bbox 1214 1989 1581 2053; x_wconf 86' lang='lat' dir='ltr'>offenderet.</span> 
     </span>
    </p>

    <p class='ocr_par' dir='ltr' id='par_1_11' title="bbox 198 2076 2292 2514">
     <span class='ocr_line' id='line_1_21' title="bbox 198 2076 2287 2161; baseline 0.001 -22"><span class='ocrx_word' id='word_1_136' title='bbox 198 2095 250 2133; x_wconf 76' lang='lat'>20</span> <span class='ocrx_word' id='word_1_137' title='bbox 417 2078 514 2140; x_wconf 84' lang='lat'>14.</span> <span class='ocrx_word' id='word_1_138' title='bbox 564 2077 767 2156; x_wconf 76' lang='lat' dir='ltr'>Quint.</span> <span class='ocrx_word' id='word_1_139' title='bbox 812 2077 925 2141; x_wconf 91' lang='lat' dir='ltr'>IX</span> <span class='ocrx_word' id='word_1_140' title='bbox 960 2081 1024 2142; x_wconf 82' lang='lat'>2.</span> <span class='ocrx_word' id='word_1_141' title='bbox 1060 2083 1144 2141; x_wconf 84' lang='lat'>96</span> <span class='ocrx_word' id='word_1_142' title='bbox 1192 2078 1469 2141; x_wconf 78' lang='lat' dir='ltr'>Tertium</span> <span class='ocrx_word' id='word_1_143' title='bbox 1513 2083 1602 2142; x_wconf 83' lang='lat' dir='ltr'>est</span> <span class='ocrx_word' id='word_1_144' title='bbox 1635 2098 1827 2160; x_wconf 76' lang='lat' dir='ltr'>yenus</span> <span class='ocrx_word' id='word_1_145' title='bbox 1874 2076 2287 2161; x_wconf 78' lang='grc' dir='ltr'>(εἰρωνείας),</span> 
     </span>
     <span class='ocr_line' id='line_1_22' title="bbox 277 2165 2292 2248; baseline 0.001 -20"><span class='ocrx_word' id='word_1_146' title='bbox 277 2166 350 2228; x_wconf 86' lang='lat' dir='ltr'>in</span> <span class='ocrx_word' id='word_1_147' title='bbox 399 2185 516 2245; x_wconf 79' lang='lat' dir='ltr'>qno</span> <span class='ocrx_word' id='word_1_148' title='bbox 568 2165 701 2228; x_wconf 82' lang='lat' dir='ltr'>sola</span> <span class='ocrx_word' id='word_1_149' title='bbox 751 2166 969 2230; x_wconf 79' lang='lat' dir='ltr'>melius</span> <span class='ocrx_word' id='word_1_150' title='bbox 1019 2166 1258 2229; x_wconf 82' lang='lat' dir='ltr'>dicendi</span> <span class='ocrx_word' id='word_1_151' title='bbox 1298 2166 1536 2247; x_wconf 74' lang='lat' dir='ltr'>petitur</span> <span class='ocrx_word' id='word_1_152' title='bbox 1598 2168 1858 2242; x_wconf 85' lang='lat' dir='ltr'>occasi0‚·</span> <span class='ocrx_word' id='word_1_153' title='bbox 1899 2168 2168 2248; x_wconf 82' lang='lat' dir='ltr'>ideoque</span> <span class='ocrx_word' id='word_1_154' title='bbox 2223 2170 2292 2232; x_wconf 84' lang='lat' dir='ltr'>id</span> 
     </span>
     <span class='ocr_line' id='line_1_23' title="bbox 281 2250 2290 2354; baseline 0.001 -38"><span class='ocrx_word' id='word_1_155' title='bbox 281 2250 485 2317; x_wconf 80' lang='lat' dir='ltr'>Oicero</span> <span class='ocrx_word' id='word_1_156' title='bbox 546 2272 672 2316; x_wconf 91' lang='lat' dir='ltr'>non</span> <span class='ocrx_word' id='word_1_157' title='bbox 730 2257 920 2334; x_wconf 75' lang='lat' dir='ltr'>putat</span> <span class='ocrx_word' id='word_1_158' title='bbox 978 2273 1101 2318; x_wconf 83' lang='lat' dir='ltr'>esse</span> <span class='ocrx_word' id='word_1_159' title='bbox 1159 2256 1433 2354; x_wconf 74' lang='lat' dir='ltr'>positum</span> <span class='ocrx_word' id='word_1_160' title='bbox 1504 2255 1572 2318; x_wconf 91' lang='lat' dir='ltr'>in</span> <span class='ocrx_word' id='word_1_161' title='bbox 1642 2255 2029 2318; x_wconf 75' lang='lat' dir='ltr'>contentione.</span> <span class='ocrx_word' id='word_1_162' title='bbox 2140 2256 2290 2319; x_wconf 81' lang='lat' dir='ltr'>Tale</span> 
     </span>
     <span class='ocr_line' id='line_1_24' title="bbox 278 2340 2287 2426; baseline 0.001 -23"><span class='ocrx_word' id='word_1_163' title='bbox 278 2345 369 2404; x_wconf 81' lang='lat' dir='ltr'>est</span> <span class='ocrx_word' id='word_1_164' title='bbox 407 2340 583 2418; x_wconf 76' lang='lat' dir='ltr'>illud,</span> <span class='ocrx_word' id='word_1_165' title='bbox 627 2361 743 2421; x_wconf 77' lang='lat' dir='ltr'>quo</span> <span class='ocrx_word' id='word_1_166' title='bbox 786 2342 947 2404; x_wconf 79' lang='lat' dir='ltr'>idem</span> <span class='ocrx_word' id='word_1_167' title='bbox 990 2343 1187 2405; x_wconf 75' lang='lat' dir='ltr'>utitur</span> <span class='ocrx_word' id='word_1_168' title='bbox 1220 2342 1290 2405; x_wconf 85' lang='lat' dir='ltr'>in</span> <span class='ocrx_word' id='word_1_169' title='bbox 1329 2340 1650 2407; x_wconf 78' lang='lat' dir='ltr'>Clodium:</span> <span class='ocrx_word' id='word_1_170' title='bbox 1697 2340 1942 2416; x_wconf 84' lang='lat' dir='ltr'>Quibus</span> <span class='ocrx_word' id='word_1_171' title='bbox 1986 2342 2130 2424; x_wconf 83' lang='lat' dir='ltr'>iste,</span> <span class='ocrx_word' id='word_1_172' title='bbox 2179 2343 2287 2426; x_wconf 89' lang='lat' dir='ltr'>qui</span> 
     </span>
     <span class='ocr_line' id='line_1_25' title="bbox 280 2428 2288 2514; baseline 0.001 -22"><span class='ocrx_word' id='word_1_173' title='bbox 280 2428 500 2492; x_wconf 88' lang='lat' dir='ltr'>omnia</span> <span class='ocrx_word' id='word_1_174' title='bbox 537 2428 849 2493; x_wconf 89' lang='lat' dir='ltr'>sacrificia</span> <span class='ocrx_word' id='word_1_175' title='bbox 884 2433 1123 2512; x_wconf 84' lang='lat' dir='ltr'>nosset,</span> <span class='ocrx_word' id='word_1_176' title='bbox 1168 2429 1360 2494; x_wconf 89' lang='lat' dir='ltr'>facile</span> <span class='ocrx_word' id='word_1_177' title='bbox 1399 2431 1480 2494; x_wconf 88' lang='lat' dir='ltr'>ab</span> <span class='ocrx_word' id='word_1_178' title='bbox 1520 2451 1587 2494; x_wconf 88' lang='lat' dir='ltr'>se</span> <span class='ocrx_word' id='word_1_179' title='bbox 1627 2430 1777 2494; x_wconf 91' lang='lat' dir='ltr'>deos</span> <span class='ocrx_word' id='word_1_180' title='bbox 1815 2430 2059 2514; x_wconf 89' lang='lat' dir='ltr'>placari</span> <span class='ocrx_word' id='word_1_181' title='bbox 2097 2452 2288 2514; x_wconf 91' lang='lat' dir='ltr'>posse</span> 
     </span>
    </p>

    <p class='ocr_par' dir='ltr' id='par_1_12' title="bbox 194 2517 739 2582">
     <span class='ocr_line' id='line_1_26' title="bbox 194 2517 739 2582; baseline -0.004 0"><span class='ocrx_word' id='word_1_182' title='bbox 194 2534 249 2574; x_wconf 83' lang='lat'>2⁵</span> <span class='ocrx_word' id='word_1_183' title='bbox 280 2517 739 2582; x_wconf 72' lang='lat' dir='ltr'>arbitrabatur.</span> 
     </span>
    </p>

    <p class='ocr_par' dir='ltr' id='par_1_13' title="bbox 277 2576 2288 2780">
     <span class='ocr_line' id='line_1_27' title="bbox 417 2576 2288 2692; baseline 0.001 -22"><span class='ocrx_word' id='word_1_184' title='bbox 417 2607 515 2671; x_wconf 81' lang='lat'>15.</span> <span class='ocrx_word' id='word_1_185' title='bbox 557 2605 724 2670; x_wconf 82' lang='lat' dir='ltr'>Cum</span> <span class='ocrx_word' id='word_1_186' title='bbox 772 2627 839 2670; x_wconf 90' lang='lat' dir='ltr'>se</span> <span class='ocrx_word' id='word_1_187' title='bbox 887 2607 967 2670; x_wconf 90' lang='lat' dir='ltr'>ad</span> <span class='ocrx_word' id='word_1_188' title='bbox 1013 2606 1268 2690; x_wconf 91' lang='lat' dir='ltr'>plebem</span> <span class='ocrx_word' id='word_1_189' title='bbox 1314 2607 1595 2671; x_wconf 90' lang='lat' dir='ltr'>transire</span> <span class='ocrx_word' id='word_1_190' title='bbox 1641 2607 1808 2671; x_wconf 80' lang='lat' dir='ltr'>velle</span> <span class='ocrx_word' id='word_1_191' title='bbox 1856 2607 2121 2692; x_wconf 89' lang='lat' dir='ltr'>diceret,</span> <span class='ocrx_word' id='word_1_192' title='bbox 2176 2576 2288 2672; x_wconf 90' lang='lat' dir='ltr'>sed</span> 
     </span>
     <span class='ocr_line' id='line_1_28' title="bbox 277 2693 1446 2780; baseline 0 -22"><span class='ocrx_word' id='word_1_193' title='bbox 277 2693 511 2758; x_wconf 87' lang='lat' dir='ltr'>misere</span> <span class='ocrx_word' id='word_1_194' title='bbox 554 2694 795 2758; x_wconf 88' lang='lat' dir='ltr'>fretum</span> <span class='ocrx_word' id='word_1_195' title='bbox 839 2696 1120 2759; x_wconf 90' lang='lat' dir='ltr'>transire</span> <span class='ocrx_word' id='word_1_196' title='bbox 1167 2699 1446 2780; x_wconf 88' lang='lat' dir='ltr'>cuperet.</span> 
     </span>
    </p>

    <p class='ocr_par' dir='ltr' id='par_1_14' title="bbox 416 2781 1988 2868">
     <span class='ocr_line' id='line_1_29' title="bbox 416 2781 1988 2868; baseline 0.001 -22"><span class='ocrx_word' id='word_1_197' title='bbox 416 2784 514 2848; x_wconf 87' lang='lat'>16.</span> <span class='ocrx_word' id='word_1_198' title='bbox 558 2782 745 2848; x_wconf 89' lang='lat' dir='ltr'>Hanc</span> <span class='ocrx_word' id='word_1_199' title='bbox 790 2783 1126 2868; x_wconf 89' lang='lat' dir='ltr'>loquacem</span> <span class='ocrx_word' id='word_1_200' title='bbox 1172 2781 1460 2848; x_wconf 84' lang='lat' dir='ltr'>Siciliam</span> <span class='ocrx_word' id='word_1_201' title='bbox 1505 2805 1638 2848; x_wconf 92' lang='lat' dir='ltr'>non</span> <span class='ocrx_word' id='word_1_202' title='bbox 1684 2784 1988 2868; x_wconf 86' lang='lat' dir='ltr'>despexit.</span> 
     </span>
    </p>

    <p class='ocr_par' dir='ltr' id='par_1_15' title="bbox 416 2870 2283 2957">
     <span class='ocr_line' id='line_1_30' title="bbox 416 2870 2283 2957; baseline 0.002 -23"><span class='ocrx_word' id='word_1_203' title='bbox 416 2872 516 2936; x_wconf 84' lang='lat'>17.</span> <span class='ocrx_word' id='word_1_204' title='bbox 561 2870 990 2936; x_wconf 87' lang='lat' dir='ltr'>Accesserunt</span> <span class='ocrx_word' id='word_1_205' title='bbox 1033 2872 1130 2936; x_wconf 85' lang='lat' dir='ltr'>ita</span> <span class='ocrx_word' id='word_1_206' title='bbox 1172 2873 1388 2957; x_wconf 86' lang='lat' dir='ltr'>pauci,</span> <span class='ocrx_word' id='word_1_207' title='bbox 1434 2876 1507 2936; x_wconf 88' lang='lat' dir='ltr'>ut</span> <span class='ocrx_word' id='word_1_208' title='bbox 1555 2894 1698 2936; x_wconf 88' lang='lat' dir='ltr'>eum</span> <span class='ocrx_word' id='word_1_209' title='bbox 1745 2894 1875 2936; x_wconf 89' lang='lat' dir='ltr'>non</span> <span class='ocrx_word' id='word_1_210' title='bbox 1922 2872 2003 2935; x_wconf 88' lang='lat' dir='ltr'>ad</span> <span class='ocrx_word' id='word_1_211' title='bbox 2048 2873 2283 2937; x_wconf 89' lang='lat' dir='ltr'>contio·</span> 
     </span>
    </p>

    <p class='ocr_par' dir='ltr' id='par_1_16' title="bbox 190 2958 1666 3044">
     <span class='ocr_line' id='line_1_31' title="bbox 190 2958 1666 3044; baseline 0 -21"><span class='ocrx_word' id='word_1_212' title='bbox 190 2976 248 3017; x_wconf 78' lang='grc'>30</span> <span class='ocrx_word' id='word_1_213' title='bbox 274 2981 453 3043; x_wconf 87' lang='lat' dir='ltr'>nem,</span> <span class='ocrx_word' id='word_1_214' title='bbox 499 2958 611 3024; x_wconf 89' lang='lat' dir='ltr'>sed</span> <span class='ocrx_word' id='word_1_215' title='bbox 657 2982 967 3044; x_wconf 90' lang='lat' dir='ltr'>sponsum</span> <span class='ocrx_word' id='word_1_216' title='bbox 1014 2960 1253 3025; x_wconf 88' lang='lat' dir='ltr'>diceres</span> <span class='ocrx_word' id='word_1_217' title='bbox 1302 2959 1666 3025; x_wconf 80' lang='lat' dir='ltr'>advocasse.</span> 
     </span>
    </p>

    <p class='ocr_par' dir='ltr' id='par_1_17' title="bbox 415 3048 2163 3134">
     <span class='ocr_line' id='line_1_32' title="bbox 415 3048 2163 3134; baseline -0.001 -22"><span class='ocrx_word' id='word_1_218' title='bbox 415 3049 513 3113; x_wconf 90' lang='lat'>18.</span> <span class='ocrx_word' id='word_1_219' title='bbox 560 3048 738 3113; x_wconf 89' lang='lat' dir='ltr'>cuius</span> <span class='ocrx_word' id='word_1_220' title='bbox 786 3049 1242 3114; x_wconf 86' lang='lat' dir='ltr'>satisdationes</span> <span class='ocrx_word' id='word_1_221' title='bbox 1290 3071 1545 3134; x_wconf 90' lang='lat' dir='ltr'>semper</span> <span class='ocrx_word' id='word_1_222' title='bbox 1592 3048 1888 3113; x_wconf 88' lang='lat' dir='ltr'>dicuntur</span> <span class='ocrx_word' id='word_1_223' title='bbox 1933 3048 2163 3113; x_wconf 88' lang='lat' dir='ltr'>induci.</span> 
     </span>
    </p>

    <p class='ocr_par' dir='ltr' id='par_1_18' title="bbox 414 3136 2110 3223">
     <span class='ocr_line' id='line_1_33' title="bbox 414 3136 2110 3223; baseline 0.001 -23"><span class='ocrx_word' id='word_1_224' title='bbox 414 3137 513 3201; x_wconf 88' lang='lat'>19.</span> <span class='ocrx_word' id='word_1_225' title='bbox 558 3138 857 3223; x_wconf 79' lang='lat' dir='ltr'>intellego</span> <span class='ocrx_word' id='word_1_226' title='bbox 907 3159 1100 3221; x_wconf 88' lang='lat' dir='ltr'>quam</span> <span class='ocrx_word' id='word_1_227' title='bbox 1143 3138 1213 3200; x_wconf 94' lang='lat' dir='ltr'>in</span> <span class='ocrx_word' id='word_1_228' title='bbox 1260 3138 1596 3203; x_wconf 89' lang='lat' dir='ltr'>absentem</span> <span class='ocrx_word' id='word_1_229' title='bbox 1642 3158 1781 3201; x_wconf 91' lang='lat' dir='ltr'>esse</span> <span class='ocrx_word' id='word_1_230' title='bbox 1829 3136 2110 3201; x_wconf 88' lang='lat' dir='ltr'>dicenda.</span> 
     </span>
    </p>

    <p class='ocr_par' dir='ltr' id='par_1_19' title="bbox 273 3223 2289 3398">
     <span class='ocr_line' id='line_1_34' title="bbox 410 3223 2289 3310; baseline 0.001 -22"><span class='ocrx_word' id='word_1_231' title='bbox 410 3225 514 3290; x_wconf 89' lang='grc'>20.</span> <span class='ocrx_word' id='word_1_232' title='bbox 547 3223 841 3290; x_wconf 88' lang='lat' dir='ltr'>Primum</span> <span class='ocrx_word' id='word_1_233' title='bbox 876 3226 1071 3290; x_wconf 91' lang='lat' dir='ltr'>homo</span> <span class='ocrx_word' id='word_1_234' title='bbox 1121 3226 1315 3290; x_wconf 89' lang='lat' dir='ltr'>durus</span> <span class='ocrx_word' id='word_1_235' title='bbox 1360 3248 1433 3291; x_wconf 89' lang='lat' dir='ltr'>ac</span> <span class='ocrx_word' id='word_1_236' title='bbox 1468 3226 1718 3310; x_wconf 88' lang='lat' dir='ltr'>priscus</span> <span class='ocrx_word' id='word_1_237' title='bbox 1754 3225 2045 3289; x_wconf 79' lang='lat' dir='ltr'>invectus</span> <span class='ocrx_word' id='word_1_238' title='bbox 2084 3228 2184 3289; x_wconf 87' lang='lat' dir='ltr'>est</span> <span class='ocrx_word' id='word_1_239' title='bbox 2220 3226 2289 3289; x_wconf 88' lang='lat' dir='ltr'>in</span> 
     </span>
     <span class='ocr_line' id='line_1_35' title="bbox 273 3313 2288 3398; baseline 0 -22"><span class='ocrx_word' id='word_1_240' title='bbox 273 3333 406 3396; x_wconf 85' lang='lat' dir='ltr'>eos,</span> <span class='ocrx_word' id='word_1_241' title='bbox 454 3314 565 3397; x_wconf 93' lang='lat' dir='ltr'>qui</span> <span class='ocrx_word' id='word_1_242' title='bbox 601 3335 820 3379; x_wconf 90' lang='lat' dir='ltr'>mense</span> <span class='ocrx_word' id='word_1_243' title='bbox 858 3314 1072 3398; x_wconf 91' lang='lat' dir='ltr'>Aprili</span> <span class='ocrx_word' id='word_1_244' title='bbox 1112 3315 1281 3398; x_wconf 88' lang='lat' dir='ltr'>apud</span> <span class='ocrx_word' id='word_1_245' title='bbox 1317 3313 1513 3378; x_wconf 86' lang='lat' dir='ltr'>Baias</span> <span class='ocrx_word' id='word_1_246' title='bbox 1550 3318 1767 3378; x_wconf 85' lang='lat' dir='ltr'>essent</span> <span class='ocrx_word' id='word_1_247' title='bbox 1812 3317 1878 3377; x_wconf 84' lang='lat' dir='ltr'>et</span> <span class='ocrx_word' id='word_1_248' title='bbox 1914 3314 2096 3397; x_wconf 89' lang='lat' dir='ltr'>aquis</span> <span class='ocrx_word' id='word_1_249' title='bbox 2139 3313 2288 3379; x_wconf 81' lang='lat' dir='ltr'>cali-</span> 
     </span>
    </p>

    <p class='ocr_par' dir='ltr' id='par_1_20' title="bbox 186 3399 2288 3738">
     <span class='ocr_line' id='line_1_36' title="bbox 186 3399 2288 3476; baseline 0.001 -12"><span class='ocrx_word' id='word_1_250' title='bbox 186 3417 242 3457; x_wconf 72' lang='grc'>35</span> <span class='ocrx_word' id='word_1_251' title='bbox 276 3401 376 3465; x_wconf 90' lang='lat' dir='ltr'>dis</span> <span class='ocrx_word' id='word_1_252' title='bbox 405 3404 755 3466; x_wconf 90' lang='lat' dir='ltr'>uterentur.</span> <span class='ocrx_word' id='word_1_253' title='bbox 807 3400 972 3476; x_wconf 83' lang='lat' dir='ltr'>Quid</span> <span class='ocrx_word' id='word_1_254' title='bbox 1000 3425 1144 3468; x_wconf 86' lang='lat' dir='ltr'>cum</span> <span class='ocrx_word' id='word_1_255' title='bbox 1173 3403 1295 3467; x_wconf 85' lang='lat' dir='ltr'>hoc</span> <span class='ocrx_word' id='word_1_256' title='bbox 1322 3403 1581 3467; x_wconf 89' lang='lat' dir='ltr'>homine</span> <span class='ocrx_word' id='word_1_257' title='bbox 1608 3399 1797 3467; x_wconf 85' lang='lat' dir='ltr'>nobis</span> <span class='ocrx_word' id='word_1_258' title='bbox 1825 3405 1963 3466; x_wconf 88' lang='lat' dir='ltr'>tam</span> <span class='ocrx_word' id='word_1_259' title='bbox 2000 3402 2177 3467; x_wconf 84' lang='lat' dir='ltr'>tristi</span> <span class='ocrx_word' id='word_1_260' title='bbox 2215 3424 2288 3467; x_wconf 89' lang='lat' dir='ltr'>ac</span> 
     </span>
     <span class='ocr_line' id='line_1_37' title="bbox 274 3488 2286 3574; baseline 0.001 -21"><span class='ocrx_word' id='word_1_261' title='bbox 274 3490 545 3554; x_wconf 77' lang='lat' dir='ltr'>severo?</span> <span class='ocrx_word' id='word_1_262' title='bbox 590 3488 742 3554; x_wconf 93' lang='lat' dir='ltr'>Non</span> <span class='ocrx_word' id='word_1_263' title='bbox 768 3494 1042 3574; x_wconf 91' lang='lat' dir='ltr'>possunt</span> <span class='ocrx_word' id='word_1_264' title='bbox 1060 3491 1132 3554; x_wconf 91' lang='lat' dir='ltr'>hi</span> <span class='ocrx_word' id='word_1_265' title='bbox 1160 3512 1369 3555; x_wconf 90' lang='lat' dir='ltr'>mores</span> <span class='ocrx_word' id='word_1_266' title='bbox 1396 3491 1567 3555; x_wconf 88' lang='lat' dir='ltr'>ferre</span> <span class='ocrx_word' id='word_1_267' title='bbox 1593 3491 1764 3556; x_wconf 89' lang='lat' dir='ltr'>hunc</span> <span class='ocrx_word' id='word_1_268' title='bbox 1790 3495 1928 3556; x_wconf 89' lang='lat' dir='ltr'>tam</span> <span class='ocrx_word' id='word_1_269' title='bbox 1958 3494 2286 3556; x_wconf 88' lang='lat' dir='ltr'>austerum</span> 
     </span>
     <span class='ocr_line' id='line_1_38' title="bbox 272 3578 2287 3664; baseline 0.001 -23"><span class='ocrx_word' id='word_1_270' title='bbox 272 3581 343 3641; x_wconf 89' lang='lat' dir='ltr'>et</span> <span class='ocrx_word' id='word_1_271' title='bbox 385 3581 526 3650; x_wconf 82' lang='lat' dir='ltr'>tam</span> <span class='ocrx_word' id='word_1_272' title='bbox 572 3578 1018 3644; x_wconf 86' lang='lat' dir='ltr'>vehementem</span> <span class='ocrx_word' id='word_1_273' title='bbox 1064 3580 1471 3664; x_wconf 84' lang='lat' dir='ltr'>magistrum,</span> <span class='ocrx_word' id='word_1_274' title='bbox 1516 3601 1632 3662; x_wconf 94' lang='lat' dir='ltr'>per</span> <span class='ocrx_word' id='word_1_275' title='bbox 1678 3602 1868 3664; x_wconf 89' lang='lat' dir='ltr'>quem</span> <span class='ocrx_word' id='word_1_276' title='bbox 1916 3580 2287 3645; x_wconf 91' lang='lat' dir='ltr'>hominibus</span> 
     </span>
     <span class='ocr_line' id='line_1_39' title="bbox 299 3688 1964 3738; baseline 0.004 -8"><span class='ocrx_word' id='word_1_277' title='bbox 299 3706 302 3713; x_wconf 39' lang='grc' dir='ltr'><em>ν</em></span> <span class='ocrx_word' id='word_1_278' title='bbox 382 3688 490 3732; x_wconf 85' lang='lat'><strong>010.</strong></span> <span class='ocrx_word' id='word_1_279' title='bbox 517 3690 599 3731; x_wconf 79' lang='lat' dir='ltr'>IV.</span> <span class='ocrx_word' id='word_1_280' title='bbox 628 3691 665 3731; x_wconf 83' lang='grc'>3.</span> <span class='ocrx_word' id='word_1_281' title='bbox 1901 3689 1964 3738; x_wconf 87' lang='grc'>18</span> 
     </span>
    </p>
   </div>
  </div>
 </body>
</html>
