2630 3913
341 218 387 279 4
1126 213 1223 266 DE
1261 212 1561 267 ormcns

342 378 700 461 ralitatem3
751 376 944 441 fortis
999 397 1175 463 veroJ
1201 374 1491 440 dolorem
1536 395 1860 439 summum
1905 374 2151 438 malum
2195 373 2352 438 iudi·

343 488 495 531 cans
506 514 515 549 ,
543 469 656 530 aut
701 468 1070 549 temperans
1098 464 1523 547 ,voluptatem
1569 483 1892 527 summum
1936 463 2177 526 bonum
2225 466 2352 526 sta·

273 573 305 622 6
342 559 721 635 tuens,esse
767 556 938 618 certe
983 551 1165 616 nullo
1204 551 1398 616 modo
1435 554 1672 636 potest.
1746 549 1922 625 Quae
1959 572 2350 634 quamquam

267 2069 299 2118 '1

257 2493 300 2559 3

267 3477 299 3526 8

343 643 439 707 ita
485 645 637 706 sunt
689 641 758 705 in
811 643 1161 725 promptu,
1206 642 1280 703 ut
1334 660 1438 703 res
1485 638 1922 722 disputatione
1966 659 2098 703 non
2144 642 2350 724 egeat,

340 735 562 796 tamen
618 732 768 794 sunt
823 751 863 793 a
905 727 1094 792 nobis
1149 727 1278 792 alio
1335 728 1478 792 loco
1534 725 1882 811 disputata.
1971 725 2113 790 Hae
2168 727 2352 792 disci·
2402 744 2426 784 5

340 819 556 903 plinae
593 817 797 902 igitur
833 816 889 880 si
925 816 1052 881 sibi
1089 818 1555 881 consentaneae
1591 815 1797 880 velint
1833 835 1990 898 esse,
2023 815 2100 879 de
2139 815 2349 881 officio

336 906 505 970 nihil
551 908 792 991 queant
838 904 1071 988 dicere,
1114 924 1323 988 neque
1358 903 1497 967 ulla
1534 902 1730 968 officii
1766 906 2110 988 praecepta
2144 904 2350 988 firma,

343 993 631 1077 stabilia,
691 992 1033 1059 coniuncta
1074 995 1348 1057 naturae
1401 990 1574 1055 tradi
1617 995 1892 1075 possunt
1935 992 2063 1055 nisi
2109 995 2223 1056 aut
2267 993 2348 1056 ab

339 1084 461 1166 iis*
505 1082 617 1166 qui
672 1082 915 1173 solam,
963 1083 1077 1145 aut
1132 1081 1214 1144 ab
1268 1080 1382 1162 iis,
1443 1080 1553 1162 qui
1607 1079 1885 1144 maxime
1939 1080 2349 1145 honestatem

340 1174 607 1255 propter
666 1191 734 1234 se
799 1169 1015 1234 dicant
1082 1158 1520 1253 expetendam.
1618 1166 1724 1232 Ita
1785 1168 2051 1252 propria
2114 1173 2214 1233 est
2276 1191 2351 1232 ea
2379 1187 2428 1227 10

340 1260 709 1343 praeceptio
739 1255 1129 1339 Stoicorum,
1158 1255 1717 1339 Academicorum,
1753 1255 2349 1341 Peripateticorum,

342 1347 648 1431 quoniam
710 1345 1067 1428 AristoniS,
1113 1344 1496 1428 Pyrrhonis,
1540 1343 1734 1409 Erilli
1778 1345 1910 1408 iam
1953 1344 2204 1428 pridem
2250 1367 2348 1409 ex-

339 1436 528 1519 plosa
575 1434 896 1499 sententia
941 1437 1066 1517 est3
1110 1434 1221 1516 qui
1255 1436 1477 1497 tamen
1511 1431 1827 1496 haberent
1862 1433 1963 1497 ius
2002 1453 2189 1498 suum
2227 1433 2350 1497 dis-

236 1568 241 1573 *
291 1586 295 1593 ,
339 1523 612 1607 putandi
676 1522 751 1586 de
806 1521 1046 1604 officio,
1102 1521 1159 1585 si
1220 1542 1437 1584 rerum
1502 1520 1785 1604 aliquem
1841 1520 2145 1586 dilectum
2205 1522 2348 1586 reli-

341 1611 659 1694 quissent,
713 1612 788 1674 ut
843 1609 924 1674 ad
978 1609 1174 1673 officii
1218 1608 1657 1673 inventionem
1704 1608 1916 1673 aditus
1964 1614 2152 1673 esset.
2243 1606 2349 1674 Se·
2377 1627 2427 1667 15

345 1721 609 1783 quemur
636 1697 842 1782 igitur
867 1697 990 1762 hoc
1018 1697 1274 1779 quidem
1303 1701 1596 1780 tempore
1633 1699 1699 1760 et
1726 1695 1848 1762 hac
1873 1697 1943 1761 in
1971 1697 2348 1781 quaestione

339 1787 754 1871 potissimum
801 1782 1079 1873 Stoicos,
1105 1788 1359 1869 non,ut
1402 1785 1828 1869 interpretes,
1862 1785 2001 1869 sed,
2054 1789 2130 1850 ut
2188 1787 2348 1851 sole-

340 1896 510 1959 mus,
547 1895 581 1938 e
607 1873 897 1938 fontibus
928 1894 1148 1938 eorum
1174 1872 1409 1938 iudicio
1438 1872 1836 1958 arbitrioque
1872 1877 2128 1962 nostro)v
2154 1895 2349 1959 quan-

338 1967 479 2027 tum
527 1984 779 2046 quoque
825 1962 1015 2027 modo
1061 1961 1426 2047 videbitur„
1448 1962 1837 2027 hauriemus
2079 1963 2088 1972 ’

469 2050 694 2116 Placet
737 2050 955 2137 igitur,
1001 2050 1305 2134 quoniam
1352 2049 1560 2114 omnis
1609 2050 1962 2134 disputatio
2010 2050 2087 2116 de
2134 2050 2345 2116 officio
2376 2070 2427 2110 20

337 2139 559 2204 futura
605 2143 730 2222 est,
785 2143 936 2204 ante
992 2137 1295 2231 definire,
1336 2137 1491 2222 quid
1536 2138 1624 2203 sit
1669 2138 2047 2223 officium3
2093 2140 2262 2223 quod
2309 2163 2348 2205 a

337 2227 648 2293 Panaetio
676 2226 1205 2312 praetermissum
1242 2247 1383 2290 esse
1420 2226 1637 2292 miror.
1701 2225 1926 2291 Omnis
1957 2227 2162 2321 enim,
2184 2249 2347 2312 quae

341 2318 434 2396 [a]
480 2317 734 2381 ratione
780 2315 1130 2400 suscipitur
1177 2314 1252 2379 de
1295 2314 1516 2398 aliqua
1559 2336 1629 2380 re
1673 2314 2027 2399 institutio,
2073 2316 2263 2381 debet
2309 2339 2348 2381 a

339 2404 708 2469 definitione
762 2403 1107 2488 proficisci,
1160 2406 1235 2466 ut
1278 2402 1736 2494 intellegatur,
1773 2403 1927 2488 quid
1981 2404 2068 2468 sit
2120 2404 2187 2468 id
2170 2454 2227 2500 y
2270 2404 2346 2469 de

339 2515 465 2577 quo
513 2492 894 2578 disputetur.
927 2542 941 2556 .
971 2542 985 2555 .
1016 2542 1030 2556 .
1117 2490 1344 2555 Omnis
1382 2490 1458 2555 de
1496 2491 1709 2557 officio
1748 2492 1984 2576 duplex
2021 2495 2121 2556 est
2159 2514 2346 2576 quae·
2374 2511 2426 2551 25

339 2581 492 2645 stio:
557 2602 753 2644 unum
802 2600 1004 2665 genus
1052 2582 1177 2663 est,
1233 2578 1406 2661 quod
1449 2579 1733 2663 pertinet
1780 2580 1866 2643 ad'
1905 2580 2099 2644 finem
2148 2580 2347 2646 bono-

337 2690 508 2750 rum,
556 2668 858 2749 alterum,
905 2665 1076 2750 quod
1111 2666 1397 2750 positum
1435 2670 1535 2730 est
1568 2667 1639 2730 in
1675 2667 2065 2753 praeceptis,
2112 2669 2345 2753 quibus

336 2757 407 2820 in
452 2756 661 2819 omnis
708 2754 915 2840 partis
970 2775 1125 2819 usus
1179 2754 1353 2819 vitae
1399 2755 1790 2820 conformari
1834 2756 2060 2840 possit.
2151 2754 2346 2843 Supe-

336 2843 528 2909 rioris
576 2843 830 2929 generis
875 2842 1065 2906 huius
1112 2842 1288 2906 modi
1336 2847 1488 2907 sunt
1532 2845 1852 2929 exempla:
1911 2845 2207 2910 omniane
2254 2848 2345 2912 ot-

335 2932 483 2997 ficia
518 2931 805 3016 perfecta
841 2931 973 2995 sint
983 2955 999 3015 ,¹
1034 2953 1190 2995 num
1227 2931 1400 3015 quod
1437 2931 1718 2998 officium
1756 2933 1932 2997 aliud
1970 2934 2099 3000 alio
2135 2935 2343 3000 maius
2375 2953 2428 2993 30

336 3022 451 3103 sit,
507 3024 573 3085 et
627 3042 790 3106 quae
846 3024 997 3085 sunt
1061 3019 1312 3105 generis
1380 3020 1678 3086 eiusdem.
1778 3020 2066 3096 Quorum
2126 3027 2344 3088 autem

337 3108 696 3175 officiorum
751 3112 1095 3194 praecepta
1148 3108 1509 3194 traduntur,
1563 3132 1640 3174 ea
1699 3132 2089 3195 quamquam
2152 3112 2345 3196 perti·

335 3201 492 3262 nent
528 3198 610 3263 ad
645 3199 839 3262 finem
875 3198 1220 3281 bonorum,
1255 3201 1477 3261 tamen
1511 3198 1723 3262 minus
1759 3198 1828 3263 id
1863 3204 2150 3283 apparet,
2194 3200 2344 3283 quia

335 3286 546 3370 magis
605 3285 686 3351 ad
738 3285 1215 3350 institutionem
1270 3286 1442 3350 vitae
1496 3287 1852 3351 communis
1909 3292 2199 3372 spectare
2252 3288 2343 3351 vi-

226 3375 229 3379 ’
337 3374 593 3457 dentur3
660 3373 736 3437 dc
793 3374 1022 3457 quibus
1080 3377 1179 3438 est
1232 3374 1422 3438 nobis
1476 3373 1578 3438 his
1636 3374 1820 3439 libris
1877 3375 2342 3459 explicandum.
2371 3393 2427 3433 ³5

337 3461 553 3544 Atque
600 3462 798 3525 etiam
845 3462 975 3526 alia
1020 3462 1249 3526 divisio
1298 3467 1399 3526 est
1446 3461 1657 3528 officii.
1738 3462 1912 3529 Nam
1959 3467 2024 3527 et
2060 3463 2343 3528 medium

335 3548 657 3633 quoddam
695 3549 976 3615 officium
1016 3549 1246 3614 dicitur
1294 3555 1360 3614 et
1393 3550 1768 3636 perfectum.
1840 3551 2205 3618 Perfectum
2252 3552 2344 3618 of-
