2630 3913
349 202 485 266 214
1202 198 1521 254 TIMAEUS

867 419 962 492 M.
1024 417 1308 490 TULLI
1365 414 1861 490 CICERONIS

1122 579 1604 666 TIMAEUS.

497 748 659 802 Hunc
696 747 948 802 Platonis
983 746 1191 801 librum
1227 744 1421 800 Cicero
1458 747 1644 799 aetate
1677 746 1789 799 iam
1835 747 2134 814 provectus
2170 746 2369 800 Latine

357 822 446 875 est
481 818 897 889 interpretatus.
971 818 1160 887 Ipsum
1195 815 1347 872 enim
1380 815 1725 886 prooemium
1754 815 2008 870 declarat
2041 832 2169 870 eum
2195 816 2367 886 scrip-

357 892 476 944 tum
523 905 646 944 esse
694 892 825 958 post
856 888 1221 954 Academica,
1269 903 1411 955 quae
1460 885 1694 941 Caesare
1729 886 1807 941 IV
1844 902 1954 941 cos.
1994 885 2114 941 sine
2151 886 2278 941 coll.
2317 903 2367 940 a.

357 979 410 1015 u.
452 967 551 1016 709
590 959 848 1015 confecta
883 975 1005 1014 esse
1043 959 1280 1014 constat.

288 1137 327 1262 μι-ι

493 1157 705 1222 Multa
750 1159 902 1221 sunt
966 1177 1006 1220 a
1057 1155 1248 1220 nobis
1303 1158 1372 1218 et
1423 1154 1492 1218 in
1547 1153 1948 1220 Academicis
2005 1154 2372 1239 conscripta

360 1251 589 1313 contra
642 1244 944 1331 physicos
1003 1246 1069 1308 et
1122 1264 1313 1328 saepe
1368 1263 1505 1306 cum
1558 1242 1627 1306 P.
1673 1241 1941 1329 Nigidio
1997 1241 2369 1308 Carneadeo

357 1356 539 1416 more
586 1337 652 1399 et
697 1333 887 1398 modo
936 1331 1285 1416 disputata.
1375 1329 1528 1394 Fuit
1573 1331 1745 1395 enim
1790 1331 1891 1396 vir
1935 1331 2047 1395 ille
2084 1353 2230 1397 cum
2275 1353 2369 1395 ce-

360 1425 516 1489 teris
565 1422 841 1504 artibus,
897 1442 1060 1504 quae
1114 1420 1371 1503 quidem
1419 1418 1652 1504 dignae
1705 1419 1911 1484 libero
1967 1423 2210 1503 essent,
2273 1441 2368 1484 or-

360 1517 553 1577 natus
592 1510 910 1592 omnibus,
946 1512 1087 1572 tum
1117 1529 1262 1573 acer
1287 1507 1720 1593 investigator
1747 1511 1813 1572 et
1841 1507 2119 1594 diligens
2148 1529 2369 1573 earum
2426 1534 2451 1573 ⁵

362 1622 595 1682 rerum,
643 1620 807 1682 quae
852 1619 892 1661 a
935 1599 1170 1660 natura
1216 1595 1548 1659 involutae
1586 1595 1912 1680 videntur3
1957 1596 2230 1680 denique
2276 1596 2368 1660 sic

360 1688 599 1770 iudicO,
643 1689 795 1771 post
839 1684 991 1749 illos
1036 1683 1289 1748 nobiles
1336 1683 1812 1769 PythagoreOS,
1867 1706 2141 1769 quorum
2188 1684 2371 1749 disci-

361 1776 545 1862 plina
597 1774 883 1839 extincta
929 1776 1030 1836 est
1083 1771 1363 1856 quodam
1410 1772 1628 1855 modo,
1674 1794 1820 1838 cum
1867 1772 2119 1856 aliquot
2158 1773 2372 1837 saecla

361 1866 430 1928 in
474 1862 671 1927 Italia
716 1859 1062 1944 Siciliaque
1106 1859 1441 1946 viguisset,
1486 1859 1656 1925 hunc
1693 1861 2003 1945 extitisse,
2040 1860 2151 1945 qui
2187 1861 2372 1925 illam

291 1968 324 2014 2
360 1952 721 2017 renovaret.
812 1947 936 2025 Qui
999 1971 1145 2014 cum
1209 1971 1312 2013 me
1375 1948 1446 2013 in
1500 1946 1796 2014 Ciliciam
1857 1949 2371 2035 proficiscentem
2404 1977 2456 2015 ιο

361 2040 607 2125 Ephesi
633 2038 1101 2124 expectavisset
1120 2036 1396 2102 Romam
1426 2059 1502 2102 ex
1530 2038 1858 2123 legatione
1885 2038 2025 2123 ipse
2046 2038 2372 2119 decedenS‚

364 2128 771 2212 venissetque
816 2125 1041 2192 eodem
1085 2125 1418 2210 Mytilenis
1463 2125 1592 2190 mei
1637 2126 1964 2191 salutandi
2015 2129 2082 2190 et
2125 2126 2375 2191 visendi

361 2239 557 2284 causa
583 2215 952 2301 CratippuS,
979 2214 1561 2298 Peripateticorum
1589 2214 1896 2300 omnium,
1924 2235 2085 2298 quos
2115 2214 2373 2298 quidem

362 2327 483 2392 ego
515 2304 844 2386 audierim,
881 2325 1024 2368 meo
1051 2302 1286 2368 iudicio
1314 2301 1506 2368 facile
1533 2302 1851 2388 princeps,
1887 2303 2282 2387 perlibenter
2310 2306 2377 2367 et

360 2394 694 2480 Nigidium
712 2392 846 2457 vidi
875 2395 940 2456 et
967 2391 1244 2477 cognovi
1262 2389 1662 2475 Cratippum.
1700 2389 1797 2455 Ac
1815 2391 2093 2475 primum
2116 2390 2375 2474 quidem
2404 2417 2459 2457 15

359 2487 617 2568 tempus
655 2479 1070 2546 salutationis
1106 2479 1175 2544 in
1203 2479 1691 2563 percontatione
1720 2478 2234 2565 consumpsimus

1219 2599 1259 2640 (ὅ
1392 2646 1432 2688 *
1567 2598 1606 2640 ’k

506 2741 755 2812 [Praeter
790 2742 1009 2811 partem
1063 2738 1278 2795 exordii
1325 2738 1675 2795 Ciceroniani
1729 2739 2117 2794 desiderantur
2159 2738 2377 2794 Timaei

363 2812 641 2868 Platonici
683 2812 944 2867 undecim
986 2810 1228 2881 paginae
1275 2826 1312 2864 a
1362 2828 1418 2880 p.
1460 2816 1525 2867 1⁷
1561 2827 1737 2879 usque
1782 2810 1856 2864 ad
1900 2816 1968 2866 27
2028 2809 2117 2865 ed.
2163 2809 2376 2880 steph„

365 2901 478 2954 qua
511 2884 744 2939 exeunte
780 2882 834 2936 le
951 2882 1045 2935 tur
1089 2880 1283 2935 verba:
1323 2876 1514 2936 Ἔστιν
1568 2873 1673 2936 οὖν
1729 2877 1799 2951 δὴ
1841 2876 1960 2936 κατ’
2007 2876 2149 2950 ἐμὴν
2201 2880 2377 2945 δόξαν
2406 2902 2463 2941 20

365 2956 588 3024 πρῶτον
617 2956 833 3022 διαιρετ
868 2973 933 3008 ον
969 2948 1122 3007 τάδε.
1178 2950 1324 3006 Hinc
1359 2950 1564 3022 incipit
1581 2951 1841 3006 Tulliana
1867 2950 2118 3006 Platonis
2149 2950 2374 3022 oratio]

295 3076 338 3140 2
500 3096 668 3173 Quid
713 3101 839 3180 est,
907 3096 1079 3180 quod
1135 3117 1389 3180 semper
1452 3096 1539 3160 sit
1601 3117 1835 3180 neque·
1870 3096 2079 3160 ullum
2137 3095 2381 3160 habeat

292 3154 331 3202 3
368 3189 611 3270 ortum,
664 3188 732 3250 et
784 3184 957 3269 quod
1003 3184 1311 3271 gignatur
1355 3206 1473 3249 nec
1526 3206 1833 3268 umquam
1890 3185 2020 3249 sit?
2094 3182 2381 3259 Quorum

368 3275 645 3338 alterum
689 3272 1143 3357 intellegentia
1186 3275 1253 3337 et
1298 3272 1550 3338 ratione
1597 3271 2162 3356 conprehenditur,
2209 3272 2382 3356 quod

254 3378 259 3381 “
367 3384 566 3426 unum
645 3364 840 3445 atque
906 3360 1077 3425 idem
1147 3381 1402 3445 semper
1470 3364 1597 3444 est3
1670 3360 1974 3444 alterum,
2045 3359 2216 3444 quod
2275 3360 2380 3423 ad·
2410 3376 2468 3417 25

365 3450 495 3512 fert
550 3448 920 3532 opinionem
990 3469 1215 3513 sensus
1272 3448 1545 3513 rationis
1619 3470 1873 3534 expers,
1941 3448 2112 3532 quod
2166 3452 2382 3512 totum

369 3536 696 3617 opinabile
743 3539 861 3620 est,
905 3535 973 3600 id
1020 3536 1313 3622 gignitur
1359 3540 1426 3601 et
1469 3536 1695 3601 interit
1738 3558 1856 3601 nec
1893 3558 2202 3620 umquam
2240 3557 2382 3600 esse
