2630 3913
704 236 1128 292 POEMATUM.
1167 237 1233 292 H.
1272 237 1352 291 1V
1387 253 1423 290 a
1458 255 1509 293 v.
1553 244 1846 292 196—262.
2156 235 2282 300 367

274 401 396 466 Ille
439 401 683 483 quidem
728 404 1041 464 aeternum
1085 400 1290 482 lonyos
1334 401 1603 481 ayitatus
1646 400 1716 463 in
1760 399 1927 464 orbes

275 489 534 572 Seynior
577 489 749 553 haud
790 489 986 552 currit
1026 489 1198 570 siync
1246 485 1656 569 Gynosaridos
1698 488 1907 569 Arcti,

275 578 642 661 Lanyaidus
687 576 1082 658 obscurusque
1125 580 1355 659 tamen,
1399 596 1504 640 ceu
1545 575 1735 640 Dana
1777 576 2069 640 retundat

276 667 604 731 Flammae
657 666 875 743 mim,
928 665 1356 729 Andromedae
1407 684 1471 729 se
1502 669 1756 745 propter
1798 663 2045 745 cinyula
2087 663 2286 746 volvit,

274 754 332 819 E
380 753 613 838 quibus
659 752 830 817 hunc
858 715 1099 817 subter
1144 752 1359 836 possis
1407 773 1791 838 cognoscere
1835 751 2091 816 fultum.
2181 766 2285 815 235

276 841 448 907 Nam
494 841 658 907 caeli
701 840 979 906 mediam
1023 844 1278 926 partem
1324 841 1505 923 terit,
1551 844 1626 904 ut
1668 840 1848 925 prius
1893 839 2046 904 illae

278 929 543 1013 Chelae,
589 933 731 994 tum
775 933 1000 1015 pectus
1048 929 1218 1013 quod
1264 929 1547 993 cernitur
1593 927 1867 993 Orionis.

364 1018 453 1084 Et
497 1039 700 1104 prope
746 1016 1100 1102 conspicies
1146 1039 1420 1100 parvum
1467 1016 1586 1080 sub
1632 1020 1891 1101 pectore
1937 1016 2113 1081 claro

218 1116 256 1174 5
278 1106 727 1171 Andromedae
776 1105 1061 1190 signum,
1106 1104 1485 1168 Deltoton
1530 1105 1737 1169 dicere
1784 1102 1965 1167 Graii

279 1192 464 1269 Quod
509 1193 711 1278 soliti,
759 1193 960 1258 simili
1005 1192 1157 1276 quia
1199 1192 1412 1256 forma
1456 1192 1681 1257 littera
1726 1192 1945 1256 claret.
2184 1206 2285 1256 240

278 1282 448 1346 Huic
493 1282 704 1366 spatio
754 1282 1014 1346 ductum
1062 1280 1261 1345 simili
1304 1283 1476 1344 latus
1525 1284 1739 1345 exstat
1784 1284 2154 1364 utrumque3

280 1370 373 1433 At
416 1391 550 1434 non
593 1369 788 1434 tertia
831 1391 984 1453 pars
1030 1369 1254 1433 lateris
1302 1371 1608 1452 (namque
1654 1372 1753 1432 est
1798 1368 2009 1432 minor
2052 1368 2232 1454 illis),

280 1455 407 1522 Sed
452 1457 661 1522 stellis
705 1458 901 1542 longe
948 1457 1161 1522 densis
1207 1457 1543 1541 praeclara
1587 1457 1846 1522 relucet.

176 1555 260 1612 10
368 1544 647 1609 Inferior
691 1546 885 1629 paulo
933 1549 1033 1610 est
1078 1545 1268 1609 Aries
1317 1549 1382 1608 et
1427 1545 1659 1609 flamen
1707 1545 1789 1609 ad
1835 1544 2062 1609 Austri

277 1632 686 1717 Inclinatior‚
733 1637 926 1717 atque
972 1633 1169 1697 etiam
1215 1633 1655 1697 vehementius
1700 1633 1801 1696 illi
2182 1649 2285 1698 245

275 1720 543 1788 Pisces
553 1772 571 1805 ‚
619 1743 892 1806 quorum
938 1723 1104 1785 alter
1149 1722 1344 1806 paulo
1390 1722 1756 1805 prolabitur
1803 1725 1951 1785 ante

274 1810 365 1874 Et
411 1810 622 1896 magis
669 1809 1028 1874 horrisonis
1074 1809 1419 1893 Aquilonis
1465 1810 1760 1895 tangitur
1806 1809 1946 1874 alis.

278 1901 494 1983 Atque
538 1897 770 1964 horum
820 1919 853 1962 e
900 1898 1119 1964 caudis
1166 1898 1451 1985 duplices
1497 1898 1676 1964 velut
1723 1920 1867 1963 aere
1914 1899 2176 1963 catenae
2284 1937 2291 1945 ·

175 1996 255 2051 15
279 1987 709 2071 Discessuque
756 1986 867 2051 diu
910 2009 1134 2051 versae
1181 2010 1296 2073 per
1342 1988 1588 2051 lumina
1634 1992 1901 2071 serpunt

283 2076 498 2158 Atque
541 2097 670 2139 una
704 2075 968 2139 tandem
1007 2075 1077 2138 in
1115 2076 1309 2139 stella
1347 2076 1771 2140 communiter
1807 2075 2093 2159 haerent,
2184 2092 2286 2140 250

284 2161 489 2237 Quem
533 2166 782 2227 veteres
830 2163 1009 2227 soliti
1055 2165 1395 2228 caelestem
1443 2163 1649 2227 dicere
1692 2162 2004 2227 Nodum.

172 2290 177 2295 ·
281 2250 729 2316 Andromedae
775 2252 960 2315 laevo
1008 2274 1085 2316 ex
1131 2273 1380 2334 umer0,
1427 2252 1485 2315 si
1530 2272 1833 2335 quaesere
1878 2272 2135 2337 perges,

282 2338 672 2424 Adpositum
716 2340 961 2423 poteris
1009 2361 1242 2424 supera
1287 2360 1673 2424 cognoscere
1718 2337 1987 2403 Piscem.

169 2436 260 2493 20
368 2426 425 2490 E
471 2427 740 2512 pedibus
787 2431 1014 2492 natum
1060 2449 1311 2492 summo
1359 2426 1512 2491 Iove
1554 2426 1839 2490 Persea
1884 2427 2079 2510 vises,

282 2512 455 2590 Quos
500 2516 738 2580 umeris
784 2517 1023 2580 retinet
1068 2516 1273 2580 defixo
1322 2537 1587 2599 corpore
1632 2514 1904 2578 Perseus
1915 2564 1932 2596 ,
2182 2531 2285 2580 255
2318 2565 2323 2570 .

281 2601 486 2677 Quem
532 2625 784 2668 summa
829 2604 911 2668 ab
958 2605 1221 2690 regione
1259 2603 1605 2687 Aquilonis
1650 2602 1916 2667 flamina
1959 2603 2242 2688 pulsant.

281 2691 406 2755 Hic
451 2691 744 2756 dextram
791 2693 872 2756 ad
920 2692 1100 2756 sedes
1146 2692 1427 2756 intendit
1472 2690 1841 2776 Cassiepiae

281 2777 716 2863 Diversosque
760 2780 954 2864 pedes
1001 2780 1252 2845 vinctos
1299 2780 1618 2844 talaribus
1666 2780 1836 2865 aptis

167 2875 254 2933 25
278 2866 771 2931 Pulverulentus
817 2868 915 2931 uti
960 2868 1037 2932 de
1082 2872 1258 2932 terra
1303 2870 1562 2952 elapsus
1608 2871 1872 2953 repente

278 2953 357 3018 In
403 2955 650 3020 caelum
695 2956 902 3021 victor
948 2978 1184 3042 magno
1233 2958 1352 3020 sub
1400 2956 1677 3021 culmine
1721 2959 1960 3040 portat.
2184 2972 2286 3021 260

367 3042 460 3106 At
503 3047 772 3128 propter
816 3045 1072 3109 laevum
1119 3066 1320 3130 genus
1368 3044 1543 3108 omni
1588 3066 1664 3108 ex
1709 3047 1894 3129 parte
1942 3042 2188 3108 locatas

277 3129 566 3196 Parvas
611 3130 1017 3217 Vergilias
1062 3133 1242 3198 tenui
1289 3155 1435 3197 cum
1480 3133 1621 3196 luce
1668 3130 1931 3196 videbis,

418 3302 484 3358 V.
524 3310 727 3374 246sq.
777 3305 851 3361 N.
898 3307 973 3360 D.
1019 3306 1457 3361 1143.111eoe.
1498 3311 1703 3364 -252
1756 3305 1928 3359 Phoc
1978 3320 2070 3359 ars
2121 3305 2179 3359 Τ.
2240 3307 2289 3359 V

264 3392 328 3445 p.
367 3379 493 3429 436.
532 3380 567 3430 5
612 3375 757 3431 Keil.
806 3377 927 3430 licet
974 3376 1284 3444 ‘'quaesere
1327 3378 1518 3431 lectum
1561 3378 1633 3430 sit
1678 3377 1828 3445 apud
1869 3375 2194 3430 Sallustium
2238 3383 2287 3432 et

282 3446 537 3500 Tullium.
577 3476 645 3486 -—
683 3452 787 3501 256
837 3446 944 3501 C'ic.
992 3447 1066 3501 N.
1105 3448 1178 3503 D.
1216 3447 1409 3501 II44.
1447 3452 1573 3502 112.
1618 3478 1678 3486 —
1720 3452 1821 3500 261
1844 3463 1923 3513 sq.
1975 3446 2084 3500 Cic.
2131 3449 2286 3515 ibid„

278 3515 456 3570 Prisc.
503 3514 780 3572 V14.19
816 3535 876 3585 p.
915 3522 1042 3573 .211.
1082 3523 1135 3584 3,
1183 3517 1395 3572 Probas
1438 3519 1503 3571 de
1536 3518 1635 3572 ult.
1672 3519 1790 3587 syll.
1836 3517 1893 3571 Τ
1932 3515 2094 3586 IVp
2099 3523 2285 3574 .2..23.

273 3591 372 3641 31.·
410 3585 530 3639 Hac
565 3590 797 3658 propter
831 3587 1053 3641 laevum
1090 3604 1237 3657 genu
1275 3587 1453 3642 omnis
1491 3589 1651 3658 parte
1688 3587 1922 3642 locatus.
