2630 3913
342 261 471 324 372
1125 259 1580 314 FRAGMENTA

340 422 518 486 Haec
563 444 692 486 una
738 424 932 486 stella
976 425 1349 503 nectuntur,
1397 443 1590 504 quam
1636 420 1791 484 iacit
1839 443 1915 484 ex
1963 443 2030 485 se

341 510 636 575 Pistricis
684 511 872 594 spina
919 509 1169 574 evalida
1214 531 1360 573 cum
1395 509 1548 572 'luce
1595 509 1942 593 refulgens.

202 608 319 664 155
431 598 680 662 Exinde
728 598 995 683 exiguae
1043 597 1220 661 tenui
1266 619 1411 660 cum
1457 596 1700 660 lumine
1748 597 1993 660 multae

340 685 520 751 Inter
563 686 903 750 Pistricem
951 685 1133 749 fusae
1181 706 1570 768 sparsaeque
1617 684 1916 748 videntur
2250 701 2359 751 400

341 774 558 858 Atque
590 773 1081 838 *Gubernaclum
1128 774 1383 853 stellae,
1432 795 1589 856 quas
1639 773 1928 858 contegit
1976 772 2186 837 omnis

340 861 722 926 Formidans
771 884 982 926 acrem
1030 884 1318 926 morsum
1362 860 1601 944 Lepus;
1646 861 1749 924 his
1794 882 2002 945 neque
2048 883 2286 925 nomen

340 950 478 1014 Nec
522 950 803 1015 formam
848 955 1098 1014 veteres
1147 954 1390 1014 certam
1437 949 1745 1013 statuisse
1792 949 2106 1014 videntur.

201 1048 324 1104 160
343 1037 515 1102 Nam
563 1060 722 1122 quas
770 1038 1087 1102 sideribus
1134 1038 1326 1102 claris
1372 1041 1609 1101 natura
1654 1037 1889 1122 polivit

342 1126 431 1192 Et
477 1127 657 1191 vario
704 1126 916 1211 pinxit
961 1125 1362 1210 distinguens
1411 1126 1653 1190 lumine
1697 1125 1972 1226 formas,
2253 1142 2360 1189 405

343 1214 483 1279 Has
528 1215 641 1279 ille
690 1219 1016 1280 astrorum
1063 1219 1279 1279 custos
1327 1214 1577 1278 ratione
1624 1213 1880 1278 notavit

344 1301 673 1388 Signaque
721 1304 1007 1389 signavit
1053 1302 1358 1368 caelestia
1402 1302 1662 1366 nomine
1708 1323 1888 1383 ver03

344 1391 482 1456 Has
532 1396 774 1475 autem,
823 1414 984 1493 quae
1031 1395 1184 1455 sunt
1229 1412 1429 1474 parvo
1474 1412 1618 1455 cum
1678 1351 1922 1454 lumin’e
1967 1388 2179 1471 fusae,

203 1486 325 1544 165
347 1478 688 1544 Consimili
735 1481 944 1564 specie
993 1480 1218 1543 stellas
1266 1478 1585 1562 parilique
1630 1478 1843 1542 nitore

342 1567 494 1634 Non
539 1568 755 1651 potuit
801 1568 991 1632 nobis
1038 1571 1194 1631 nota
1240 1568 1486 1630 elarare
1531 1567 1759 1651 figura.
2255 1581 2362 1630 410

433 1656 706 1739 Exinde,
754 1656 1106 1720 australem
1156 1654 1334 1718 soliti
1382 1677 1572 1738 quem
1619 1654 1825 1718 dicere
1872 1652 2149 1736 Piscem,

345 1743 651 1808 Volvitur
695 1743 962 1807 inferior
1008 1741 1402 1826 Capricorno
1448 1763 1673 1806 versus
1720 1742 1802 1807 ad
1848 1740 2163 1805 Austrum

345 1830 683 1895 Pistricem
732 1832 1110 1912 observanS,
1155 1831 1382 1913 procul
1427 1830 1562 1893 illis
1610 1829 1961 1894 Piscibus
2005 1828 2286 1893 haerens

205 1928 327 1985 170
347 1920 438 1984 At
482 1940 685 2003 prope
731 1918 1084 2001 conspicies
1133 1922 1426 2001 expertes
1471 1917 1752 1983 nominis
1800 1939 2020 1982 omnes

344 2007 524 2070 Inter
563 2006 902 2071 Pistricem
941 2010 1005 2070 et
1043 2006 1310 2090 Piscem,
1349 2028 1537 2090 quem
1576 2007 1869 2089 diximus,
1907 2006 2180 2070 Austri
2257 2023 2364 2071 415

346 2093 586 2159 Stellas
635 2094 754 2159 sub
801 2095 1073 2179 pedibus
1122 2098 1362 2158 stratas
1409 2094 1726 2159 radiantis
1773 2095 2036 2178 Aquari.

432 2182 710 2266 Propter
757 2183 1140 2265 Aquarius
1197 2184 1541 2247 obscurum
1589 2183 1816 2247 dextra
1860 2182 2035 2267 rigat
2081 2204 2365 2265 amnem,

346 2271 601 2356 Exiguo
651 2271 760 2355 qui
808 2272 1147 2336 stellarum
1194 2270 1467 2335 candore
1512 2270 1792 2334 nitescit.

203 2361 402 2427 175E
451 2359 675 2424 multis
722 2364 944 2424 tamen
987 2360 1089 2423 his
1138 2359 1261 2423 duo
1308 2359 1442 2422 late
1489 2357 1737 2422 lumina
1780 2359 2064 2443 fulgent,

345 2448 564 2514 Unum
611 2448 731 2512 sub
779 2448 1001 2532 magni
1045 2446 1315 2531 pedibus
1362 2451 1657 2511 cernetur
1702 2447 1977 2530 Aquari,
2257 2463 2365 2511 420

347 2536 532 2612 Quod
578 2540 898 2619 superest,
946 2535 1160 2620 gelido
1209 2534 1545 2618 delapsum
1589 2535 1853 2599 flumine
1898 2533 2100 2598 fontis

347 2622 757 2710 Spinigeram
805 2624 1026 2687 subter
1073 2623 1342 2687 caudam
1386 2622 1679 2686 Pistricis
1728 2621 2039 2687 adhaesit

346 2711 487 2776 Hae
534 2717 759 2776 tenues
808 2710 1037 2774 stellae
1084 2709 1501 2793 perhibentur
1545 2710 1808 2774 nomine
1855 2709 2118 2793 Aquai.

204 2807 327 2864 180
346 2799 472 2864 Hic
519 2799 685 2863 aliae
730 2799 1012 2863 volitant
1056 2820 1257 2882 parvo
1305 2820 1450 2862 cum
1495 2798 1737 2863 lumine
1784 2798 1996 2863 clarae

350 2889 564 2972 Atque
610 2887 829 2971 priora
873 2887 1107 2971 pedum
1155 2888 1432 2950 subeunt
1478 2886 1757 2971 vestigia
1803 2886 2025 2972 magni
2261 2902 2367 2950 425

350 2975 785 3041 Arcitenentis
832 2979 896 3038 et
943 2976 1253 3039 obscurae
1301 2974 1437 3038 sine
1481 2976 1742 3039 nomine
1788 2974 2038 3039 cedunt.

434 3062 592 3127 Inde
638 3063 860 3147 Nepae
907 3083 1124 3127 cernes
1172 3066 1439 3146 propter
1483 3062 1798 3147 fulgentis
1845 3082 2116 3128 acumen

348 3151 602 3234 Aram,
650 3173 842 3234 quam
887 3150 1048 3214 flatu
1092 3151 1450 3234 permulcet
1496 3151 1763 3234 spiritus
1810 3150 2063 3232 Austri,

207 3244 326 3303 185
349 3238 605 3324 Exiguo
654 3259 955 3321 superum
1001 3258 1164 3321 quae
1211 3237 1458 3302 lumina
1501 3242 1793 3322 tempore
1838 3241 2086 3321 tranat,

350 3324 521 3388 Nam
567 3326 794 3409 procul
842 3326 1119 3390 Arcturo
1168 3329 1267 3389 est
1314 3326 1585 3391 adversa
1628 3329 1815 3410 parte
1860 3326 2092 3390 locata.
2261 3342 2373 3391 430

351 3411 630 3475 Arcturo
677 3432 986 3496 magnum
1032 3412 1246 3498 spatio
1295 3434 1528 3501 supera
1576 3414 1752 3479 dedit
1798 3415 2023 3479 orbem

494 3591 558 3642 v.
598 3601 801 3663 427sq.
844 3599 964 3651 oio„
991 3600 1065 3653 N.
1104 3602 1178 3654 D.
1217 3602 1297 3654 II
1326 3607 1411 3656 44.
1451 3607 1568 3656 114.
