2630 3913
359 202 484 264 308
1132 200 1584 254 FRAGMENTA

489 362 549 427 5.
593 360 758 427 Serv.
798 363 966 444 Very.
993 363 1150 426 Aen.
1186 362 1235 424 I
1269 367 1394 425 703
1431 361 1686 427 ‘Ordine
1731 360 1946 444 lonyo’,
1992 364 2035 426 i.
2079 384 2127 427 e.
2176 364 2379 444 dispo-

354 452 571 515 sitione
603 452 929 515 secundum
970 450 1263 531 Tullium,
1306 451 1414 530 qui
1457 451 1527 513 in
1566 449 1971 514 Oeconomicis
2016 451 2180 533 dicit,
2224 454 2383 532 quid

354 540 460 603 ubi
501 540 855 621 ponendum
908 540 1020 613 sit,·
1079 557 1186 601 nec
1238 540 1403 601 enim
1456 538 1665 602 debent
1714 539 2006 603 universa
2059 539 2377 618 confundi.

489 629 547 691 6.
596 626 715 692 Gic.
760 627 832 691 de
874 646 996 690 sen.
1042 631 1141 690 17.
1187 628 1269 689 59
1314 625 1511 705 (Xen.
1558 625 1686 689 Oec.
1722 630 1782 690 4.
1818 627 2111 709 20—25)
2155 627 2376 692 Socra-

356 721 439 779 tes
483 717 553 780 in
597 735 661 778 eo
710 713 862 778 libro
909 715 1178 795 loquitur
1222 734 1360 777 cum
1405 713 1729 790 Critobulo,
1779 713 2011 796 Cyrum
2055 716 2376 799 minorem,
2434 739 2463 777 5

356 804 690 867 Persarum
726 823 939 884 reyem‚
966 806 1381 883 praestantem
1407 802 1649 883 inyenio
1675 807 1855 883 atque
1881 804 2128 884 imperii
2147 804 2375 885 yloria,

353 911 490 954 cum
527 891 847 972 Lysander
881 890 1415 972 LacedaemoniuS,
1448 891 1545 953 vir
1579 910 1852 954 summae
1877 892 2140 975 virtutis,
2175 893 2374 957 venis-

352 984 441 1042 set
475 980 562 1042 ad
593 999 727 1042 eum
765 976 988 1043 Sardis
1023 979 1191 1059 eique
1224 979 1387 1042 dona
1422 998 1464 1040 a
1499 979 1679 1042 sociis
1714 979 2032 1063 attulisset,
2072 985 2129 1043 et
2161 981 2376 1045 ceteris

354 1069 422 1131 in
467 1067 643 1131 rebus
687 1087 909 1130 comem
952 1087 1097 1148 crya
1131 1066 1528 1147 Lysandrum
1573 1071 1751 1148 atque
1793 1066 2135 1131 humanum
2176 1068 2375 1147 fuisse

353 1160 410 1218 et
473 1155 530 1218 ei
590 1156 893 1236 quendam
954 1159 1339 1234 consaeptum
1400 1174 1620 1235 ayrum
1691 1155 2009 1236 diligenter
2068 1158 2372 1220 consitum
2401 1179 2460 1217 ιο

353 1244 707 1319 ostendisse,·
759 1262 897 1306 cum
940 1248 1142 1306 autem
1187 1243 1604 1305 admiraretur
1648 1243 1972 1323 Lysander
2013 1248 2070 1306 et
2099 1247 2370 1325 proceri-

355 1337 505 1396 tates
540 1331 830 1396 arborum
866 1336 923 1394 et
956 1332 1214 1395 derectos
1247 1331 1318 1393 in
1344 1331 1737 1411 quincuncem
1763 1332 2005 1395 ordines
2031 1336 2090 1395 et
2112 1332 2373 1396 humum

352 1421 667 1484 subactam
719 1424 898 1500 atque
938 1439 1174 1500 puram
1227 1423 1284 1481 et
1335 1419 1696 1481 suavitatem
1760 1419 2037 1500 odorum,
2099 1421 2208 1500 qui
2262 1422 2371 1485 ad-

351 1509 654 1588 flarentur
706 1528 780 1571 ex
832 1507 1109 1587 floribuS,
1174 1512 1302 1569 tum
1366 1526 1501 1568 eum
1565 1507 1793 1571 dixisse
1847 1508 2075 1570 mirari
2127 1528 2191 1572 se
2241 1529 2371 1573 non

353 1598 527 1661 modo
571 1596 969 1677 diligentiam,
1012 1595 1118 1659 sed
1148 1595 1333 1657 etiam
1368 1594 1702 1657 sollertiam
1736 1595 1883 1672 εἰπε,
1927 1616 1972 1659 a
2013 1615 2130 1676 quo
2174 1602 2373 1661 essent
2397 1616 2451 1656 ιο

353 1686 467 1749 illa
511 1685 787 1748 dimensa
825 1687 1004 1762 atque
1038 1682 1364 1762 discripta,·
1410 1686 1467 1744 et
1500 1681 1729 1763 Cyrum
1773 1685 2183 1783 respondisse:
2232 1684 2369 1748 ‘At-

352 1774 460 1853 qui
512 1792 614 1853 eqo
669 1772 792 1834 ista
842 1789 981 1834 sum
1039 1769 1251 1833 omnia
1312 1770 1652 1845 dimensus;
1717 1772 1836 1834 mei
1895 1777 2044 1836 sunt
2104 1772 2367 1856 ordines,

352 1880 487 1923 mea
522 1859 683 1922 discr
685 1859 854 1938 iptio,
893 1858 1122 1921 multae
1155 1858 1341 1921 etiam
1375 1858 1638 1922 istarum
1673 1859 1965 1924 arborum
2000 1880 2137 1924 mea
2171 1880 2369 1925 manu

349 1951 498 2012 sunt
537 1945 745 2011 satae?
828 1945 989 2009 Tum
1032 1945 1430 2028 Lysandrum
1474 1947 1804 2011 intuentem
1837 1969 2192 2030 purpuram
2235 1950 2369 2014 eius

351 2041 408 2100 et
466 2037 726 2098 nitorem
788 2035 1056 2115 corporis
1117 2039 1520 2115 ornatumque
1577 2035 1891 2100 Persicum
1954 2037 2146 2101 mttlto
2207 2058 2365 2102 auro
2393 2056 2447 2095 20

351 2125 674 2205 multisque
719 2124 976 2223 yemmis
1028 2123 1288 2187 dixisse:
1351 2121 1523 2187 Rite
1575 2143 1712 2188 vero
1759 2129 1838 2206 te,
1894 2123 2069 2205 Cyre,
2125 2125 2365 2190 beatum

346 2214 581 2294 ferunt,
627 2212 920 2292 quoniam
962 2211 1179 2275 virtuti
1223 2215 1364 2274 tuae
1402 2211 1658 2290 fortuna
1703 2213 2025 2276 coniuncta
2064 2212 2196 2277 est?

487 2302 542 2364 7.
588 2299 786 2365 Prisc.
840 2297 1945 2382 VIII4.19p.385.4H.(Xen.
1985 2299 2366 2385 Oec.6.1.2)

353 2389 557 2455 Cicero
602 2390 672 2451 in
720 2387 1134 2452 Oeconomico:
1182 2384 1399 2451 Homo
1448 2409 1523 2451 ex
1572 2408 1645 2451 eo
1692 2409 1961 2453 numero
2008 2387 2365 2474 hominum,

353 2477 463 2561 qui
500 2476 669 2560 apud
696 2497 814 2540 nos
853 2476 975 2539 hoc
1009 2473 1268 2538 nomine
1306 2475 1673 2559 dignantur,
1709 2470 2074 2558 ἀξιοῦνται,
2106 2478 2364 2558 passive.
2394 2497 2450 2535 25

287 2632 290 2633 γ
485 2500 819 2629 8.P.Donat
868 2563 1002 2626 Ter.
1048 2561 1167 2627 Ph.
1210 2563 1941 2643 II3.4(Xen..7.9)
1989 2562 2366 2630 Prodeum

350 2651 825 2716 immortalium'
875 2646 1239 2727 ’Ἑλλειψις·
1227 2698 1241 2724 ,
1315 2652 1474 2715 deest
1535 2649 1777 2731 fidem'
1840 2657 1952 2715 aut
2013 2654 2165 2734 quid
2227 2654 2366 2718 tale.

350 2739 558 2805 Cicero
611 2740 681 2802 in
728 2737 1146 2803 Oeconomico:
1203 2735 1368 2812 Qfiid
1424 2737 1652 2823 igitur,
1706 2761 1824 2823 pro
1882 2740 2068 2804 deum
2124 2741 2367 2806 inmor-

351 2828 609 2892 talium!
656 2827 938 2910 primum
985 2847 1128 2890 eam
1174 2825 1448 2890 docebas
1457 2876 1476 2908 ,
1522 2828 1805 2910 quaeso?

484 2917 543 2980 9.
609 2914 839 2980 Colum.
903 2912 1063 2978 XII
1105 2915 1306 2995 praef.
1371 2921 1409 2978 1
1473 2913 1670 2995 (Xen.
1727 2921 1784 2979 7.
1841 2917 1960 2999 18)
2023 2917 2368 3001 Xenophon
2398 2938 2453 2977 so

349 3004 742 3069 Atheniensis
778 3023 843 3067 eo
882 3003 1034 3067 libro
1076 3038 1175 3084 —,
1209 3004 1319 3084 qui
1357 3002 1777 3068 Oeconomicus
1810 3005 2183 3087 inscribitur,
2210 3027 2368 3088 pro-

349 3094 510 3158 didit
563 3092 850 3156 maritale
909 3092 1260 3172 coniuyium
1311 3091 1401 3155 sic
1453 3097 1873 3173 comparatum
1931 3113 2054 3158 esse
2113 3100 2369 3173 natura,

348 3185 421 3245 ut
461 3201 588 3245 non
631 3180 830 3244 solum
865 3180 1329 3255 iucundissima,
1373 3198 1580 3242 verum
1616 3180 1801 3243 etiam
1835 3182 2171 3246 utilissima
2204 3184 2371 3248 vitae

349 3269 600 3333 societas
634 3268 929 3343 iniretwr;
968 3286 1118 3330 nam
1144 3267 1425 3347 primum
1459 3268 1645 3331 etiam
1681 3266 1887 3333 Cicero
1920 3275 2031 3345 ait,
2066 3291 2142 3334 ne
2169 3291 2370 3353 yenus

351 3355 693 3419 humanum
747 3356 1031 3435 tempori-s
1091 3356 1529 3436 lonyinquitate
1582 3357 1889 3439 occideret,
1941 3363 2196 3440 propter
2255 3359 2369 3424 hoc
2398 3379 2453 3419 35

352 3461 586 3504 marem
630 3462 768 3505 cum
808 3443 1046 3522 femina
1097 3462 1221 3507 esse
1273 3445 1683 3526 coniunctum,
1738 3446 1951 3509 deinde
2002 3450 2075 3509 ut
2123 3467 2198 3511 ex
2250 3445 2371 3512 hac

354 3528 559 3588 eadem
602 3530 876 3592 societate
919 3529 1278 3594 mortalibus
1315 3532 1630 3595 adiutoria
1663 3534 1979 3598 senectutis
2013 3554 2120 3598 nec
2154 3535 2369 3600 minus
