2630 3913
234 666 299 716 78

233 1635 299 1683 79

234 2342 301 2390 80

234 3046 298 3096 81

342 223 466 288 188
941 223 1246 278 LAELIUS
1282 223 1381 278 DE
1417 223 1743 278 AMICITIA

336 389 603 469 propter
649 385 1110 450 dissensionem
1157 387 1392 468 autem,
1440 406 1603 468 qnae
1651 387 1792 449 erat
1835 384 1906 448 in
1950 406 2019 449 re
2071 384 2348 470 publica,

338 473 655 538 alienatus
704 477 805 538 est
850 496 889 537 a
935 474 1188 559 collega
1227 477 1454 537 nostro
1491 472 1787 556 Mete1103
1830 477 2176 557 utrumque
2213 473 2351 559 egit

419 562 651 645 aviter,
717 562 1104 627 auctoritate
1150 564 1217 625 et
1263 561 1616 626 offensione
1671 561 1871 626 animi
1923 582 2055 626 non
2102 561 2349 626 acerba.

395 672 545 714 uam
592 649 675 715 ob
722 671 860 713 rem
905 651 1188 734 primum
1235 649 1447 714 danda
1491 671 1689 733 opera
1735 653 1852 732 est,
1897 670 1978 713 ne
2025 670 2154 732 qua
2196 650 2346 714 ami·

338 759 559 802 corum
606 737 872 803 discidia
916 739 1104 820 fiant3
1150 738 1252 802 sin
1297 737 1432 802 tale
1479 737 1724 821 aliquid
1772 737 2084 816 evenerit,
2128 741 2203 801 ut
2248 758 2348 802 ex·
2404 756 2430 796 5

337 827 579 891 tinctae
646 827 865 911 potius
930 826 1253 891 amicitiae
1320 848 1513 910 quam
1578 846 1926 927 oppressae
1989 787 2348 890 videantur.

338 911 706 979 Cavendum
753 935 935 998 vero,
996 936 1078 979 ne
1133 915 1333 979 etiam
1392 914 1460 978 in
1506 934 1739 999 graves
1784 913 2157 979 inimicitias
2206 935 2349 980 con-

336 1006 597 1067 vertant
642 1024 711 1067 se
758 965 1106 1086 amicitiae3
1152 1024 1229 1067 ex
1267 1002 1556 1087 quibus
1538 1002 1769 1103 iurgia,
1806 1001 2168 1086 maledicta,
2205 1022 2349 1068 con·

336 1090 643 1155 tumeliae
691 1091 1063 1177 gignuntur.
1137 1089 1313 1165 Quae
1360 1094 1580 1154 tamen
1626 1090 1683 1154 si
1727 1090 2103 1155 tolerabiles
2143 1096 2349 1173 erunt,

334 1177 634 1244 ferendae
673 1184 849 1263 sunt,
904 1184 972 1244 et
1016 1179 1121 1244 hic
1174 1178 1382 1245 honos
1438 1179 1645 1243 veteri
1699 1179 2022 1244 amicitiae
2067 1178 2349 1243 tribuen·
2381 1198 2430 1237 ιο

337 1266 474 1350 dus,
518 1271 594 1331 nt
628 1267 684 1331 is
729 1267 800 1331 in
845 1268 1036 1352 culpa
1081 1267 1196 1351 sit,
1241 1266 1353 1352 qni
1398 1265 1623 1349 faciat,
1686 1288 1842 1350 non,
1896 1267 2006 1352 qui
2061 1267 2350 1352 patiatur

335 1376 655 1419 imunam.

470 1443 746 1509 Omnino
794 1445 1082 1509 omnium
1126 1444 1361 1508 horum
1407 1443 1715 1508 vitiorum
1761 1447 1955 1527 atque
2000 1443 2348 1508 incommo-

339 1531 565 1596 dorum
611 1554 740 1596 una
784 1533 998 1597 cautio
1047 1536 1148 1597 est
1185 1534 1381 1616 atque
1418 1553 1548 1596 una
1583 1532 1889 1615 provisi0‚
1936 1534 2010 1596 ut
2044 1553 2126 1596 ne
2152 1532 2348 1596 nimis

338 1620 466 1685 cito
515 1620 783 1705 diligere
828 1621 1143 1705 incipiant
1187 1641 1348 1685 neve
1394 1641 1526 1684 non
1572 1619 1820 1705 dignos.
1893 1619 2095 1704 Digni
2130 1624 2349 1684 autem
2380 1638 2430 1677 ιε

340 1712 492 1772 sunt
546 1708 857 1791 amicitia,
924 1710 1156 1792 quibus
1210 1709 1277 1772 in
1323 1708 1484 1792 ipsis
1528 1708 1700 1772 inest
1745 1729 1968 1791 causa,
2032 1729 2144 1772 cur
2211 1707 2348 1772 dili·

340 1800 593 1881 gantur.
684 1759 930 1861 Rardm
977 1818 1199 1884 genus.
1286 1795 1377 1860 Et
1433 1795 1688 1879 quidem
1745 1797 1963 1861 omnia
2016 1796 2350 1881 praeclara

339 1907 502 1964 rara,
546 1906 664 1950 nec
709 1885 1052 1987 quicquam
1100 1884 1425 1950 difficilius
1474 1906 1668 1968 quam
1706 1884 2005 1970 reperire,
2051 1884 2222 1969 quod
2261 1885 2350 1949 sit

339 1974 516 2038 omni
561 1995 638 2038 ex
683 1978 868 2059 parte
913 1975 983 2038 in
1027 1996 1143 2039 suo
1192 1994 1425 2060 genere
1466 1974 1840 2058 perfectum.
1905 1971 2029 2038 Sed
2056 1973 2347 2058 plerique

337 2084 544 2146 neque
588 2062 657 2128 in
702 2063 893 2127 rebus
931 2061 1232 2127 humanis
1271 2062 1614 2146 quicquam
1650 2063 1892 2127 bonum
1928 2065 2187 2145 norunt,
2222 2062 2347 2125 nisi
2377 2080 2429 2119 ιο

340 2151 509 2233 qnod
554 2150 958 2216 fructuosum
1005 2151 1109 2235 sit,
1157 2155 1222 2215 et
1260 2151 1500 2216 amicos
1549 2154 1884 2234 tamquam
1919 2150 2194 2235 pecudes
2237 2171 2347 2215 eos

338 2239 754 2324 potissimum
800 2239 1108 2325 diligunt,
1155 2262 1230 2304 ex
1268 2239 1502 2322 quibus
1550 2243 1814 2323 sperant
1861 2260 1928 2303 se
1976 2259 2348 2303 maxumum

336 2326 621 2391 fructum
659 2348 797 2392 esse
826 2333 1146 2412 capturos.
1219 2327 1324 2392 Ita
1350 2327 1786 2411 pulcherrima
1811 2326 1929 2391 illa
1957 2331 2023 2390 et
2052 2348 2348 2391 maxume

336 2415 622 2480 naturali
668 2421 892 2480 carent
937 2416 1222 2480 amicitia
1267 2437 1384 2500 per
1426 2436 1494 2479 se
1532 2419 1599 2479 et
1633 2418 1902 2499 propter
1946 2435 2016 2478 se
2062 2415 2347 2499 expetita

337 2525 454 2569 nec
517 2504 644 2588 ipsi
709 2503 833 2567 sibi
898 2505 1191 2589 exemplo
1256 2508 1432 2587 sunt,
1496 2503 1656 2568 haec
1726 2503 1824 2567 vis
1891 2502 2213 2568 amicitiae
2283 2508 2348 2568 et
2378 2522 2428 2562 ιο

340 2591 552 2674 qualis
599 2595 665 2655 et
719 2594 963 2674 quanta
1027 2592 1130 2656 sit.
1219 2591 1367 2676 Ipse
1433 2591 1603 2655 enim
1664 2611 1731 2656 se
1788 2591 2058 2675 quisque
2114 2591 2350 2677 diligit,

337 2700 468 2743 non
513 2682 587 2743 ut
633 2679 915 2762 aliquam
962 2702 1002 2743 a
1048 2701 1116 2744 se
1170 2679 1308 2764 ipse
1366 2679 1722 2745 mercedem
1782 2679 2002 2765 exigat
2054 2680 2348 2745 caritatis

340 2788 518 2850 suae,
575 2766 686 2830 sed
733 2767 905 2850 quod
949 2789 1065 2851 per
1111 2788 1179 2832 se
1226 2767 1353 2831 sibi
1398 2768 1671 2858 quisque
1717 2789 1903 2832 carus
1959 2771 2075 2832 est.
2165 2765 2348 2842 Quod

338 2855 464 2919 nisi
501 2817 731 2919 ’idem
713 2877 782 2919 ιιι
813 2855 1165 2920 amicitiam
1193 2852 1640 2939 transferetur,
1677 2877 1866 2920 verus
1894 2855 2138 2920 amicus
2165 2877 2345 2920 num·

340 2965 534 3028 quam
581 2943 966 3028 reperietur3
1019 2947 1120 3009 est
1165 2945 1338 3008 enim
1383 2944 1468 3029 is,
1524 2944 1635 3028 qui
1672 2947 1772 3008 est
1808 2947 2141 3027 tamquam
2179 2944 2348 3009 alter
2377 2962 2429 3003 ιο

337 3032 525 3096 idem.
600 3029 843 3106 Quodsi
879 3031 1002 3097 hoc
1039 3036 1343 3117 apparet
1354 3032 1425 3096 in
1468 3032 1715 3115 bestiis,
1756 3032 2145 3116 volucribus,
2189 3053 2349 3096 nan·

338 3120 534 3203 tibus,
582 3120 969 3205 agrestibus,
1016 3120 1356 3205 cicuribus,
1399 3119 1582 3204 feris,
1628 3120 1911 3205 primum
1952 3124 2027 3185 ut
2062 3142 2131 3185 se
2167 3121 2349 3205 ipsae

339 3209 617 3294 diligant
659 3207 753 3293 (id
782 3209 952 3273 enim
989 3209 1232 3293 pariter
1260 3230 1407 3274 cum
1437 3209 1614 3274 οιιιιιι
1651 3209 1977 3273 animante
2012 3206 2350 3292 nascitur),

338 3296 563 3361 deinde
609 3301 683 3361 ut
728 3297 1064 3379 requirant
1119 3300 1315 3381 atque
1370 3296 1708 3381 adpetant,
1773 3297 1855 3361 ad
1910 3318 2070 3380 quas
2119 3318 2188 3361 se
2243 3296 2348 3362 ad·

338 3383 581 3465 plicent
627 3384 910 3448 eiusdem
959 3385 1213 3470 generis
1261 3385 1631 3467 animantis,
1676 3384 1867 3469 idque
1913 3385 2163 3450 faciunt
2201 3406 2348 3450 cum
2379 3401 2428 3442 ³⁶

339 3470 651 3534 desiderio
698 3474 765 3535 et
811 3493 956 3536 cum
1004 3472 1282 3555 quadam
1321 3472 1742 3537 similitudine
1780 3473 2019 3537 amoris
2061 3473 2349 3556 humani,

340 3560 580 3637 quanto
627 3556 692 3620 id
738 3558 949 3644 magis
995 3559 1065 3623 in
1109 3559 1371 3624 homine
1406 3560 1484 3625 fit
1527 3563 1787 3624 natural
1837 3561 1948 3644 qui
1995 3565 2060 3623 et
2102 3581 2169 3624 se
2205 3561 2350 3646 ipse
