2630 3913
822 199 1271 255 ORATIONUM.
1311 203 1375 253 A.
1413 199 1542 253 XIV
1580 207 1769 253 2—14.
2171 201 2300 265 279

379 364 748 428 humilitatis
800 364 1164 443 plenissima
1226 364 1296 427 in
1359 383 1497 426 eum
1557 364 1759 427 verius
1819 368 1877 427 et
1921 363 2305 444 probabilius

379 452 797 534 conferantur,
859 453 967 533 qui
1027 452 1257 516 abiecta
1320 453 1491 515 omni
1551 451 1845 533 diqnitate
1908 453 2146 516 ordinis
2206 455 2306 517 sui

381 540 739 622 Pompeium
781 540 1058 605 demissis
1088 540 1373 621 precibus
1417 541 1695 622 oraverit,
1739 544 1811 603 ut
1844 540 1922 603 ab
1957 560 2022 604 eo
2057 542 2128 604 in
2157 561 2304 622 yra-

383 631 535 692 tiam
577 629 954 712 reciperetur.

240 734 267 774 5
431 718 529 781 10.
587 714 740 781 Non
792 716 1034 800 pudet?
1126 714 1250 779 Sed
1305 716 1457 798 quid
1501 716 1740 799 pudeat
1793 716 2119 780 hominem
2174 738 2303 781 non

294 806 484 869 modo
521 805 669 868 ,sine
715 805 985 888 pudore,
1032 825 1256 868 verum
1304 803 1564 868 omnino
1613 804 1750 868 sine
1797 805 1950 869 ore?

512 894 726 958 Multa
786 914 924 958 cum
987 894 1306 957 acerbitate
1366 894 1704 957 insurrexit
1764 899 1820 957 et
1879 894 2305 975 inpudentiam

382 982 504 1046 sive
563 983 861 1062 infamem
924 982 1367 1065 turpitudinem
1427 981 1551 1045 sive
1610 982 2054 1061 deformitatem
2111 983 2306 1047 voltus

381 1072 583 1134 volens
636 1071 1001 1151 exprobrare
1055 1068 1207 1133 e1101]
1262 1072 1520 1132 tantum
1581 1068 1718 1133 sine
1764 1071 2026 1151 rubore,
2080 1091 2302 1134 verum

217 1177 268 1216 ιο
386 1157 583 1221 etiam
649 1158 784 1222 sine
850 1157 992 1223 ore'
1048 1159 1123 1221 P.
1177 1156 1468 1223 Clodium
1530 1158 1703 1222 dixit.
1804 1158 1976 1222 Nam
2039 1160 2305 1223 traditur

379 1246 587 1325 forma
628 1247 941 1311 inliberali
984 1247 1040 1311 is
1080 1246 1287 1326 fuisse.

436 1337 532 1397 11.
580 1332 684 1398 Sic
729 1334 900 1398 enim
944 1334 1238 1398 homines
1285 1338 1550 1419 egentes
1598 1336 1664 1397 et
1707 1334 2045 1398 turbarum
2092 1334 2304 1419 cupidi

297 1422 753 1507 loquebantur:
802 1445 839 1487 ο
885 1422 1096 1486 virum
1140 1422 1187 1503 †
1232 1424 1489 1486 usuum!

515 1511 1057 1594 Rumiyerantium
1081 1530 1384 1576 sermones
1406 1510 1656 1591 rettulit,
1690 1511 1800 1592 qui
1835 1530 1972 1574 cum
1997 1530 2306 1575 summum

221 1616 271 1656 ιδ
383 1600 647 1682 viyorem
688 1601 1062 1665 constantiae
1105 1596 1317 1665 Clodio
1359 1599 1841 1683 adscripsissent,
1899 1600 2062 1685 quod
2111 1602 2303 1664 auda-

382 1689 515 1753 cius
566 1688 853 1770 Pompeio
904 1693 1293 1771 repuynaret,
1345 1693 1489 1770 post
1549 1688 1802 1751 eundem
1853 1686 2077 1753 humili
2127 1690 2305 1753 satis·

378 1777 646 1856 factione
686 1778 1023 1859 depositum
1065 1778 1390 1862 contemtui
1433 1776 1728 1840 ducerent.

432 1868 530 1930 12.
567 1864 739 1930 Male
777 1866 985 1931 dicere
1024 1863 1285 1929 autem?
1322 1864 1521 1928 immo
1549 1885 1701 1927 vero
1732 1864 1922 1928 domo
1951 1864 2306 1949 principem

292 1954 362 2019 vi
406 1958 473 2018 et
517 1960 695 2018 metu
741 1955 1086 2019 continere.

217 2058 271 2098 20
519 2091 535 2105 .
582 2093 594 2105 .
642 2092 655 2104 .
704 2094 717 2106 .
770 2045 843 2106 in
894 2044 1004 2107 sub
1058 2043 1263 2106 eadem
1304 2043 1541 2125 fiyurat,
1581 2092 1596 2107 .
1644 2091 1658 2104 .
1705 2091 1719 2105 .
1764 2043 2008 2107 verbum
2052 2045 2312 2108 retraxit

378 2150 491 2210 per
534 2132 847 2210 quandam
892 2132 1329 2194 correctionem.
1402 2131 1811 2195 Notissimum
1857 2136 1947 2196 est
1987 2137 2191 2195 autem
2235 2132 2308 2196 P.

388 2214 669 2282 Clodium
712 2219 1078 2282 insidiatum
1120 2238 1243 2283 esse
1275 2216 1583 2300 Pompeio.
1655 2218 1740 2283 Id
1778 2219 1981 2301 ipsum
2027 2221 2308 2301 testifica-

388 2310 490 2368 tur
549 2310 607 2369 et
667 2307 738 2369 in
798 2306 946 2370 aliis
1005 2307 1247 2388 quidem
1307 2311 1468 2370 retro
1529 2307 1755 2371 habitis
1817 2309 2193 2373 orationibus
2254 2314 2313 2373 et

387 2395 577 2458 multo
610 2394 859 2474 plenius
901 2414 977 2459 ac
1018 2394 1406 2473 manifestius
1436 2416 1558 2476 pro
1602 2396 1857 2460 Milone.

219 2497 271 2537 25
439 2483 535 2546 13.
599 2485 698 2566 ut,
773 2503 931 2565 quas
995 2482 1266 2546 haberet
1328 2482 1397 2546 in
1459 2483 1782 2548 vestibulo
1855 2483 2141 2567 tabulaS,
2214 2506 2307 2547 re-

297 2569 544 2655 figeret.

519 2659 669 2724 Post
699 2661 949 2724 eiectum
985 2659 1331 2726 Ciceronem
1365 2661 1526 2724 velut
1568 2661 1899 2726 criminum
1943 2662 2073 2726 eius
2116 2663 2308 2745 eloyia

373 2749 822 2830 proscripserat
872 2745 1129 2814 Clodius
1188 2754 1247 2813 et
1295 2751 1534 2813 easdem
1591 2750 1832 2814 tabulas
1891 2750 1963 2814 in
2023 2751 2307 2815 vestibulo

385 2839 599 2901 domus
640 2857 788 2901 suae
830 2838 1067 2919 fixerat,
1110 2838 1184 2901 de
1223 2837 1443 2918 quibus
1484 2858 1651 2902 nunc
1686 2838 1853 2919 loqui
1886 2839 2139 2922 videtur,
2181 2859 2307 2903 eas-

218 2938 271 2979 80
386 2946 499 3006 que
540 2926 858 3007 contendit,
901 2927 1194 3006 quoniam
1233 2926 1435 3005 falsae
1476 2927 1605 2990 sint
1637 2930 1696 2990 et
1728 2927 2152 3008 calumniosae,
2187 2948 2308 3008 pro

386 3012 580 3078 nihilo
632 3033 756 3078 esse
805 3014 1137 3097 ducendas,
1190 3034 1296 3078 nec
1348 3014 1544 3078 ullam
1597 3014 1719 3078 sibi
1762 3035 1837 3078 ex
1878 3016 1961 3078 iis
2004 3016 2307 3080 invidiam

372 3103 932 3185 pertimescendam,
975 3104 1082 3183 qui
1125 3106 1184 3166 et
1221 3103 1294 3166 in
1337 3107 1584 3166 senatus
1627 3103 1894 3166 consulto
1937 3103 2098 3168 nihil
2140 3124 2307 3168 men-

388 3191 535 3254 titus
577 3192 662 3255 sit
703 3195 760 3254 et
800 3192 1238 3255 restitutionem
1282 3192 1585 3255 meruerit.

434 3280 532 3342 14.
578 3277 838 3343 Etenim
885 3280 1031 3358 tria,
1077 3281 1150 3342 ut
1197 3279 1443 3363 opinor,
1489 3279 1648 3343 haec
1683 3279 1752 3343 in
1787 3278 2049 3343 Milonis
2086 3300 2304 3363 perso-

215 3381 268 3422 35
294 3387 447 3429 nam
504 3371 769 3449 questus
827 3389 925 3431 es:
991 3368 1067 3430 de
1124 3390 1268 3432 aere
1327 3366 1536 3432 alieno
1547 3418 1563 3449 ,
1617 3368 1689 3431 de
1741 3367 1833 3451 vi,
1898 3367 1973 3431 de
2029 3368 2303 3451 ambitu3

297 3454 421 3519 duo
467 3456 860 3538 praeteristi:
905 3455 1071 3519 nihil
1119 3455 1194 3518 de
1241 3455 1663 3540 religionibus
1700 3455 1981 3540 violatis,
2026 3456 2190 3521 nihil
2228 3456 2305 3521 de

294 3542 557 3606 incestis
606 3543 849 3627 stupris
897 3547 1162 3627 questus
1210 3565 1293 3608 es.
