2630 3913
743 194 1271 250 EPISTULARUM.
1311 194 1373 248 E.
1404 195 1490 250 .VI
1527 195 1761 249 2—V111
1798 202 1846 249 6.
2168 194 2297 257 299

289 376 578 421 numero:
615 356 757 420 luta
785 361 850 420 et
878 357 1104 420 limum
1135 356 1549 442 adgerebant.
1581 391 1660 402 -—
1699 355 1791 437 Cf.
1822 356 2013 439 Capri
2038 357 2299 439 orthoyr.

281 467 344 526 p.
390 450 528 509 101.
574 450 657 509 16
699 446 864 509 Keil.
2171 511 2179 520 ,

421 534 563 597 Hoc
615 534 826 597 lutum
880 538 1060 615 atque
1102 533 1447 597 macellum
1494 531 1725 608 ἑνικῶς
1773 534 1939 598 exire
1991 537 2299 610 mement0‚

421 622 759 687 Memmius
800 622 924 687 ista
969 622 1244 686 macella
1289 621 1447 703 licet,
1495 620 1727 687 Caesar
1769 621 1911 686 luta
1955 623 2132 686 dicat.

240 938 266 977 5
582 925 746 985 VIII.
813 926 923 984 AD
968 925 1047 984 M.
1096 925 1429 984 BRUTUM
1474 925 1720 987 EPIST.
1766 926 1918 986 LIB.
1963 926 2009 985 I.

430 1063 484 1128 1.
539 1061 789 1127 Servius
840 1063 927 1126 ad
988 1061 1158 1143 Very.
1212 1062 1369 1126 Aen.
1438 1062 1620 1126 VIII
1664 1065 1788 1128 395
1843 1061 2046 1128 Cicero
2095 1062 2302 1143 primo

293 1150 445 1214 libro
490 1151 576 1213 ad
617 1149 925 1213 Brutum:
974 1149 1029 1213 si
1064 1148 1411 1233 Pompeius
1455 1172 1590 1215 non
1636 1172 1711 1215 ex
1760 1152 1895 1215 alto
1943 1154 2191 1234 peteret
2237 1155 2302 1213 et

295 1236 517 1301 multis
564 1237 778 1301 verbis
825 1260 927 1301 me
973 1238 1103 1301 iam
1148 1239 1538 1302 hortaretur.

786 1393 882 1446 AD
922 1391 1229 1446 EUNDEM
1265 1392 1485 1447 EPIST.
1525 1393 1658 1449 LIB.
1696 1393 1815 1448 VII.

217 1519 267 1558 10
427 1502 487 1565 2.
535 1501 697 1566 Non.
740 1522 809 1584 p.
852 1505 999 1566 296.
1045 1507 1088 1566 8
1134 1502 1230 1567 Μ.
1272 1502 1526 1576 νΤαῑῐὶα.<>·
1578 1503 1841 1584 epistula
1891 1504 1977 1567 ad
2025 1502 2302 1567 Brutum

296 1590 394 1653 lib.
453 1590 618 1654 VII:
679 1588 800 1653 His
857 1589 1181 1653 contraria
1236 1594 1431 1673 atque
1485 1597 1715 1675 parata
1770 1593 1844 1656 ut
1891 1612 2029 1655 esse
2076 1590 2302 1673 soleat,

294 1682 594 1762 expertus
643 1699 803 1742 sum.

763 1833 861 1888 AD
904 1832 1212 1888 EUNDEM
1249 1832 1468 1889 EPIST.
1507 1833 1641 1888 LIB.
1679 1834 1825 1890 VIII.

426 1945 484 2008 3.
523 1945 686 2009 Non.
721 1966 787 2024 p.
824 1946 971 2009 527.
1006 1948 1092 2009 25
1131 1942 1291 2008 tVel’
1326 1966 1448 2026 pro
1496 1942 1722 2008 ‘etiam’
1760 1948 1860 2010 est.
1926 1943 2020 2009 M.
2062 1942 2304 2008 Tullius

214 2051 264 2088 15
293 2033 554 2112 epistula
590 2034 675 2097 ad
698 2030 977 2096 Brutum
1012 2033 1113 2097 lib.
1154 2033 1360 2097 VIII:
1396 2037 1462 2097 et
1501 2033 1670 2116 quod
1717 2036 1782 2097 te
1818 2037 2075 2098 tantum
2110 2037 2303 2114 amat,

294 2123 367 2182 ut
413 2119 503 2183 vel
551 2141 653 2183 me
700 2120 932 2183 audeat
977 2142 1344 2202 provocare.

680 2273 777 2326 AD
816 2272 1124 2327 EUNDEM
1160 2274 1257 2327 EX
1292 2274 1528 2331 LIBRIS
1565 2275 1913 2330 INCERTIS.

426 2383 487 2446 4.
541 2381 766 2446 Isidor.
822 2381 1146 2462 Different.
1202 2389 1285 2449 17
1344 2384 1413 2447 T.
1470 2384 1532 2448 V
1574 2407 1639 2465 p.
1695 2390 1739 2449 4
1790 2385 2040 2449 Areval.
2128 2386 2305 2450 Inter

295 2468 551 2535 ‘amare'
597 2477 655 2534 et
698 2470 987 2553 ‘diliqere’
1021 2476 1209 2553 putat
1259 2472 1509 2551 differre
1552 2473 1757 2538 Cicero
1810 2475 2167 2555 saepiusque
2217 2476 2305 2539 sic

211 2576 266 2615 20
293 2560 516 2641 utitur,
571 2564 643 2623 ut
682 2561 1022 2641 distinyuat
1061 2565 1245 2641 atque
1289 2559 1561 2625 ‘amare’
1596 2566 1796 2642 ponat
1826 2583 1946 2643 pro
1994 2561 2304 2627 ‘ardenter

292 2646 547 2723 amare’,
591 2652 662 2711 at
705 2646 996 2730 ‘diliqere’
1030 2669 1151 2729 pro
1200 2648 1412 2714 ‘levius
1447 2648 1700 2732 amare'‚
1743 2651 1901 2715 sicut
1934 2651 2002 2713 in
2038 2651 2305 2731 epistolis

291 2737 378 2799 ad
420 2735 728 2799 Brutum:
774 2734 957 2818 Vale,
1002 2737 1220 2818 inquit,
1269 2740 1335 2799 et
1377 2759 1499 2801 nos
1546 2760 1694 2803 ama
1738 2738 1862 2821 vel,
1907 2738 1964 2803 si
2007 2738 2074 2802 id
2110 2739 2302 2802 nimis

295 2827 395 2886 est
470 2823 582 2887 dili
634 2845 683 2887 e.

405 2874 486 2975 ²5.
521 2844 630 2976 Id?
656 2912 730 2976 ὦ.
794 2912 887 2976 Et
917 2933 1169 2978 rursus:
1207 2910 1312 2978 Sic
1350 2913 1554 2998 igitur
1588 2911 1805 2995 facieS‚
1841 2936 1944 2978 me
1982 2918 2096 2979 aut
2134 2937 2303 2978 ama-

207 3016 262 3056 85
293 2999 395 3063 bis
433 3003 563 3082 aut,
601 3021 728 3082 quo
767 3004 1105 3065 contentus
1144 3022 1305 3083 sum,
1345 3002 1595 3087 diliges.
1632 3039 1718 3047 —-
1756 3003 1918 3066 Non.
1947 3024 2012 3084 p.
2039 3007 2185 3067 421.
2212 3007 2304 3067 27

289 3087 468 3151 Inter
515 3087 768 3152 ‘amare'
814 3094 871 3153 et
914 3088 1204 3171 ‘diliqere’
1241 3090 1350 3154 hoc
1382 3092 1645 3172 interest,
1690 3092 1851 3171 quod
1886 3089 2140 3154 ‘amare’
2178 3092 2303 3154 vim

288 3175 465 3239 habet
488 3178 799 3253 maiorem,
829 3176 1117 3259 ‘diliyere’
1146 3183 1351 3241 autem
1377 3183 1467 3242 est
1491 3178 1678 3243 levius
1704 3199 1931 3242 amare.
1989 3178 2193 3243 Cicero
2221 3180 2307 3243 ad

289 3263 597 3328 Brutum:
645 3261 749 3328 Sic
792 3264 996 3350 igitur
1040 3265 1237 3331 facies
1285 3269 1351 3330 et
1397 3287 1499 3330 me
1547 3269 1660 3329 aut
1706 3265 1956 3330 amabis
1996 3270 2126 3349 auia,
2175 3272 2301 3349 q'uo

290 3355 632 3416 contentus
681 3374 850 3436 sum,
896 3353 1145 3438 diliges.
1193 3391 1278 3398 —
1324 3354 1499 3418 Idem
1539 3355 1724 3436 frym.
1756 3375 1823 3435 p.
1870 3358 2018 3420 264.
2064 3359 2123 3419 4.

203 3455 259 3496 ³0
428 3440 486 3503 6.
544 3441 796 3519 Quintil.
849 3441 984 3505 III
1029 3447 1086 3507 8.
1142 3446 1224 3505 41
1243 3463 1330 3523 sq.
1419 3442 1777 3523 Aliquando
1840 3442 2011 3507 bonis
2073 3464 2303 3525 quoque

286 3529 622 3593 suadentur
661 3549 896 3609 parum
947 3531 1188 3612 deeora,
1242 3531 1474 3594 dantur
1514 3551 1749 3612 parum
1803 3531 1973 3596 bonis
2026 3533 2301 3608 consilia,
