2630 3913
362 202 485 266 122
880 244 884 249 -
1136 202 1234 257 DE
1272 202 1570 258 OFFICHS

354 364 553 428 fuisse
598 361 891 447 Ulixem,
939 364 995 428 si
1037 364 1107 428 in
1150 365 1268 428 illa
1313 364 1727 430 simulatione
1772 363 2360 449 perseveravisset‘?

356 453 467 536 qui
511 474 656 518 cum
703 451 1015 517 maximas
1071 473 1172 516 res
1231 452 1506 537 gesserit
1549 453 1618 517 in
1672 452 1873 537 bello,
1926 456 2147 518 tamen
2198 451 2358 518 haec

357 540 577 606 audiat
623 541 704 606 ab
751 539 977 605 Aiace:

443 627 681 694 Cuius
727 626 900 713 ipse
946 627 1302 712 princeps
1349 627 1549 693 iuris
1594 625 1913 693 iurandi
1952 626 2135 712 fuit,

444 715 652 791 Quod
698 718 960 780 omnes
1009 715 1260 799 scitis,
1306 717 1523 781 solus
1569 712 1921 800 neglexit
1963 714 2225 801 fidem3
2380 733 2412 778 ε

442 803 729 868 Furere
775 804 1261 887 assimulare,
1306 806 1398 868 ne
1444 803 1722 886 coiret,
1766 802 2092 869 institit.

444 889 749 967 Quodm‘
788 891 1183 956 Palamedi
1226 893 1636 976 perspicax
1680 892 2094 978 prudentia

443 978 690 1044 Istius
735 983 1147 1065 percepset
1193 980 1670 1045 malitiosam
1724 979 2154 1064 audaciam,

444 1067 626 1132 Fide
672 1071 1025 1133 sacratae
1070 1068 1188 1131 itis
1235 1071 1606 1152 perpetuo
1652 1067 1994 1133 falleret.

246 1176 317 1226 99
354 1155 464 1220 Illi
507 1178 660 1221 vero
706 1177 837 1221 non
884 1155 1071 1221 modo
1119 1177 1264 1221 cum
1307 1155 1633 1239 hostibus,
1687 1177 1908 1221 verum
1957 1155 2152 1221 etiam
2206 1177 2355 1221 cum
2383 1177 2434 1217 10

355 1244 682 1328 fluctibuS,
740 1244 806 1308 id
860 1243 1030 1327 quod
1082 1242 1253 1327 fecit,
1319 1243 1622 1308 dimicare
1677 1244 1906 1309 melius
1971 1243 2097 1309 fuit
2162 1266 2356 1327 quam

356 1334 647 1397 deserere
693 1332 1196 1398 consentientem
1244 1329 1579 1397 Graeciam
1636 1332 1716 1396 ad
1760 1333 2002 1397 bellum
2057 1332 2354 1397 barbaris

354 1420 772 1486 inferendum.
837 1418 961 1485 Sed
1008 1421 1383 1485 omittamus
1429 1424 1496 1484 et
1538 1419 1795 1485 fabulas
1842 1424 1909 1484 et
1947 1423 2235 1504 externa3
2274 1419 2356 1485 ad

355 1532 493 1574 rem
530 1508 772 1574 factam
813 1511 1230 1592 nostramque
1267 1507 1619 1573 veniamus.
1670 1507 1757 1572 M.
1784 1508 2027 1573 Atilius
2065 1508 2355 1594 Regulus

355 1620 499 1662 cum
547 1597 769 1662 consul
814 1596 1049 1660 iterum
1094 1596 1163 1659 in
1206 1594 1431 1661 Africa
1476 1617 1554 1660 ex
1598 1596 1848 1661 insidiis
1902 1600 2129 1681 captus
2186 1601 2355 1661 esset
2383 1617 2435 1657 ιε

356 1686 510 1750 duce
537 1684 915 1768 Xanthippo
944 1683 1468 1767 Lacedaemonio,
1505 1684 1896 1769 imperatore
1924 1688 2141 1749 autem
2166 1688 2355 1769 patre

354 1772 741 1837 Hannibalis
786 1771 1173 1854 Hamilcare,
1217 1771 1467 1837 iuratus
1505 1772 1738 1837 missus
1786 1777 1885 1837 est
1921 1772 2003 1838 ad
2040 1777 2355 1857 senatum,

355 1864 458 1942 ut,
502 1860 631 1923 nisi
675 1858 908 1924 redditi
954 1863 1170 1923 essent
1213 1858 1448 1925 Poenis
1494 1861 1736 1944 captivi
1779 1861 2029 1926 nobiles
2078 1860 2354 1944 quidam,

355 1948 592 2013 rediret
644 1946 783 2033 ipse
840 1944 1318 2034 Carthaginem.
1406 1947 1473 2013 Is
1527 1971 1673 2014 cum
1725 1948 2001 2015 Romam
2053 1948 2354 2034 venisset,

356 2035 661 2101 utilitatis
709 2035 986 2121 speciem
1030 2037 1320 2120 videbat,
1375 2035 1486 2101 sed
1540 2058 1709 2122 eam,
1771 2042 1844 2102 ut
1901 2060 2004 2102 res
2051 2036 2354 2122 declarat,
2381 2059 2435 2099 20

354 2125 590 2189 falsam
635 2124 967 2208 iudicavit3
1032 2146 1193 2208 quae
1240 2129 1381 2190 erat
1433 2125 1614 2190 talis:
1678 2147 1937 2192 manere
1996 2125 2065 2190 in
2119 2126 2351 2211 patria,

356 2234 496 2279 esse
542 2212 759 2278 domui
805 2234 955 2278 suae
1001 2235 1147 2278 cum
1191 2234 1416 2297 uxore,
1461 2235 1606 2279 cum
1651 2213 1899 2296 liberis,
1947 2236 2142 2298 quam
2187 2214 2353 2280 cala·

355 2302 651 2367 mitatem
697 2301 1050 2386 accepisset
1094 2302 1163 2365 in
1207 2301 1400 2385 bello,
1446 2323 1848 2367 communem
1881 2301 2183 2367 fortunae
2222 2303 2354 2367 bel-

356 2391 517 2455 licae
562 2389 950 2455 iudicantem
994 2393 1212 2454 tenere
1259 2390 1615 2455 consularis
1677 2390 2014 2476 dignitatis
2062 2389 2353 2476 gradum.

356 2477 511 2553 Quis
549 2478 707 2543 haec
742 2481 941 2563 negat
977 2498 1117 2543 esse
1152 2477 1384 2542 utilia?
1433 2499 1621 2562 quem
1659 2479 1922 2543 censes?
1969 2477 2351 2564 Magnitudo
2378 2498 2435 2540 ιε

356 2566 556 2630 animi
602 2569 667 2630 et
710 2564 1022 2630 fortitudo
1069 2569 1282 2650 negat.

486 2652 661 2717 Num
707 2653 1160 2737 locupletiores
1207 2653 1462 2737 quaeris
1509 2654 1847 2719 auctores?
1892 2653 2143 2719 Harum
2181 2655 2353 2721 enim

356 2744 456 2805 est
487 2741 801 2805 virtutum
827 2740 1161 2825 proprium
1189 2739 1357 2804 nihil
1377 2741 1806 2825 extimescere,
1826 2743 2042 2808 omnia
2069 2743 2353 2808 humana

356 2828 704 2913 despicere,
756 2827 947 2912 nihil,
1003 2828 1172 2911 quod
1216 2828 1465 2894 homini
1509 2829 1793 2894 accidere
1837 2831 2074 2915 possit,
2127 2830 2352 2897 intole-

351 2917 622 2981 randum
668 2920 914 3001 putare.
985 2915 1215 3000 Itaque
1261 2916 1413 3000 quid
1455 2916 1650 2982 fecit?
1703 2916 1783 2983 In
1826 2922 2122 2983 senatum
2158 2918 2352 3004 venit,
2378 2938 2435 2979 so

353 3005 658 3070 mandata
713 3004 1034 3089 exposuit,
1099 3005 1487 3070 sententiam
1540 3027 1623 3070 ne
1688 3005 1951 3091 diceret,
2013 3007 2353 3093 recusavit,

354 3116 546 3178 quam
594 3093 701 3157 diu
754 3092 892 3157 iure
946 3092 1215 3159 iurando
1270 3093 1556 3158 hostium
1614 3097 1968 3180 teneretur,
2026 3116 2159 3161 non
2212 3117 2352 3161 esse

353 3203 420 3246 se
451 3185 833 3247 senatorem.
893 3180 1108 3265 Atque
1135 3180 1299 3246 illud
1327 3182 1524 3246 etiam
1555 3177 1650 3269 (‘o
1681 3184 1954 3247 stultum
1981 3182 2354 3267 hominem’,

352 3269 583 3333 dixerit
612 3269 951 3354 quispiam,
981 3269 1069 3334 ‘et
1096 3274 1563 3354 repugnantem
1589 3270 1863 3335 utilitati
1890 3270 2144 3359 suael’),
2171 3271 2353 3337 reddi

351 3356 640 3439 captivos
694 3357 960 3443 negavit
1013 3378 1153 3423 esse
1205 3358 1393 3442 utile3
1460 3357 1611 3423 illos
1675 3358 1844 3424 enim
1909 3359 2350 3426 adulescentes
2379 3377 2433 3421 σε

352 3465 490 3507 esse
528 3448 594 3508 et
628 3444 834 3509 bonos
865 3444 1070 3527 duceS,
1110 3467 1178 3512 se
1206 3445 1338 3510 iam
1366 3445 1729 3512 confectum
1757 3451 2100 3514 senectute.
2152 3446 2351 3515 Cuius

353 3551 496 3593 eum
553 3531 865 3596 valuisset
929 3533 1309 3617 auctoritaS,
1373 3533 1614 3619 captivi
1671 3535 1903 3600 retenti
1969 3539 2146 3620 sunt,
2209 3536 2352 3621 ipse

250 2633 353 2761 {³30
