2630 3913
352 201 481 267 338
1134 204 1585 261 FRAGMENTA

351 363 497 430 Hoc
551 364 679 430 iter
733 367 905 432 vitae
959 371 1097 432 tam
1153 367 1611 453 confragosum
1658 374 1963 454 putamus
1973 420 1991 453 ‚
2045 372 2183 434 tam
2237 377 2382 456 ple-

355 475 509 518 num
555 454 940 520 iniuriarum
984 478 1060 521 ac
1105 456 1515 521 miseriarum
1563 461 1756 542 atque
1805 459 2119 523 laborum.

898 787 969 846 X,
1033 789 1142 848 DE
1189 788 1580 849 CONSILIIS
1628 788 1826 860 SUIS,

658 872 1076 936 EXPOSITIO
1127 876 1674 937 CONSILIORUM
1721 875 2060 939 SUORUM.

492 1010 544 1073 l.
599 1008 728 1074 Dio
784 1009 1035 1077 Cassius
1089 1012 1411 1079 XXXIX
1450 1019 1534 1077 10
1577 1017 1843 1097 Καῖσαρ
1898 1010 2009 1076 καὶ
2055 1008 2379 1097 Κράσσος
2435 1034 2461 1073 5

352 1098 568 1182 ἄλλως
631 1103 753 1188 μὲν
816 1102 1113 1191 ἤχθοντο
1176 1111 1266 1198 τῷ
1324 1109 1690 1194 Κικέρωνι,
1756 1106 2059 1193 σπουδὴν
2116 1104 2179 1175 δ’
2242 1100 2375 1175 οὖν

351 1224 501 1265 τινα
556 1197 765 1268 αὐτοῦ
822 1207 1048 1289 ἔσχον,
1114 1201 1338 1289 ἐπειδὴ
1405 1203 1669 1282 πάντως
1721 1202 2103 1289 καθήξοντα
2158 1201 2373 1271 αὐτὸν

352 1293 679 1382 ᾔσθοντο·
732 1298 844 1364 καὶ
898 1297 1026 1384 γὰρ
1074 1297 1111 1368 ὁ
1159 1308 1427 1387 Καῖσαρ
1483 1300 1595 1367 καὶ
1641 1297 1832 1367 ἀπών
1889 1297 2163 1367 εὔνοιάν
2216 1325 2374 1366 τινα

352 1389 533 1484 αὐτῷ
581 1396 973 1475 ἐνεδείξατο·
1023 1393 1105 1463 οὐ
1152 1399 1378 1482 με’ντοι
1424 1396 1537 1463 καὶ
1581 1396 1778 1484 χάριν
1821 1393 2143 1481 οὐδεμίαν
2180 1393 2371 1464 άντέ-

351 1494 579 1574 λαβον.
657 1488 945 1572 Ἐκεῖνος
989 1491 1119 1581 γὰρ
1165 1493 1366 1561 τοῦτό
1413 1519 1484 1561 τε
1531 1491 1655 1561 οὐκ
1701 1490 1832 1561 άπὸ
1879 1492 2148 1578 γνώμης
2193 1497 2374 1579 σφᾶς
2403 1517 2457 1557 ιο

350 1587 786 1672 πεποιηκότας
817 1586 1012 1668 εἰδώς
1036 1589 1148 1656 καὶ
1175 1593 1291 1675 τῆς
1319 1593 1538 1675 φυγῆς
1567 1588 1994 1668 αἰτιωτάτους
2019 1592 2373 1674 γεγονέναι

352 1689 638 1768 νομίζων
686 1688 757 1753 ἐκ
802 1686 924 1771 μὲν
968 1690 1089 1753 τοῦ
1136 1690 1530 1773 προφανοῦς
1576 1685 1659 1754 οὐ
1703 1685 1885 1753 πάνυ
1919 1683 2086 1773 πρὸς
2124 1684 2373 1766 αὐτοὺς

354 1779 773 1867 ἐθρασύνατο
822 1780 936 1851 ἅτε
980 1782 1092 1850 καὶ
1134 1787 1271 1850 τῶν
1318 1786 1433 1868 τῆς
1479 1779 1774 1870 ἀκράτου
1818 1789 2188 1869 παρρησίας
2235 1786 2371 1851 ἐπι-

351 1882 650 1965 καρπιῶν
686 1879 925 1946 νεωστὶ
960 1880 1458 1968 πεπειραμένος,
1496 1884 1759 1965 βιβλίον
1798 1879 2023 1964 με’ντοι
2061 1904 2125 1946 τι
2163 1877 2373 1969 άπόρα

352 2001 556 2063 ρητον
594 1977 924 2062 συνέθηκε
958 1978 1070 2045 καὶ
1107 1977 1477 2065 ἐπέγραψεν
1510 1975 1689 2068 αὐτῷ
1730 1974 1818 2055 ὡς
1854 1976 1965 2043 καὶ
2001 1977 2177 2065 περὶ
2215 1982 2371 2045 τῶν
2403 2001 2457 2039 15

353 2077 661 2141 ἑαυτοῦ
726 2075 1333 2161 βουλευμάτων
1398 2073 1855 2160 ἀπολογισμόν
1919 2100 2070 2140 τινα
2131 2079 2370 2161 ἔχοντι.

352 2168 582 2238 Πολλὰ
633 2169 707 2237 δὲ
754 2168 837 2257 δὴ
883 2171 994 2237 καὶ
1041 2170 1229 2239 δεινὰ
1278 2175 1344 2252 ἐς
1390 2169 1553 2239 αὐτὸ
1600 2171 1712 2237 καὶ
1758 2170 1907 2258 περὶ
1946 2172 2218 2238 ἐκείνων
2255 2173 2370 2239 καὶ

352 2268 499 2355 περὶ
545 2265 766 2335 ἄλλων
812 2272 1018 2336 τινῶν
1065 2268 1391 2355 συνένησε
1436 2268 1547 2335 καὶ
1594 2265 1704 2334 διὰ
1763 2270 1959 2334 τοῦτο
2016 2273 2370 2354 φοβηθείς,

351 2364 440 2452 μὴ
478 2365 588 2432 καὶ
629 2368 866 2445 ζῶντος
903 2362 1114 2433 αὐτοῦ
1153 2365 1534 2454 ἐκφοιτήσῃ,
1571 2363 2067 2451 κατεσημήνατό
2100 2390 2171 2432 τε
2199 2362 2369 2432 αὐτὸ

350 2462 461 2528 καὶ
506 2461 846 2550 παρέδωκε
890 2466 982 2553 τῷ
1029 2463 1217 2529 παιδὶ
1263 2461 1633 2549 προστάξας
1675 2463 1744 2527 οἱ
1777 2458 1926 2546 μήτ’
1978 2458 2371 2546 ἀναγνῶναι
2401 2485 2461 2524 2⁰

352 2559 513 2646 μήτε
560 2562 995 2645 δημοσιεῦσαι
1040 2556 1119 2626 τὰ
1165 2557 1608 2646 γεγραμμένα,
1653 2557 1813 2644 πρὶν
1850 2553 1938 2625 ἄν
1980 2557 2372 2647 μεταλλάξῃ.

485 2660 542 2722 2.
578 2659 802 2723 Ascon.
847 2659 935 2722 ad
974 2663 1127 2722 orat.
1172 2660 1244 2722 in
1281 2664 1419 2741 toya
1455 2660 1630 2723 cand.
1655 2678 1722 2739 p.
1763 2663 1864 2721 74.
1899 2664 1982 2722 13
2015 2658 2100 2722 K.
2137 2663 2195 2723 et
2227 2658 2372 2725 Sch.

351 2746 572 2829 (supra
588 2768 656 2828 p.
681 2751 829 2812 260.
856 2746 978 2831 29)
1008 2745 1205 2829 ‘Diem
1231 2753 1445 2828 patres
1479 2747 1821 2827 conscripti,
1855 2748 2164 2827 superiore
2198 2754 2375 2812 nocte

351 2837 669 2901 cuiusdam
720 2835 987 2900 hominis
1036 2836 1261 2901 nobilis
1311 2873 1385 2882 —
1436 2837 1686 2900 domum
1732 2832 2071 2901 Catilinam
2129 2841 2187 2899 et
2229 2835 2369 2900 An-

352 2926 588 2990 tonium
622 2960 707 2972 —
744 2922 1122 2989 convenisse?
1165 2960 1239 2970 —
1282 2925 1420 2989 Aut
1453 2923 1518 2989 C.
1557 2922 1842 2988 Caesaris
1876 2928 1990 2987 aut
2018 2923 2116 2987 M.
2153 2922 2374 2988 Crassi
2401 2942 2460 2982 2⁵

350 3016 598 3078 domum
615 3014 939 3096 siynifiicat.
984 3013 1075 3076 Ei
1101 3013 1264 3077 enim
1286 3014 1573 3077 acerrimi
1591 3032 1665 3075 ac
1678 3012 2091 3093 potentissimi
2113 3013 2376 3091 fuerunt

353 3101 662 3168 Ciceronis
704 3103 1136 3183 refrayatores,
1180 3122 1318 3166 cum
1350 3102 1535 3184 petiit
1577 3101 1958 3165 consulatum
1971 3149 1988 3183 ,
2032 3101 2195 3181 quod
2236 3102 2375 3166 eius

351 3192 420 3255 in
474 3192 602 3256 dies
654 3191 891 3255 civilem
944 3209 1199 3254 crescere
1250 3190 1608 3272 diynitatem
1659 3189 2251 3266 animadvertebant;
2315 3194 2377 3253 et

348 3278 457 3342 hoc
499 3280 629 3361 ipse
664 3277 870 3343 Cicero
913 3279 984 3342 in
1029 3279 1397 3359 expositione
1440 3278 1833 3343 consiliorum
1876 3297 2131 3342 suorwm
2174 3278 2372 3359 siqni-

349 3367 509 3444 ficat.
571 3367 736 3431 Eius
771 3386 1003 3449 quoque
1045 3368 1506 3444 coniurationi&
1550 3386 1707 3447 quae
1744 3364 1922 3430 Cotta
1963 3370 2023 3430 et
2059 3366 2373 3446 Torquato
2404 3383 2463 3423 ³⁰

349 3471 493 3516 coss.
528 3459 670 3518 ante
704 3474 960 3537 annum,
1005 3474 1191 3535 quam
1226 3455 1373 3519 hacc
1407 3456 1762 3536 dicerentur,
1804 3454 1976 3534 facta
2010 3459 2100 3519 est
2129 3474 2173 3518 a
2200 3451 2374 3520 Cati-

352 3537 486 3600 Zina
528 3543 589 3602 et'
628 3540 877 3623 Pisone,
921 3544 1131 3623 aryuit
1172 3542 1267 3606 M.
1314 3541 1608 3608 Crassum
1653 3547 1958 3607 auctorem
1999 3543 2208 3623 fuisse.
