2630 3913
653 184 787 238 ΜΒ.
824 185 867 240 1.
943 184 1095 240 CAP.
1135 190 1361 239 33—35.
1436 189 1466 250 ς
1507 190 1800 239 121-127.
2126 184 2236 246 -43

231 347 665 433 temperantia
711 346 996 430 accessit,
1042 346 1276 431 duplex
1323 346 1566 410 malum
1613 350 1730 428 est,
1777 345 1947 430 quod
1992 349 2058 409 et
2095 346 2237 430 ipsa

232 441 526 501 senectus
583 434 852 500 dedecus
907 434 1186 519 concipit
1241 438 1306 499 et
1368 434 1526 499 facit
1582 434 2086 499 adulescentium
2145 434 2237 497 in-

230 524 678 609 pudentiorem
716 522 1297 606 intemperantiam.
1354 522 1450 587 Ac
1476 544 1556 586 ne
1584 522 1747 588 illud
1775 523 2031 606 quidem
2061 522 2210 586 alie·
2242 537 2341 586 124

228 634 387 677 num
416 616 534 696 est,
570 611 647 676 de
686 611 1208 696 magistratuum,
1245 611 1322 674 de
1362 611 1812 695 privatorumL
1850 610 1927 675 de
1954 609 2237 691 civium],

177 718 205 759 5
234 702 311 765 de
358 700 845 786 peregrinorum
890 698 1120 763 officiis
1176 699 1401 763 dicere.
1489 698 1613 764 Est
1658 698 1860 784 igitur
1905 697 2238 783 proprium

234 810 467 853 munus
541 788 992 873 magistratus)
1036 787 1413 871 intellegere
1479 808 1547 851 se
1611 808 1832 872 gerere
1895 807 2239 870 personam

232 877 519 942 civitatis
566 875 919 959 debereque
966 875 1100 938 eius
1149 874 1535 960 dignitatem
1574 880 1640 938 et
1677 874 1867 939 decus
1905 874 2238 957 sustinere,

233 987 491 1030 servare
537 965 734 1049 legeS,
778 963 919 1027 iura
964 962 1336 1046 discribere,
1382 985 1459 1026 ea
1501 962 1651 1027 fidei
1697 984 1849 1028 suae
1895 962 2239 1027 commissa

235 1053 621 1118 meminisse.
712 1051 1045 1115 Privatum
1100 1054 1318 1115 autem
1378 1054 1636 1135 oportet
1699 1072 1902 1134 aequo
1967 1054 2032 1114 et
2096 1050 2239 1134 pari

156 1162 207 1201 ιο
235 1164 381 1207 eum
418 1140 663 1205 civibus
701 1140 836 1204 iure
872 1139 1087 1204 vivere
1121 1160 1327 1222 neque
1366 1138 1778 1202 summissum
1816 1144 1881 1203 et
1918 1138 2238 1203 abiectum

233 1250 440 1314 neque
478 1250 546 1292 se
584 1227 985 1309 ecferentem,
1032 1230 1173 1291 tum
1207 1227 1276 1291 in
1312 1249 1382 1290 re
1426 1226 1687 1310 publica
1723 1248 1799 1290 ea
1843 1225 2037 1315 velles
2076 1247 2238 1310 quae

233 1316 589 1403 tranquilla
644 1320 709 1381 et
772 1315 1046 1380 honesta
1109 1315 1268 1398 sint3
1329 1315 1530 1378 talem
1595 1314 1764 1378 enim
1830 1314 2107 1378 solemus
2173 1318 2238 1376 et

235 1406 475 1471 sentire
511 1405 753 1469 bonum
790 1404 994 1468 civem
1031 1406 1097 1466 et
1124 1403 1349 1468 dicere.
1413 1402 1745 1488 Peregrini
1774 1406 1989 1466 autem
2019 1405 2211 1485 atque
2243 1414 2343 1466 125

233 1493 486 1559 incolae
524 1492 804 1557 officium
837 1495 941 1556 'est
976 1490 1139 1554 nihil
1166 1495 1425 1576 praeter
1453 1513 1640 1556 suum
1665 1491 2001 1575 negotium
2031 1511 2240 1574 agere,

158 1601 209 1642 25
235 1581 402 1647 nihil
457 1580 533 1645 de
590 1581 718 1644 alio
775 1578 1111 1664 anquirere
1167 1579 1553 1663 minimeque
1607 1600 1746 1644 esse
1800 1579 1869 1642 in
1915 1578 2127 1643 aliena
2171 1598 2240 1641 re

235 1669 498 1756 publica
561 1668 900 1733 curiosum.
989 1666 1094 1731 Ita
1149 1667 1283 1731 fere
1340 1667 1554 1732 officia
1606 1666 2032 1752 reperientur,
2097 1688 2241 1730 cum

236 1761 620 1845 quaeretur,
668 1756 820 1839 quid
875 1754 1125 1838 deceat,
1188 1759 1252 1819 et
1305 1756 1459 1839 quid
1511 1759 1736 1841 aptum
1791 1755 1878 1818 sit
1929 1753 2242 1840 personiS,

236 1845 637 1930 temporibus
647 1895 665 1928 ,
729 1844 1069 1908 aetatibus,
1158 1842 1343 1907 Nihil
1401 1847 1500 1908 est
1563 1847 1780 1908 autem
1784 1879 1816 1945 7
1872 1843 2041 1927 quod
2105 1847 2242 1906 tam

238 1934 458 2000 deceat
521 1954 714 2017 quam
748 1932 819 1997 in
854 1931 1030 1997 omni
1065 1953 1134 1996 re
1172 1931 1454 2018 gerenda
1491 1931 1886 2016 consilioque
1933 1930 2240 2017 capiendo

159 2042 211 2082 2⁰
241 2045 428 2089 serva
464 2044 498 2086 e
544 2020 994 2086 constantiam.

372 2108 495 2175 Sed
560 2110 862 2194 quoniam
925 2108 1222 2174 decorum
1284 2109 1445 2173 illud
1507 2110 1576 2173 in
1641 2110 1937 2174 omnibus
2005 2108 2214 2191 factiS,
2241 2078 2347 2205 '13256

238 2200 447 2281 dictiS,
482 2198 549 2263 in
587 2197 873 2282 corporis
912 2197 1182 2281 denique
1219 2201 1401 2262 motu
1439 2200 1504 2262 et
1536 2201 1713 2260 statu
1742 2197 2037 2274 cernitur,
2050 2195 2241 2279 idque

237 2286 523 2372 positum
571 2289 669 2350 est
713 2286 782 2350 in
826 2285 1036 2350 tribus
1082 2286 1272 2350 rebus
1275 2306 1332 2368 ,z
1355 2284 1787 2368 formositate,
1832 2285 2090 2367 ordine,
2144 2304 2244 2348 or·

237 2379 400 2440 natu
436 2375 519 2439 ad
555 2374 875 2438 actionem
913 2379 1087 2458 apto,
1124 2373 1493 2437 difficilibus
1532 2373 1613 2437 ad
1651 2371 2094 2456 eloquendum,
2132 2370 2242 2435 sed

161 2480 211 2521 2⁵
241 2463 403 2529 satis
442 2462 565 2527 erit
598 2462 913 2548 intellegi,
948 2463 1018 2526 in
1051 2461 1155 2526 his
1193 2465 1409 2526 autem
1446 2460 1655 2524 tribus
1693 2460 2058 2524 continetur
2091 2479 2244 2523 cura

241 2552 437 2617 etiam
483 2550 617 2634 illa,
662 2554 736 2614 ut
780 2551 1129 2634 probemur
1172 2549 1253 2613 iis
1319 2549 1698 2632 quibuscum
1740 2548 1911 2632 apud
1958 2566 2243 2630 quosque

241 2641 562 2721 vivamus»,
605 2638 709 2703 his
758 2659 1009 2721 quoque
1056 2638 1132 2701 de
1177 2660 1246 2702 re
1294 2660 1370 2702 us
1415 2659 1621 2722 pauca
1666 2636 1977 2701 dicantur.
2065 2634 2243 2699 Prin-

243 2728 409 2813 cipio
473 2726 762 2811 corporis
825 2726 1034 2791 nostri
1096 2748 1402 2811 magnam
1470 2730 1704 2790 natura
1777 2725 1922 2809 ipsa
1993 2724 2247 2789 videtur

241 2815 544 2880 habuisse
580 2815 919 2898 rationem,
965 2836 1127 2897 quae
1160 2814 1440 2879 formam
1475 2818 1792 2906 nostramr
1805 2813 2246 2897 reliquamque

160 2923 214 2961 ³0
242 2906 553 3006 figuram!
587 2904 656 2967 in
702 2924 829 2986 qua
875 2907 1046 2966 esset
1092 2903 1334 2985 species
1379 2902 1678 2985 honesta,
1727 2923 1869 2966 eam
1915 2901 2134 2985 posuit
2177 2899 2247 2962 in

241 2996 581 3077 promptu,
628 3012 788 3074 quae
833 2994 1054 3076 partes
1102 2993 1321 3054 autem
1366 2990 1676 3078 eorporis)
1702 2989 1784 3053 ad
1825 2993 2096 3053 naturae
2140 3009 2245 3050 ne-

242 3081 611 3146 cessitatem
657 3078 868 3168 datae⁷
893 3081 1225 3162 aspectum
1262 3082 1477 3142 essent
1514 3077 1868 3142 deformem
1903 3076 2245 3140 habiturae

242 3173 437 3252 atque
480 3167 758 3248 foedum,
805 3188 916 3231 eas
962 3166 1246 3231 contexit
1290 3169 1482 3251 atque
1529 3165 1791 3230 abdidit.
1880 3164 2066 3229 Hanc
2108 3184 2218 3226 na·
2251 3179 2348 3229 12¹1

241 3261 425 3322 turae
479 3261 617 3320 tam
672 3256 1049 3340 diligentem
1101 3254 1417 3319 fabricam
1462 3255 1719 3318 imitata
1765 3256 1865 3316 est
1908 3251 2244 3316 hominum

162 3362 213 3403 ³⁵
239 3343 639 3411 verecundia.
696 3342 872 3418 Quae
901 3343 1072 3408 enim
1097 3347 1333 3408 natura
1361 3342 1726 3423 occultavit,
1755 3342 1976 3405 eadem
2005 3360 2256 3442 omnes)

241 3433 351 3517 qui
397 3455 556 3499 sana
601 3436 815 3496 mente
862 3434 1049 3535 sunt,
1091 3435 1426 3495 removent
1472 3431 1553 3495 ab
1598 3429 1800 3495 oculis
1810 3428 2096 3520 ,ipsique
2140 3449 2244 3492 ne·

239 3521 531 3587 cessitati
587 3521 742 3585 dant
797 3541 1058 3605 operam
1104 3523 1178 3585 ut
1228 3541 1422 3603 quam
1470 3518 1900 3584 occultissime
1947 3520 2245 3603 pareant3
