2630 3913
793 176 1239 232 ORATIONUM.
1280 177 1342 228 A.
1385 176 1485 228 VII
1522 181 1746 229 25—31.
2139 173 2267 237 249

346 340 633 405 contione.
706 339 853 403 Ideo
898 339 1102 402 ceteris
1146 340 1412 418 peractis
1455 358 1593 401 cum
1647 338 1715 401 id
1746 337 1943 401 solum
1986 342 2269 418 superest,

346 433 418 492 ut
459 428 726 511 populus
779 428 1137 491 sententiam
1186 425 1374 508 ferat,
1440 426 1601 489 iubet
1650 446 1786 489 eum
1840 427 1919 504 is,
1984 426 2092 506 qui
2147 426 2271 505 fert

349 517 547 599 leqerm
591 516 915 589 discedere,·
962 515 1124 595 quod
1164 514 1409 577 verbum
1444 534 1568 577 non
1603 512 1712 577 hoc
1746 514 2066 595 siqnifiieat,
2111 515 2272 594 quod

347 606 418 669 in
460 606 767 670 communi
810 603 1267 679 consuetudine,
1327 608 1396 665 ut
1448 603 1669 665 abeant
1720 601 1791 665 de
1841 622 1908 665 eo
1962 602 2111 677 Ζοοο,
2164 602 2269 665 ubi

209 712 234 751 5
350 694 445 757 lex
492 694 759 774 feratur,
812 693 917 756 sed
966 696 1037 755 ut
1087 692 1156 754 in
1199 711 1380 754 suam
1423 692 1673 771 quisque
1718 690 1943 754 tribum
1988 691 2271 772 discedat,

349 783 419 845 in
460 802 584 863 qua
626 785 716 845 est
756 779 1126 861 suffraqium
1173 780 1430 843 laturus.

995 880 1267 935 PAULO
1306 880 1534 933 POST.-

395 957 497 1021 30.
570 955 787 1021 Unum
859 960 1104 1038 tamen,
1179 954 1348 1037 quod
1420 953 1542 1017 hoc
1614 952 1757 1037 ipso
1831 957 1910 1017 tr.
1983 955 2070 1038 pl.
2142 955 2269 1019 fac·

263 1049 404 1109 tum
450 1048 576 1126 est,
629 1044 1273 1128 praetermittendum
1328 1064 1459 1105 non
1514 1041 1793 1124 videtur3
1847 1064 2052 1125 neque
2100 1044 2269 1105 enim

188 1153 238 1193 ιο
266 1133 473 1198 maius
528 1137 629 1195 est
690 1131 905 1216 legere
968 1132 1278 1210 codicem,
1342 1152 1487 1194 cum
1549 1130 2011 1211 intercedatur‚
2077 1153 2270 1214 quam

266 1221 547 1287 sitellam
594 1220 807 1303 ipsum
854 1219 932 1282 de
985 1220 1128 1304 ipso
1185 1220 1607 1282 intercessore
1664 1217 1910 1281 deferre
1967 1240 2081 1283 nec
2129 1239 2271 1303 gra-

264 1309 407 1374 vius
470 1308 749 1392 incipere
812 1306 981 1371 ferre
1047 1330 1239 1391 quam
1302 1305 1587 1390 perferre
1650 1328 1767 1370 nec
1830 1306 2272 1370 vehementius

268 1397 602 1461 ostendere
657 1417 725 1459 se
781 1396 1064 1459 laturum
1118 1396 1323 1459 invito
1388 1395 1640 1480 collega
1706 1416 1899 1477 quam
1960 1394 2088 1478 ipsi
2144 1396 2270 1459 col-

266 1486 453 1570 legae
515 1484 973 1570 magistratum
1038 1486 1355 1569 abrogare
1418 1504 1534 1547 nec
1599 1482 2005 1546 criminosius
2060 1483 2272 1547 tribus

188 1592 238 1631 15
268 1574 347 1638 ad
405 1574 614 1658 legem
669 1572 1102 1657 accipiendam
1150 1594 1344 1655 quam
1391 1572 1472 1635 ad
1519 1571 1837 1655 collegam
1884 1572 2273 1635 reddendum

262 1661 590 1747 privatum
632 1661 808 1725 intro
857 1682 1111 1743 vocare3
1173 1682 1337 1744 quae
1383 1660 1484 1723 vir
1528 1658 1716 1723 fortis
1763 1658 1955 1723 huius
2002 1660 2274 1744 collega,

264 1750 341 1814 A.
373 1748 705 1831 Gabiniu8‚
749 1751 819 1813 in
855 1771 924 1814 re
962 1749 1211 1834 optima
1245 1748 1401 1813 fecit
1437 1748 1680 1828 omnia3
1724 1769 1950 1830 neque,
1996 1770 2139 1811 cum
2179 1769 2274 1811 sa-

264 1839 466 1903 lutem
512 1839 755 1922 populo
802 1837 1099 1901 Romano
1148 1840 1342 1920 atque
1390 1836 1688 1900 omnibus
1737 1836 2038 1921 gentibus
2080 1836 2275 1900 finem

266 1927 603 1992 diuturnae
634 1926 1062 2011 [cupiditatis]
1093 1924 1513 2010 turpitudinis
1543 1927 1607 1988 et
1638 1924 1970 1990 servitutis
2000 1925 2275 2010 afferret,

187 2035 238 2073 20
267 2037 498 2100 passus
554 2018 654 2080 est
706 2016 852 2098 plus
911 2015 1100 2078 unius
1166 2015 1456 2099 collegae
1520 2014 1620 2077 sui
1683 2034 1876 2096 quam
1941 2014 2278 2078 universae

270 2103 556 2168 civitatis
602 2124 825 2167 vocem
869 2104 1066 2166 valere
1111 2107 1177 2166 et
1221 2103 1642 2167 voluntatem.

489 2190 902 2269 Manifestum
948 2196 1037 2254 est
1080 2192 1151 2254 de
1194 2211 1266 2254 ea
1310 2192 1432 2272 leqe
1467 2189 1700 2255 Gabini
1735 2188 2078 2256 Ciceronem
2113 2212 2282 2255 nune

359 2278 567 2357 dicere,
602 2298 727 2359 qua
764 2276 873 2342 Gn.
900 2278 1187 2358 Pompeio
1223 2279 1440 2342 bellum
1477 2280 1764 2344 adversus
1788 2281 2038 2360 piratas
2063 2280 2277 2343 datum

359 2370 460 2430 est.
522 2365 597 2430 L.
632 2369 837 2430 autem
876 2366 1207 2431 Trebellius
1240 2371 1330 2431 est
1364 2367 1644 2431 tribunus
1678 2366 1890 2448 plebis,
1935 2387 2110 2448 quem
2152 2387 2278 2431 non

190 2472 243 2511 25
358 2454 670 2530 nominat;
732 2474 849 2534 quo
899 2460 1319 2536 perseverante
1381 2455 1736 2520 intercedere
1796 2455 1976 2536 (nam
2036 2457 2280 2519 senatui

346 2543 721 2624 promiserat
760 2545 1129 2607 moriturum
1172 2563 1235 2607 se
1273 2548 1431 2626 ante,
1474 2563 1662 2625 quam
1694 2544 1810 2607 illa
1845 2544 1942 2608 lex
1974 2545 2276 2625 perferre-

358 2631 491 2713 tur)
535 2631 699 2695 intro
753 2651 962 2696 vocare
1006 2631 1201 2695 tribus
1246 2630 1553 2696 Gabinius
1597 2633 1810 2715 coepit,
1866 2637 1938 2696 ut
1986 2632 2279 2697 Trebellio

357 2719 788 2801 maqistratum
840 2721 1183 2802 abroqaret‚
1240 2722 1399 2784 sicut
1448 2721 1757 2801 quondam
1813 2721 1908 2785 Ti.
1965 2720 2279 2785 Gracchus

359 2807 642 2872 tribunus
694 2807 791 2871 M.
848 2807 1093 2872 Octavio
1146 2808 1401 2889 colleqae
1451 2829 1560 2873 suo
1622 2809 2050 2889 maqistratum
2103 2810 2276 2873 abro-

175 2913 242 2953 ω
352 2896 540 2978 pavit.
605 2895 697 2959 Et
728 2896 1115 2976 aliquamdiu
1154 2896 1487 2960 Trebellius
1529 2916 1602 2960 ea
1645 2917 1712 2960 re
1751 2916 1879 2960 non
1919 2898 2279 2977 perterritus

359 2985 573 3048 aderat
593 2984 1023 3065 perstabatque
1057 2985 1127 3047 in
1160 2984 1592 3066 intercessione,
1628 2985 1789 3065 quod
1813 2986 2048 3048 minari·
2081 2987 2278 3066 maqis

356 3092 543 3153 quam
577 3078 1105 3154 perseveraturum
1149 3092 1270 3137 esse
1306 3072 1646 3137 Gabinium
1681 3072 2098 3136 arbitrabatur
2109 3094 2130 3149 ;
2176 3073 2282 3137 sed

348 3165 675 3241 postquam
728 3160 801 3224 X
848 3165 905 3224 et
961 3160 1103 3223 VII
1148 3161 1342 3225 tribus
1393 3162 1764 3243 roqationem
1817 3165 2171 3242 acceperunt
2223 3165 2281 3224 et

358 3268 490 3312 una
514 3249 689 3312 modo
715 3253 1043 3329 supererat,
1078 3254 1150 3312 ut
1171 3249 1392 3330 populi
1426 3250 1662 3314 iussum
1687 3249 2009 3329 conficeret,
2042 3250 2281 3314 remisit

186 3353 240 3394 ss
358 3337 838 3402 intercessionem
886 3336 1233 3413 Trebellius,
1279 3341 1458 3419 atque
1500 3339 1590 3400 ita
1637 3337 1817 3417 leqem
1855 3335 2163 3402 Gabinius
2208 3339 2281 3402 de

352 3425 582 3507 piratis
614 3425 1043 3505 persequendis
1075 3425 1347 3506 pertulit.

405 3513 507 3576 31.
555 3512 647 3575 At
693 3514 862 3576 enim
911 3513 987 3577 de
1033 3512 1412 3598 corrigenda
1457 3514 1600 3598 lege
1647 3513 2052 3576 rettulerunt.
