2630 3913
897 205 1314 259 PHILOSOPH.
1352 205 1410 259 F.
1449 207 1473 259 I
1512 213 1700 262 5-11,
2178 208 2304 271 309

286 367 749 450 propuqnacula
779 372 1304 449 praepararentur
1339 388 1385 431 e.
1418 388 1472 449 q.
1508 387 1555 432 s.
1592 368 1670 451 (5
1708 369 1779 451 7)
1815 368 1989 432 Haec
2026 370 2094 432 in
2135 368 2305 434 Oeco-

291 458 515 521 nimico
560 455 902 537 Xenophon
945 460 1003 519 et
1043 457 1255 520 deinde
1289 454 1512 532 Cicero,
1556 458 1664 536 qui
1697 476 1835 520 eum
1869 456 2138 521 Latinae
2172 477 2306 522 con·

289 544 603 610 suetudini
647 544 930 619 tradidit,
976 563 1100 607 non
1144 544 1446 607 inutiliter
1490 545 1920 608 disseruerunt.
2072 569 2077 576 ·

432 632 528 695 10.
584 630 817 696 Colum.
871 629 1032 695 XII
1074 634 1137 696 2.
1192 636 1398 695 6—3.
1444 636 1487 695 4
1541 631 1738 712 (Xen.
1793 638 1851 696 9.
1897 633 2155 710 6-10)
2208 632 2308 697 De

240 737 267 777 5
292 720 511 801 quibus
556 720 835 784 omnibus
869 719 964 783 M.
995 717 1198 784 Cicero
1234 721 1656 784 auctoritatem
1692 719 2112 801 Xenophontis
2146 740 2305 785 secu—

294 814 392 873 tus
444 809 515 872 in
572 806 956 873 Oeconomico
1009 808 1098 872 sic
1159 808 1398 871 inducit
1448 805 1911 872 Ischomachum
1972 809 2306 873 sciscitanti

294 896 536 960 Socrati
577 900 968 960 narrantem:
1029 895 1434 976 Praeparatis
1477 896 1709 960 idoneis
1754 897 1900 961 locis
1943 898 2305 961 instrumen-

297 990 427 1048 tum
470 988 528 1048 et
568 984 991 1066 supellectilem
1033 983 1392 1048 distribuere
1435 986 1752 1064 coepimus,
1802 1005 1876 1049 ac
1915 987 2191 1064 primum
2234 1005 2307 1049 ea

294 1073 679 1149 secrevimus,
741 1072 959 1152 quibus
1010 1072 1096 1136 ad
1145 1091 1242 1135 res
1293 1072 1538 1136 divinas
1599 1074 1695 1135 uti
1754 1072 2039 1154 solemus,
2094 1079 2307 1153 postea

218 1179 269 1217 10
295 1160 597 1223 mundum
631 1160 999 1237 muliebrem
1034 1161 1142 1240 qui
1167 1160 1253 1223 ad
1275 1160 1404 1223 dies
1434 1158 1622 1239 festos
1646 1165 2057 1242 comparatur,
2092 1162 2308 1225 deinde

295 1247 384 1311 ad
423 1247 578 1311 bella
621 1247 887 1329 virum,
946 1248 1089 1311 item
1141 1248 1381 1311 dierum
1431 1248 1817 1313 sollemnium
1869 1253 2158 1313 ornatum
2201 1268 2308 1312 nec

296 1336 505 1399 minus
548 1335 944 1400 calciamenta
986 1336 1227 1418 utrique
1268 1337 1445 1401 sexui
1496 1338 1938 1411 convenientia,·
1994 1341 2124 1400 tum
2178 1336 2308 1399 iam

295 1442 568 1487 seorsum
629 1443 813 1487 arma
872 1444 946 1487 ac
1001 1425 1118 1488 tela
1170 1424 1607 1505 seponebantur
1659 1431 1717 1488 et
1766 1426 1837 1488 in
1887 1425 2084 1489 altera
2130 1429 2309 1505 parte

297 1512 731 1595 instrumenta,
783 1511 1000 1593 quibus
1051 1513 1137 1576 ad
1179 1513 1457 1594 lanificia
1498 1517 1773 1577 utuntur.
1863 1512 2036 1589 Post,
2090 1512 2308 1594 quibus

220 1616 270 1656 15
297 1600 385 1664 ad
425 1599 625 1663 cibum
668 1601 1150 1681 comparandum
1192 1602 1358 1665 vasis
1399 1602 1495 1665 uti
1538 1601 1829 1683 assolent,
1872 1600 2306 1666 constitueban—

299 1692 427 1763 tur,
480 1689 647 1771 inde,
700 1708 857 1769 quae
907 1689 993 1752 ad
1044 1689 1434 1771 lavationem,
1497 1709 1652 1770 quae
1705 1691 1791 1754 ad
1840 1690 2308 1765 aomatwnm,

297 1796 452 1856 quae
495 1777 581 1840 ad
621 1796 897 1842 mensam
931 1778 1303 1842 cotidianam
1339 1782 1519 1877 atque
1553 1777 1956 1858 epulationem
1982 1778 2309 1859 pertinent,

297 1864 763 1945 exponebantur.
826 1863 1047 1929 Postea
1081 1884 1157 1929 ex
1195 1866 1293 1942 iiS,
1339 1865 1555 1946 quibus
1599 1866 1812 1930 cotidie
1854 1867 2108 1948 utimur,
2150 1865 2312 1947 quod

297 1958 679 2017 menstruum
729 1959 901 2032 esset,
952 1954 1354 2035 seposuimus,
1413 1974 1694 2018 annuum
1745 1975 1981 2036 quoque
2034 1956 2102 2019 in
2154 1955 2310 2019 duos

219 2058 272 2099 zo
292 2045 503 2122 partes
547 2042 900 2118 divisimus,·
947 2062 1097 2105 nam
1139 2043 1229 2106 sic
1271 2042 1480 2106 minus
1519 2043 1706 2125 fallit,
1748 2044 1859 2124 qui
1901 2043 2099 2108 exitus
2138 2042 2310 2123 futu-

297 2147 410 2191 rus
444 2128 540 2192 sit.
603 2127 780 2193 Haec
803 2134 1131 2210 postquam
1166 2131 1377 2194 omnia
1409 2132 1781 2213 secrevimus,
1824 2136 1954 2194 tum
1988 2150 2099 2195 suo
2133 2151 2311 2212 quae·

297 2235 414 2296 que
458 2216 580 2279 loco
613 2217 1054 2297 disposuimus,·
1100 2219 1330 2294 deinde,
1374 2218 1593 2299 quibus
1627 2219 1841 2283 cotidie
1873 2219 2098 2283 servuli
2132 2225 2310 2282 utun-

303 2308 421 2384 tur,
466 2323 621 2383 quae
664 2305 751 2367 ad
791 2304 1086 2384 lanificia,
1130 2326 1285 2385 quae
1328 2307 1414 2369 ad
1455 2307 1691 2370 cibaria
1734 2308 2041 2386 coquenda
2085 2311 2142 2370 et
2173 2326 2309 2370 con-

299 2392 562 2472 ficienda
586 2392 909 2473 pertinent,
945 2392 1090 2456 haec
1123 2394 1289 2474 ipsis,
1327 2395 1433 2474 qui
1470 2395 1550 2458 iis
1584 2395 1678 2458 uti
1699 2394 1907 2475 solent,
1944 2394 2312 2458 tradidimus

220 2496 275 2537 25
302 2484 383 2562 et,
438 2479 548 2543 ubi
590 2500 663 2542 ea
703 2485 1008 2560 ponerent,
1052 2482 1597 2546 demonstravimus
1641 2487 1720 2559 et,
1772 2487 1845 2546 ut
1886 2482 2059 2545 salva
2103 2487 2313 2564 essent,

290 2568 731 2647 praecepimus.
796 2567 1029 2647 Quibus
1063 2574 1267 2633 autem
1302 2571 1389 2634 ad
1421 2571 1547 2635 dies
1577 2570 1762 2649 festos
1796 2575 1854 2633 et
1887 2571 1972 2634 ad
2007 2570 2312 2651 hospitum

301 2656 627 2719 adventum
654 2657 890 2720 utimur
915 2658 1081 2720 etad
1107 2659 1409 2737 quaedam
1444 2678 1598 2721 rara
1631 2659 1887 2741 neyotia,
1922 2657 2067 2722 haec
2090 2677 2311 2740 promo

303 2744 674 2808 tradidimus
716 2748 775 2808 et
817 2745 946 2809 loca
982 2746 1257 2810 omnium
1292 2747 1837 2810 demonstravimus
1871 2751 1929 2810 et
1962 2749 2172 2811 omnia
2206 2748 2312 2811 ad-

300 2833 760 2897 numeravimus
790 2838 969 2914 atque
1002 2835 1411 2898 adnumerata
1445 2835 1565 2915 ipsi
1600 2835 2031 2914 eoescripsimus
2065 2855 2314 2915 eumque

220 2935 277 2974 ⁸⁰
302 2920 753 2997 admonuimus,
778 2925 864 2997 ut,
895 2922 1304 3002 quodcumque
1331 2942 1480 3002 opus
1515 2927 1677 3004 esset,
1710 2923 1905 3003 sciret,
1940 2924 2100 2986 unde
2125 2924 2313 2999 daret,

301 3011 360 3070 et
401 3008 770 3073 meminisset
802 3014 983 3090 atque
1015 3010 1351 3086 adnotaret,
1395 3010 1547 3090 quid
1587 3014 1645 3073 et
1686 3010 1930 3091 quando
1975 3014 2032 3073 et
2075 3011 2175 3072 cui
2219 3011 2312 3074 de-

301 3095 508 3177 disset,
554 3100 636 3173 et,
686 3116 822 3160 cum
865 3098 1197 3178 recepisset,
1249 3102 1322 3160 ut
1362 3098 1625 3178 quidque
1666 3117 1775 3162 suo
1823 3098 1946 3161 loco
1990 3102 2312 3178 reponeret.

440 3184 535 3246 11.
593 3180 824 3248 Colum.
878 3184 996 3248 XI
1040 3190 1095 3248 1.
1149 3187 1190 3249 5
1244 3184 1444 3266 (Xen.
1498 3190 1598 3249 12.
1652 3184 1725 3268 3)
1786 3185 1872 3248 In
1929 3183 2313 3250 Oeconomico

301 3270 737 3355 Xenophontis,
771 3292 947 3353 quem
982 3272 1078 3337 M.
1107 3271 1311 3337 Cicero
1337 3273 1567 3337 Latino
1603 3274 1869 3337 sermoni
1905 3274 2177 3351 tradidit,
2217 3275 2314 3338 vir

218 3374 275 3417 οε
302 3359 572 3440 eyreqius
614 3360 720 3424 ille
760 3358 1190 3425 Ischomachus
1233 3361 1630 3426 Atheniensis
1673 3366 1920 3444 roqatus
1964 3382 2005 3425 a
2050 3359 2313 3440 Socrate,

299 3451 615 3525 utrunme,
667 3448 728 3512 si
768 3468 866 3513 res
904 3447 1251 3529 familiaris
1291 3450 1709 3532 desiderasset,
1761 3451 2024 3514 mercari
2066 3451 2315 3516 vilicum

302 3538 616 3615 tamquam
646 3535 899 3615 fabrum
934 3557 1021 3601 an
1054 3538 1185 3618 ipse
1219 3538 1534 3601 instituere
1560 3538 1959 3602 consueverit:
1996 3538 2133 3623 qu
2159 3559 2314 3616 vero,
