2630 3913
289 187 416 251 286
1053 189 1505 244 FRAGMENTA

285 371 415 413 non
442 349 724 434 honoris,
753 350 866 416 sed
892 351 1105 416 oneris
1134 373 1274 415 esse
1303 351 1715 415 existimavit.
1743 387 1829 396 —-
1859 349 2106 415 Charis.
2126 350 2302 415 11⁷4

282 459 342 520 p.
360 442 570 522 2821
587 440 751 504 Keil.
798 440 1249 504 Paronomasia
1266 445 1370 522 est,
1395 460 1533 504 cum
1551 441 1732 503 dictio
1758 440 2034 516 iteratur,
2061 444 2305 504 mutata

286 532 492 591 tamen
517 534 630 591 aut
656 529 855 592 littera
881 533 996 592 aut
1023 529 1274 610 syllaba,
1309 533 1384 592 ut
1405 530 1574 609 apud
1600 526 1976 593 Ciceronem:
2015 526 2139 601 Qui
2173 527 2302 591 fuit

286 614 468 680 lucus
514 615 1063 701 religiosissimus,
1105 638 1275 681 nune
1322 616 1446 680 erit
1482 616 1661 680 locus
1699 615 2175 680 desertissimus
2208 621 2299 680 et:

287 701 627 768 Custodire
674 725 928 769 sacrum
971 726 1104 769 non
1148 704 1434 782 honoriS,
1479 705 1593 769 sed
1638 703 1850 767 oneris
1896 725 2036 768 esse
2084 703 2299 769 existi·
2365 725 2396 767 ε

287 792 589 857 mabitur.
644 829 732 838 —-
785 792 1059 858 Diomed.
1113 793 1204 857 II
1236 814 1304 875 p.
1361 797 1506 858 446.
1559 798 1644 858 16
1695 791 2150 857 Paronomasia
2206 795 2301 875 fit,

285 900 423 943 cum
467 881 649 945 dictio
693 881 969 965 iteratur,
1010 887 1252 946 mutata
1297 885 1500 945 tamen
1534 885 1647 945 aut
1680 882 1884 945 littera
1917 885 2033 945 aut
2061 880 2301 963 syllaba

293 1004 366 1013 —
418 970 591 1049 apud
630 968 1007 1034 Ciceronem:
1068 969 1191 1045 Qui
1233 968 1363 1033 fuit
1407 969 1587 1033 lucus
1634 968 2190 1054 religiosissimuS,
2238 970 2297 1034 is

286 1056 411 1120 erit
474 1057 653 1122 loeus
719 1058 1192 1123 desertissimus
1246 1063 1334 1121 et:
1400 1055 1708 1122 Custodia
1770 1079 2102 1122 sacrorum
2163 1078 2299 1122 non

284 1144 551 1209 honoris
563 1196 583 1229 ,
636 1145 751 1211 sed
803 1147 1017 1212 oneris
1072 1146 1566 1210 existimabitur.
1610 1180 1696 1192 --
1741 1146 1998 1210 Marius
2055 1146 2300 1212 Plotius
2334 1169 2395 1209 ιο

285 1232 580 1299 Sacerdos
605 1234 655 1298 I
684 1255 946 1318 yramm.
989 1235 1102 1300 vol.
1143 1234 1245 1299 VI
1267 1256 1337 1317 p.
1381 1237 1524 1299 458.
1571 1238 1655 1299 18
1697 1233 2152 1300 Par-onomasia
2193 1240 2301 1317 est,

284 1342 423 1385 cum
465 1324 727 1387 iteratur
769 1325 951 1388 dictio
997 1323 1215 1388 litteris
1247 1324 1342 1388 vel
1374 1322 1627 1404 syllabis
1670 1323 1997 1388 demutatis
2034 1359 2140 1405 —-,
2173 1324 2294 1405 syl-

287 1411 460 1490 labis,
506 1416 577 1474 ut
612 1411 847 1476 Cicero:
892 1410 1061 1475 Nam
1111 1410 1223 1495 qui
1255 1431 1426 1475 nunc
1462 1413 1562 1475 est
1597 1410 1779 1475 locus
1816 1409 2298 1495 disertissimus,

287 1499 411 1562 erit
457 1499 636 1563 locus
684 1500 1177 1564 desertissimas.

417 1588 477 1651 2.
535 1588 740 1666 Quint.
794 1587 906 1652 IX
955 1592 1158 1653 2.18
1221 1587 1548 1651 Verborum
1608 1607 1841 1669 quoque
1888 1588 1985 1653 m‘s
2034 1608 2109 1653 ac
2147 1609 2296 1669 pro·
2333 1609 2390 1650 15

277 1677 512 1756 prietas
555 1678 952 1756 confirmatur
983 1677 1514 1757 praesumptione:
1561 1674 1966 1759 Quamquam
2010 1675 2130 1740 illa
2164 1698 2297 1741 non

285 1785 519 1847 poena,
558 1762 670 1827 sed
704 1763 1060 1846 prohibitio
1106 1763 1366 1829 sceleris
1401 1762 1546 1828 fuit.
1584 1800 1666 1810 -—
1709 1762 2054 1829 ,Tullium'
2094 1770 2296 1830 testem

284 1853 566 1915 nominat
605 1851 930 1933 Rufinian.
974 1856 1059 1917 14
1091 1874 1157 1934 p.
1203 1856 1309 1918 42.
1354 1857 1455 1917 30.

418 1940 477 2004 3.
518 1938 725 2020 Quint.
764 1939 866 2005 VI
890 1945 949 2006 3.
985 1945 1072 2006 48
1106 1939 1311 2006 Paene
1353 1945 1412 2005 et
1450 1941 1657 2023 ipsum
1697 1941 1954 2007 scurrile
1989 1939 2294 2007 Ciceronis

286 2033 373 2093 est
409 2030 479 2093 in
516 2064 598 2074 —
636 2028 1020 2094 Isauricum:
1065 2029 1284 2112 Miror,
1333 2029 1487 2113 quid
1528 2029 1633 2112 sit,
1679 2029 1852 2113 quod
1894 2032 2083 2114 pater
2125 2033 2289 2112 tuus,
2316 2049 2377 2090 κο

285 2117 483 2181 homo
539 2117 1131 2202 constantissimus,
1193 2121 1259 2182 te
1323 2118 1512 2183 nobis
1566 2118 1819 2182 varium
1873 2117 2154 2201 reliquit.
2209 2153 2286 2166 —

296 2205 365 2271 V.
409 2206 587 2285 infra
632 2205 710 2271 G.
755 2208 790 2270 b
854 2211 911 2271 6.

417 2295 479 2358 4.
528 2293 734 2374 Quint.
778 2294 894 2359 IX
934 2300 993 2360 3.
1038 2297 1129 2360 42
1172 2295 1257 2358 In
1301 2295 1492 2360 isdem
1538 2295 1850 2360 sententiis
1893 2293 2294 2360 crebrioribus

285 2388 527 2447 mutata
578 2383 1080 2448 declinationibus
1131 2383 1450 2448 iteratione
1512 2383 1830 2448 verborum
1881 2381 1986 2464 (sit
2034 2379 2293 2465 πλοκή),

285 2477 356 2535 ut
404 2508 477 2517 —
537 2473 709 2554 apud
759 2470 1135 2537 Ciceronem:
1189 2469 1417 2554 Neque
1472 2470 1641 2534 enim
1696 2473 2002 2555 poterant
2055 2470 2292 2535 iudicio
2323 2488 2385 2531 25

287 2563 353 2623 et
396 2559 467 2623 hi
513 2559 831 2642 damnari,
879 2559 991 2642 qui
1033 2558 1422 2623 iudicabant.

418 2647 477 2731 5,
515 2649 573 2712 6.
613 2648 819 2727 Quint.
855 2647 970 2711 IX
999 2650 1062 2712 2.
1099 2651 1188 2711 47
1225 2646 1538 2725 Quaedam
1567 2666 1791 2727 ,qenera
1833 2645 2018 2712 huius
2057 2647 2294 2729 fiyurae

286 2733 684 2819 (εἰρωνείας)
719 2735 961 2799 nullam
996 2755 1135 2799 cum
1170 2736 1363 2816 tropis
1404 2734 1626 2798 habent
1664 2735 2020 2817 societatem,
2063 2740 2135 2799 ut
2177 2735 2294 2799 illa

285 2825 495 2890 statim
538 2826 777 2905 prima,
830 2844 985 2905 quae
1027 2824 1270 2887 ducitur
1321 2844 1363 2885 a
1414 2824 1717 2905 neyandO,
1769 2843 1957 2905 quam
2007 2823 2294 2887 nonnulli

286 2908 690 2995 ἄντίφρασιν
744 2917 988 2976 vocant:
1044 2947 1126 2956 -
1184 2910 1378 2975 Mitto
1431 2911 1616 2974 illam
1669 2911 1947 2995 primam
2003 2911 2293 2975 libidinis
2324 2931 2391 2972 so

285 3001 588 3066 iniuriam
641 3005 724 3064 et:
778 2998 878 3064 Ne
932 3000 1050 3063 illa
1105 2999 1358 3083 quidem
1418 2999 1792 3063 testimonia
1845 2999 2074 3083 recito,
2130 3020 2292 3082 quae

287 3090 459 3155 dieta
503 3093 656 3154 sunt
700 3088 777 3153 de
821 3086 933 3152 HS
981 3088 1289 3154 sescentis
1338 3088 1616 3152 milibus,

421 3178 627 3243 7-9,
677 3177 882 3256 Quint.
927 3176 1044 3242 IX
1080 3180 1145 3243 2.
1190 3180 1272 3242 59
1289 3196 1375 3258 sq.
1446 3176 1610 3241 Sunt
1659 3181 1717 3240 et
1766 3176 1882 3241 illa
1925 3176 2196 3241 iucunda
2237 3180 2298 3240 et

283 3268 371 3332 ad
401 3267 974 3330 commendationem
1009 3286 1147 3330 oum
1180 3266 1488 3343 varietate,
1526 3271 1656 3329 tum
1689 3265 1875 3329 etiam
1898 3266 2038 3346 ipsa
2063 3268 2294 3329 natura

276 3354 620 3433 plurimum
644 3360 926 3435 prosunt,
963 3374 1119 3435 quae
1150 3354 1486 3435 simplicem
1519 3355 1833 3435 quandam
1865 3358 1924 3418 et
1955 3373 2081 3417 non
2104 3372 2290 3435 prae-
2322 3371 2388 3413 35

282 3445 573 3518 paratam
608 3443 963 3506 ostendendo
998 3443 1333 3507 orationem
1370 3442 1577 3506 minus
1610 3462 1723 3506 nos
1760 3446 2058 3523 suspectos
2100 3442 2294 3505 iudici

283 3526 540 3602 faciunt.
628 3528 802 3591 Hinc
844 3533 932 3592 est
977 3565 1078 3610 —‚
1123 3550 1261 3594 cum
1303 3550 1588 3610 quaerere
1629 3550 1759 3607 nos,
1804 3531 1956 3611 quid
1996 3530 2291 3612 dicamus,
