2630 3913
696 233 1118 287 POEMATUM.
1156 234 1224 286 H.
1264 234 1340 287 lv
1376 251 1411 286 a
1446 253 1496 287 v.
1537 241 1640 288 467
1662 267 1690 273 -
1717 241 1836 288 538.
2152 236 2278 298 375

268 395 654 480 Inponitque
700 395 897 479 pedes
944 394 1229 478 duplices
1275 395 1526 478 Equus3
1574 399 1639 458 et
1686 396 1877 458 simul
1928 397 2084 461 Ales

267 484 456 547 Ponit
504 483 643 547 avis
691 487 887 566 caput
932 486 998 547 et
1044 482 1285 546 clinato
1335 505 1601 566 corpore
1648 487 1908 567 tergum
2179 502 2277 549 505

119 580 248 637 260
269 571 713 658 Anguitenens
760 571 999 634 umeris
1048 571 1386 654 conititur3
1431 572 1550 634 illa
1595 573 1895 636 recedens

268 660 582 723 Austrum
629 659 1043 742 consequitur
1090 659 1384 722 devitans
1432 681 1699 742 corpore
1745 658 1969 744 Virgo.

269 749 361 811 At
407 769 556 811 vero
604 751 819 811 totum
867 747 1152 830 spatium
1199 747 1557 811 convestiet
1605 747 1780 811 orbis

264 833 541 921 Magnus
587 835 720 899 Leo
768 839 832 899 et
878 836 1053 899 claro
1102 836 1443 899 conlucens
1490 836 1731 899 lumine
1779 834 2051 918 Cancer,
2134 855 2138 858 ⁴

265 923 343 986 In
391 945 516 1006 quo
565 923 924 988 consistens
973 923 1291 987 convertit
1339 923 1725 987 curriculum
1775 921 1885 987 Sol
2178 939 2278 988 510

117 1019 243 1077 265
268 1010 575 1075 Aestivus
622 1011 833 1074 medio
882 1011 1287 1096 distinguens
1336 1033 1603 1094 corpore
1650 1033 1892 1076 cursus,

267 1097 392 1163 Hic
436 1102 616 1163 totus
663 1099 911 1163 medius
960 1099 1127 1163 circo
1178 1098 1597 1184 disiungitur,
1643 1099 1766 1162 iste

265 1186 646 1252 Pectoribus
692 1186 925 1251 validis
974 1190 1168 1270 atque
1217 1187 1365 1250 alvo
1413 1186 1702 1270 possidet
1749 1187 1966 1250 orbem

265 1275 456 1339 Hunc
502 1280 647 1339 octo
694 1277 764 1338 in
808 1279 1030 1359 partes
1078 1275 1353 1339 divisum
1399 1296 1663 1338 noscere
1710 1274 1947 1339 circum

269 1360 338 1426 Si
383 1367 595 1446 poteS,
640 1363 929 1427 invenies
977 1384 1209 1446 supero
1259 1363 1621 1426 convertier
1666 1363 1820 1426 orbe
2178 1379 2280 1427 515

120 1458 248 1515 270
270 1449 563 1533 Quinque
608 1451 752 1535 pari
798 1451 1040 1534 spatio,
1085 1451 1291 1533 partis
1339 1451 1459 1513 tris
1508 1471 1647 1514 esse
1694 1450 1954 1514 relictas
1965 1501 1981 1531 ,

271 1538 587 1621 Tempore
630 1543 945 1603 nocturno
996 1560 1155 1621 quas
1203 1539 1300 1601 vis
1348 1537 1600 1601 inferna
1645 1537 2032 1621 frequentat.

270 1765 1978 1779 ·················

267 1802 458 1866 Alter
506 1803 587 1866 ab
633 1803 900 1866 infernis
943 1802 1175 1867 Austri
1221 1803 1620 1867 convertitur
1669 1803 1859 1866 auris,

356 1891 771 1954 Distribuens
826 1890 1109 1954 medium
1166 1891 1390 1954 subter
1445 1894 1621 1954 secat
1665 1890 1770 1954 hic
1818 1890 2281 1975 Capricornum

272 1979 489 2063 Atque
536 1980 729 2063 pedes
778 1979 1063 2065 gelidum
1109 1980 1320 2044 rivum
1364 1979 1693 2043 fundentis
1741 1979 1991 2062 Aquari
2183 1998 2284 2047 520

118 2074 246 2132 275
273 2066 778 2151 Caeruleamque
822 2067 999 2131 ferae
1046 2068 1317 2131 caudam
1362 2066 1657 2131 Pistricis
1705 2072 1770 2132 et
1815 2069 2002 2131 illum

270 2154 658 2241 Fulgentem
684 2155 1019 2239 Leporem,
1045 2154 1193 2218 inde
1221 2155 1416 2238 pedes
1446 2152 1640 2218 Canis
1679 2159 1744 2218 et
1777 2156 1969 2219 simul
2000 2159 2279 2242 amplam

272 2243 650 2329 Argolicam
696 2244 935 2307 retinet
979 2243 1156 2307 claro
1204 2265 1349 2306 cum
1395 2243 1637 2305 lumine
1684 2241 1938 2306 Navem

272 2332 611 2417 Tergaque
657 2330 965 2396 Centauri
1012 2334 1205 2414 atque
1250 2328 1464 2414 Nepai
1509 2333 1730 2413 portat
1777 2352 2069 2414 acumen,

273 2419 429 2484 Inde
476 2417 792 2505 Sagittari
839 2419 1151 2482 deflexum
1197 2418 1487 2503 possidet
1534 2439 1770 2481 arcum.
2181 2438 2282 2485 525

116 2517 251 2574 280
271 2507 461 2572 Hunc
509 2530 547 2571 a
593 2507 931 2572 clarisonis
980 2507 1154 2570 auris
1202 2506 1547 2590 Aquilonis
1595 2505 1676 2568 ad
1722 2505 2038 2571 Austrum

271 2595 518 2660 Cedens
563 2600 965 2679 postremum
1011 2595 1229 2679 tangit
1273 2598 1421 2658 rota
1464 2593 1714 2658 fervida
1761 2591 1957 2678 Solis,

270 2683 520 2747 Exinde
563 2684 633 2747 in
680 2705 946 2767 superas
993 2682 1276 2746 brumali
1323 2686 1613 2765 tempore
1662 2684 1862 2746 flexus

272 2770 353 2835 Se
401 2771 631 2855 recipit
679 2771 887 2854 sedes;
933 2770 1083 2834 huic
1131 2770 1272 2834 orbi
1321 2771 1602 2853 quinque
1649 2771 1933 2835 tributae

269 2859 645 2924 Nocturnae
691 2863 911 2944 partes
922 2911 939 2942 7
987 2881 1220 2943 supera
1264 2862 1398 2921 tres
1447 2859 1587 2922 luce
1636 2859 1946 2923 dicantur.
2184 2875 2286 2922 530

116 2956 245 3014 285
360 2946 574 3012 Hosce
620 2948 790 3011 inter
837 2947 1116 3012 mediam
1162 2950 1414 3032 partem
1461 2946 1739 3010 retinere
1786 2946 2041 3010 videtur

272 3035 548 3116 TantuS‚
597 3039 876 3119 quantus
924 3036 1074 3117 erit,
1121 3036 1462 3099 conlucens
1508 3033 1836 3097 Lacteus
1886 3035 2123 3115 orbiS,
2163 3107 2167 3111 ,

270 3125 348 3189 In
396 3146 523 3207 quo
572 3123 934 3187 autumnali
981 3128 1175 3206 atque
1222 3123 1458 3186 iterum
1507 3122 1606 3185 sol
1653 3122 1895 3186 lumine
1942 3144 2139 3186 verno

269 3212 610 3295 Exaequat
658 3211 944 3296 spatium
989 3211 1151 3275 lucis
1199 3233 1342 3275 cum
1389 3214 1680 3294 tempore
1725 3211 1952 3274 noctis,

270 3299 462 3365 Hunc
508 3299 795 3364 retinens
842 3299 1033 3377 Aries
1082 3299 1377 3363 sublucet
1424 3320 1690 3383 corpore
1737 3301 1942 3377 totus,
2184 3313 2286 3362 535

119 3397 249 3455 290
272 3387 491 3471 Atque
540 3409 709 3472 genu
754 3388 918 3452 flexo
966 3388 1216 3451 Taurus
1265 3387 1573 3451 conititur
1617 3386 1875 3471 ingens,

271 3475 475 3540 Orion
521 3478 697 3540 claro
745 3476 1128 3559 contingens
1177 3497 1443 3559 corpore
1489 3474 1721 3555 fertur,

270 3564 498 3647 Hydra
544 3567 723 3627 tenet
769 3566 962 3647 flexu,
1010 3563 1280 3628 Cratera
1328 3567 1392 3625 et
1440 3561 1686 3627 Corvus
1734 3562 2069 3644 adhaeret,
