2630 3913
379 211 508 274 260
1153 210 1602 265 FRAGMENTA

375 374 535 437 nelio
590 374 847 438 dixerat.
937 370 1059 437 Sex
1110 374 1516 454 competitores
1570 374 1638 436 in
1692 374 2042 437 consulatus
2093 375 2387 456 petitione

377 460 582 526 Cicero
643 461 884 538 habuit,
957 461 1108 525 duos
1158 462 1457 542 patricios
1473 510 1487 537 ,
1554 460 1625 524 P.
1690 460 2036 543 Suhpicium
2100 462 2383 547 Galbam,

376 551 450 614 L.
488 549 769 632 Serqium
806 548 1161 629 Catilinam,
1206 554 1495 629 quattuor
1529 549 1806 630 plebeioS,
1851 570 1929 614 ecc
1971 551 2188 630 quibus
2230 552 2384 616 duos

376 639 617 718 nobileS‚
656 635 719 702 C.
756 637 1119 716 Antonium,
1155 637 1250 702 M.
1291 638 1534 701 Antoni
1568 639 1830 702 oratoris
1864 639 2084 719 filium,
2130 639 2205 702 L.
2236 639 2383 706 Cas-

375 728 539 792 sium
574 727 943 807 Lonyinum,
988 727 1156 802 duos,
1200 728 1308 807 qui
1345 731 1585 789 tantum
1619 746 1746 789 non
1768 728 1970 807 primi
2005 748 2077 792 ex
2117 727 2384 807 familiis
2442 748 2469 788 ⁵

374 817 505 880 suis
548 816 976 896 maqistratum
1019 815 1224 895 adepti
1266 819 1461 890 erant,
1509 813 1576 892 Q.
1606 813 2003 895 Cornificium
2038 820 2094 879 et
2129 815 2192 881 C.
2221 816 2384 881 Lici-

375 905 550 967 nium
579 902 979 967 Sacerdotem.
1041 902 1222 967 Solus
1261 901 1464 967 Cicero
1499 922 1575 966 ex
1610 903 2090 983 competitoribus
2125 907 2385 986 equestri

374 996 510 1055 erat
552 992 674 1055 loco
719 996 904 1055 natus
947 996 1125 1072 atque
1168 992 1237 1055 in
1269 992 1568 1072 petitione
1601 996 1846 1093 patrem
1889 993 2116 1056 amisit.
2190 992 2384 1057 Ceteri

375 1082 505 1144 eius
548 1081 955 1161 competitores
998 1080 1252 1143 modeste
1294 1099 1356 1143 se
1393 1099 1639 1161 yessere,
1683 1081 1913 1181 visique
1955 1086 2101 1145 sunt
2137 1080 2204 1162 Q.
2238 1080 2383 1146 Cor-

374 1170 621 1249 nificius
675 1173 731 1232 et
784 1167 988 1232 Galba
1038 1167 1226 1231 sobrii
1278 1187 1351 1230 ac
1404 1168 1601 1232 sancti
1651 1168 1802 1244 viri,
1856 1167 2149 1233 Sacerdos
2201 1170 2381 1234 nulla
2416 1192 2468 1230 ιο

376 1258 760 1338 improbitate
812 1262 1019 1337 notus,
1079 1254 1332 1320 Cassius
1384 1256 1664 1336 quamvis
1706 1257 1965 1321 stolidus
2010 1262 2140 1321 tum
2183 1260 2385 1358 magis

374 1367 562 1427 quam
609 1345 916 1425 improbus
949 1345 1265 1426 videretur,
1297 1349 1442 1425 post
1465 1363 1699 1424 paucos
1734 1364 1962 1409 menses
1997 1346 2066 1410 in
2102 1348 2382 1410 coniura-

377 1435 537 1498 tione
591 1433 898 1498 Catilinae
957 1451 1080 1497 esse
1140 1453 1277 1496 eum
1341 1434 1635 1514 apparuit
1690 1453 1764 1496 ac
1816 1435 2385 1499 cruentissimarum

374 1523 811 1587 sententiarum
851 1521 1045 1601 fuisse
1086 1526 1406 1584 auctorem.
1494 1521 1715 1601 Itaque
1757 1519 1826 1585 hi
1870 1527 2158 1602 quattuor
2189 1543 2386 1605 prope

376 1610 685 1686 iacebant;
725 1609 1001 1673 Catilina
1027 1613 1228 1672 autem
1255 1614 1312 1671 et
1337 1608 1667 1686 Antonius,
1702 1629 2078 1691 quamquam
2105 1613 2382 1675 omnium
2414 1631 2467 1672 ιο
2554 1619 2567 1623 “

375 1700 644 1763 maxime
693 1696 953 1776 infamis
1004 1717 1214 1760 eorum
1267 1698 1396 1760 vita
1448 1702 1618 1778 esset,
1675 1702 1878 1761 tamen
1921 1699 2184 1763 multum
2215 1705 2383 1780 pote-

374 1792 537 1851 rant.
600 1784 888 1851 Coierant
921 1787 1083 1848 enim
1118 1784 1312 1866 ambe,
1356 1789 1429 1848 ut
1462 1784 1805 1850 Ciceronem
1840 1787 2159 1850 consulatu
2201 1789 2382 1853 deice-

375 1879 528 1955 rent,
572 1873 957 1938 adiutoribus
990 1874 1092 1937 usi
1125 1873 1504 1954 firmissimis
1539 1873 1634 1937 M.
1665 1872 1885 1939 Crasso
1921 1880 1978 1938 et
2015 1874 2078 1940 C.
2109 1873 2382 1941 Caesare.

375 1964 597 2044 Itaque
649 1962 793 2026 haec
847 1964 1045 2026 oratio
1095 1968 1308 2025 contra
1352 1963 1508 2027 solos
1555 1962 1893 2028 Catilinam
1937 1970 1993 2028 et
2036 1965 2378 2030 Antonium

374 2057 475 2117 est.
541 2050 747 2117 Causa
782 2052 1078 2115 orationis
1112 2050 1296 2114 huius
1330 2052 1497 2115 modi
1531 2053 1601 2115 in
1635 2057 1851 2116 senatu
1885 2051 2195 2117 habendae
2219 2053 2373 2119 Cice-
2402 2070 2457 2110 8⁰

375 2142 515 2205 roni
553 2140 705 2222 fuit,
762 2140 944 2221 quod,
1002 2160 1140 2203 cum
1184 2140 1254 2202 in
1297 2140 1424 2204 dies
1470 2140 1713 2204 licentia
1755 2140 2020 2205 ambitus
2063 2147 2376 2223 augeretur

373 2233 618 2311 propter
649 2230 1055 2311 praecipuam
1099 2226 1406 2292 Catilinae
1458 2233 1516 2291 et
1556 2228 1795 2293 Antoni
1847 2230 2202 2313 audaciam,
2254 2251 2381 2294 cen-

375 2323 583 2383 suerat
624 2322 894 2399 senatus,
948 2322 1019 2380 ut
1071 2317 1167 2380 lex
1209 2317 1475 2379 ambitus
1529 2321 1711 2380 aucta
1764 2318 1948 2380 etiam
2001 2338 2138 2382 cum
2179 2339 2384 2400 poena

376 2406 673 2487 ferretum
711 2407 879 2486 eique
903 2406 995 2469 rei
1022 2403 1091 2485 Q.
1118 2404 1371 2469 Mucius
1401 2403 1716 2469 Orestinus
1744 2409 1816 2468 tr.
1832 2406 1924 2485 pl.
1956 2407 2382 2471 intercesserat.

378 2495 541 2559 Twm
593 2493 797 2559 Cicero
845 2494 1118 2575 yraviter
1176 2498 1391 2556 senatu
1442 2493 1921 2558 intercessionem
1970 2494 2228 2573 ferente·
2247 2515 2382 2559 sur·
2414 2512 2469 2553 25

373 2584 534 2648 rexit
592 2587 772 2662 atque
835 2582 905 2645 in
962 2582 1279 2645 coitionem
1342 2579 1649 2645 Catilinae
1708 2586 1766 2646 et
1816 2581 2057 2648 Antoni
2116 2584 2385 2648 invectus

374 2675 463 2735 est
503 2675 645 2733 ante
688 2670 815 2733 dies
858 2670 1240 2733 comitiorum
1273 2688 1522 2748 paucos.

1121 2823 1462 2878 ENARRA
1470 2824 1633 2878 1⁷10.-

513 2934 565 2996 1.
613 2932 803 3016 Dice,
853 2930 924 2998 P.
972 2930 1061 3015 0.,
1116 2932 1445 3017 superiore
1489 2937 1678 2998 nocte
1725 2934 2054 2999 cuiusdam
2098 2934 2382 2999 hominis

372 3021 612 3087 nobilis
669 3025 735 3085 et
790 3021 977 3085 valde
1030 3020 1100 3084 in
1152 3021 1277 3085 hoc
1333 3021 1700 3107 largitionis
1761 3026 2034 3107 quaestu
2090 3023 2262 3087 docti
2317 3027 2385 3087 et
2415 3041 2484 3080 ³0·

374 3110 622 3196 cogniti
659 3109 920 3174 domum
957 3107 1307 3174 Catilinam
1348 3112 1412 3172 et
1448 3110 1803 3175 Antonium
1850 3133 1995 3176 cum
2041 3112 2386 3195 sequestri—

374 3199 495 3262 bus
544 3197 676 3262 suis
725 3197 1114 3262 convenisse.

594 3287 732 3351 Aut
774 3285 840 3351 C.
886 3285 1170 3351 Caesaris
1214 3292 1328 3349 aut
1369 3286 1464 3351 M.
1502 3286 1715 3351 Crassi
1755 3288 2002 3352 domum
2045 3289 2383 3371 significan

461 3373 521 3437 ei
579 3374 744 3437 enim
804 3376 1090 3438 acerrimi
1151 3394 1225 3438 ac
1282 3375 1697 3455 potentissimi
1763 3375 2020 3455 fuerunt
2079 3376 2389 3441 Ciceronis

463 3460 885 3541 refrayatores,
930 3482 1067 3525 cum
1101 3463 1284 3543 petiit
1327 3464 1723 3546 consulatum,
1767 3465 1931 3544 quod
1970 3466 2100 3530 eius
2143 3466 2215 3528 in
2257 3466 2390 3530 dies
2419 3482 2476 3524 ss

465 3547 700 3609 civilem
736 3567 988 3612 crescere
1022 3550 1381 3630 diqnitatem
1406 3552 1996 3629 animadvertebant;
2033 3557 2091 3617 et
2123 3552 2233 3617 hoc
2259 3555 2391 3635 ipse
