2630 3913
717 177 1140 232 POEMATUM.
1180 177 1246 232 H.
1286 177 1364 231 IV
1401 193 1436 230 a
1470 196 1522 231 v.
1563 186 1858 232 539—612.
2172 180 2297 244 377

117 351 258 410 330
279 341 653 424 Inflexoque
702 361 872 426 genu
918 340 1206 424 proiecto
1255 362 1524 422 corpore
1572 339 1823 404 Taurus

278 430 369 494 Et
415 429 672 494 Gemini
720 429 967 493 clarum
1012 429 1329 492 iactantes
1377 427 1627 492 lucibus
1675 428 1911 512 ignem.

280 518 460 582 Haec
505 515 617 581 Sol
665 521 927 580 aeterno
974 517 1295 581 convestit
1344 516 1585 580 lumine
1634 516 1920 580 lustrans
1931 567 1947 598 ,

279 606 517 669 Annua
562 605 905 669 conficiens
951 605 1231 669 vertenti
1276 608 1574 687 tempora
1621 626 1828 668 cursu,

280 694 406 758 Hic
454 697 770 777 quantum
814 693 1007 756 terris
1054 714 1376 756 convexus
1422 691 1690 775 pellit'ur
1737 693 1912 756 orbis
1924 743 1940 773 ‚
2197 707 2307 755 580

117 790 256 850 335
279 781 688 845 Tantundem
734 781 848 845 ille
894 785 1124 864 patens
1173 802 1407 863 supera
1453 780 1840 844 mortalibus
1888 780 2072 844 cedit.

282 867 407 933 Sex
455 870 631 933 omni
678 890 932 951 semper
978 868 1212 933 cedunt
1259 868 1549 931 labentia
1595 873 1812 950 nocte,

281 957 409 1021 Tot
456 957 706 1021 caelum
753 978 975 1020 rursus
1021 956 1341 1041 fugientia
1388 957 1576 1041 signa
1621 957 1927 1021 revisunt.

281 1044 426 1110 Hoc
472 1045 753 1127 spatium
800 1049 1069 1108 tranans
1119 1045 1323 1108 caecis
1369 1067 1496 1108 nox
1543 1044 1801 1108 conficit
1847 1043 2120 1125 umbris,

284 1131 468 1207 Quod
515 1155 747 1217 supera
793 1138 1001 1196 terras
1049 1133 1260 1216 prima
1307 1133 1383 1195 de
1429 1136 1617 1196 nocte
1665 1131 1962 1196 relictum
2195 1149 2305 1196 585

120 1230 263 1290 340
286 1219 609 1306 Signifero
658 1243 736 1284 ex
783 1221 937 1285 orbe
985 1225 1084 1284 est
1131 1224 1196 1284 et
1242 1220 1580 1304 signorum
1627 1220 1848 1284 ordine
1894 1219 2152 1283 fultum.

373 1307 617 1383 Quodsi
664 1306 834 1373 Solis
881 1330 1032 1373 aves
1080 1312 1289 1372 certos
1339 1329 1725 1393 cognoscere
1773 1311 2024 1389 cursus‚‘
2160 1322 2163 1325 ’

284 1396 482 1462 Ortus
529 1398 864 1482 signorum
909 1401 1226 1461 nocturno
1273 1400 1568 1479 tempore
1613 1397 1810 1475 vises3

285 1484 458 1549 Nam
504 1507 756 1568 semper
804 1485 1061 1569 signum
1109 1485 1401 1548 exoriens
1450 1484 1645 1548 Titan
1691 1484 1894 1547 trahit
1940 1507 2154 1547 unum.

288 1572 402 1636 Sin
448 1577 662 1637 autem
710 1573 996 1637 officiens
1046 1572 1250 1658 signis
1298 1595 1484 1636 mons
1533 1573 1830 1636 obstruet
1878 1573 2050 1636 altus
2196 1589 2304 1636 590

127 1669 262 1729 345
286 1661 425 1726 Aut
472 1661 757 1726 adiment
802 1662 1010 1726 lucem
1058 1683 1246 1725 caeca
1292 1661 1570 1746 caligine
1615 1661 1846 1743 nubeS‚

286 1748 515 1814 Certas
561 1750 700 1833 ipse
745 1754 936 1814 notas
985 1749 1147 1814 caeli
1194 1749 1270 1812 de
1317 1750 1605 1833 tegmine
1653 1770 1910 1813 sumens

284 1837 483 1902 Ortus
531 1841 724 1920 atque
772 1837 988 1902 obitus
1037 1859 1258 1902 omnes
1306 1859 1696 1922 cognoscere
1742 1837 1972 1921 possis.

285 1924 461 2001 Quae
509 1925 702 1991 simul
750 1926 1050 2008 existant,
1098 1947 1344 2008 cerneS,
1393 1948 1555 2009 quae
1602 1930 1896 2010 tempore
1944 1925 2167 1990 eodem

284 2014 720 2098 Praecipitent
768 2014 1044 2097 obitum,
1090 2019 1408 2078 nocturno
1455 2020 1748 2099 tempore
1793 2036 2037 2079 nosces,
2198 2031 2304 2079 595

129 2111 266 2169 350
372 2102 512 2166 Iam
561 2102 752 2166 simul
801 2124 875 2166 ac
909 2102 1192 2185 primum
1238 2124 1471 2184 supero
1519 2123 1587 2165 se
1635 2101 1876 2165 lumine
1924 2101 2216 2166 Cancer

284 2190 565 2274 Extulit,
614 2190 938 2274 extemplo
986 2190 1154 2254 cedit
1201 2190 1469 2273 delapsa
1517 2188 1794 2259 Corona,

284 2278 375 2343 Et
419 2279 563 2343 loca
609 2278 889 2343 convisit
935 2278 1139 2342 cauda
1183 2282 1373 2341 tenus
1419 2277 1629 2341 infera
1676 2277 1896 2340 Piscis,

284 2365 640 2431 Dimidiam
685 2366 923 2430 retinet
969 2366 1178 2430 stellis
1227 2366 1534 2429 distincta
1580 2363 1836 2429 Corona

286 2454 548 2518 Partem
577 2455 773 2518 etiam
794 2475 1029 2538 supera
1048 2458 1241 2537 atque
1263 2454 1392 2517 alia
1415 2454 1492 2517 de
1520 2457 1707 2537 parte
1737 2454 1995 2516 revulsa
2023 2457 2149 2535 est3
2194 2472 2305 2519 600

135 2551 264 2610 355
287 2540 497 2617 Quam
541 2547 762 2607 tamen
805 2542 1166 2625 insequitur
1211 2541 1412 2605 Piscis
1459 2563 1576 2606 nec
1620 2544 1799 2604 totus
1848 2541 1930 2604 ad
1975 2543 2236 2605 umbras

287 2630 589 2715 Tractus,
635 2631 748 2695 sed
795 2652 1025 2714 supero
1075 2634 1407 2694 contectus
1455 2651 1724 2713 corpore
1770 2629 1956 2693 cedit.

286 2719 505 2803 Atque
550 2740 807 2783 umeros
854 2739 1057 2801 usque
1105 2741 1144 2782 a
1190 2718 1462 2803 genibus
1511 2718 1881 2801 clarumque
1929 2718 2218 2783 recondit

287 2807 734 2892 Anguitenens
780 2805 1014 2870 validis
1061 2827 1371 2890 magnum
1419 2829 1456 2870 a
1503 2806 1857 2869 cervicibus
1904 2805 2220 2890 Anguem.

285 2895 427 2959 Iam
472 2916 625 2959 vero
673 2894 1121 2977 Arctophylax
1166 2916 1297 2957 non
1344 2915 1549 2976 aequa
1594 2898 1779 2976 parte
1827 2898 2106 2977 secatur3
2200 2912 2305 2959 605

139 2992 268 3050 360
286 2982 458 3046 Nam
506 2982 763 3047 brevior
809 2982 986 3047 clara
1032 2982 1194 3047 caeli
1242 2982 1319 3045 de
1365 2985 1551 3065 parte
1598 2980 1878 3062 videtur,

286 3071 590 3155 Amplior
636 3070 922 3134 infernas
971 3070 1276 3155 depulsus
1324 3069 1613 3154 possidet
1659 3070 1940 3133 umbras,

287 3158 610 3234 Quattuor
655 3159 761 3224 hic
808 3159 1031 3222 obiens
1080 3180 1297 3223 secum
1344 3158 1650 3221 deducere
1697 3157 1885 3240 signa

287 3246 611 3333 Signifero
661 3248 829 3311 solet
877 3269 952 3310 ex
1000 3247 1170 3330 orbi3
1216 3250 1358 3310 tum
1406 3245 1609 3309 serius
1656 3245 1822 3328 ipse,

287 3334 450 3400 Cum
496 3356 731 3419 supera
778 3357 917 3399 sese
966 3334 1231 3398 satiavit
1277 3335 1446 3418 luce,
1491 3333 1733 3398 recedit
2199 3349 2303 3396 610

141 3432 261 3490 365
286 3425 446 3488 Post
492 3423 771 3487 mediam
816 3424 1043 3487 labens
1094 3424 1270 3487 claro
1319 3444 1465 3487 cum
1511 3444 1778 3506 corpore
1823 3425 2095 3485 noctem.

286 3511 464 3577 Haec
512 3512 786 3575 obscura
832 3516 1057 3575 tenens
1106 3511 1430 3575 convestit
1478 3510 1688 3574 sidera
1735 3511 1959 3592 tellus3
