2630 3913
734 176 869 234 LIB.
908 177 950 230 I.
1027 176 1178 231 CAP.
1217 182 1450 231 24—26.
1523 181 1554 241 ξ
1591 182 1817 231 84-90.
2194 175 2276 239 31

267 341 645 423 censebunt3
681 339 845 403 nihil
883 339 1052 403 enim
1090 337 1501 421 laudabiliuS‚
1537 338 1701 402 nihil
1739 358 1977 423 magno
2007 342 2073 403 et
2100 359 2279 423 prae·

267 431 443 494 claro
489 429 630 492 viro
678 427 935 513 dignius
989 426 1438 513 placabilitate
1493 430 1687 509 atque
1751 426 2112 491 clementia.
2204 425 2283 490 In

265 517 490 582 liberis
535 538 689 582 vero
727 517 984 600 populis
1027 519 1094 581 et
1128 515 1198 578 in
1232 514 1392 579 iuris
1430 514 1893 598 aequabilitate
1931 513 2281 579 exercenda

268 606 466 671 etiam
513 609 614 669 est
656 604 940 669 facilitas
987 607 1053 669 et
1099 602 1377 668 altitudo
1415 603 1645 685 animi!
1679 624 1843 686 quae
1886 602 2136 685 dicitur,
2181 623 2298 685 ne*

212 711 238 752 ε
268 695 324 759 si
388 694 743 758 irascamur
808 697 921 757 aut
983 691 1435 776 intempestive
1500 691 1949 756 accedentibus
2014 694 2127 756 aut
2188 691 2281 754 in-

266 781 582 869 pudenter
627 781 1030 866 rogantibUS,
1075 781 1144 844 in
1186 779 1633 844 morositatem
1672 780 1967 844 inutilem
2006 785 2072 844 et
2110 779 2280 845 odio·

270 893 411 935 sam
455 869 831 935 incidamus,
920 868 1009 933 Et
1054 872 1274 933 tamen
1317 868 1414 931 ita
1463 868 1799 951 probanda
1844 872 1945 932 est
1991 888 2280 933 mansue·
2344 907 2350 917 ·
2448 909 2459 921 ·

268 959 426 1023 tudo
463 963 658 1042 atque
697 958 1054 1040 clementia,
1090 960 1165 1022 ut
1202 956 1587 1021 adhibeatur
1623 957 1715 1020 rei
1753 957 2049 1040 publicae
2087 977 2281 1021 causa

271 1047 612 1130 severitas,
674 1047 812 1111 sine
878 1068 1005 1130 qua
1067 1044 1510 1109 administrari
1573 1044 1803 1108 civitas
1859 1067 1988 1110 non
2044 1048 2282 1129 potest.

193 1154 243 1192 ιο
271 1134 496 1200 Omnis
535 1138 753 1200 autem
792 1138 857 1199 et
894 1132 1367 1198 animadversio
1407 1137 1472 1197 et
1510 1133 1857 1217 castigatio
1892 1133 2284 1199 contumelia

269 1245 498 1289 vacare
546 1223 756 1293 debetx
779 1244 986 1306 neque
1014 1222 1115 1286 ad
1162 1222 1338 1304 eiusJ
1374 1221 1485 1304 qui
1529 1221 1794 1305 punitur
1842 1222 2123 1305 aliquem
2171 1224 2284 1285 aut

271 1312 487 1395 verbis
534 1311 845 1405 castigat,
880 1310 991 1375 sed
1038 1310 1118 1375 ad
1164 1309 1257 1374 rei
1302 1308 1601 1394 publicae
1639 1308 1993 1373 utilitatem
2040 1308 2283 1373 referri.

271 1399 643 1466 Cavendum
690 1403 790 1465 est
835 1400 1071 1481 etiam,r
1094 1421 1173 1462 ne
1220 1398 1427 1462 maior
1475 1418 1682 1480 poena
1721 1418 1913 1480 quam
1951 1398 2141 1481 culpa
2179 1398 2283 1478 sit,
2320 1411 2385 1459 89

274 1494 341 1552 et
384 1510 465 1553 ne
510 1488 716 1552 isdem
762 1488 840 1552 de
885 1487 1095 1552 causis
1148 1486 1261 1550 alii
1314 1486 1711 1570 plectantur,
1768 1486 1881 1549 alii
1934 1506 2014 1549 ne
2071 1485 2285 1570 appel·

199 1594 247 1635 ιε»
276 1578 491 1641 lentur
538 1576 810 1660 quidem.
882 1574 1293 1640 Prohibenda
1340 1577 1555 1638 autem
1607 1574 1882 1638 maxime
1930 1578 2029 1638 est
2076 1574 2173 1638 ira
2219 1575 2287 1637 in

272 1665 620 1750 puniend03
649 1685 1001 1747 numquam
1031 1663 1238 1744 enim„
1249 1663 1454 1727 iratus
1485 1661 1596 1745 qui
1616 1661 1871 1727 accedet
1893 1661 1974 1726 ad
1993 1683 2310 1746 poenamr

275 1752 783 1818 mediocritatem
829 1753 1014 1816 illam
1050 1752 1324 1834 tenebit„
1365 1772 1528 1834 quae
1566 1756 1667 1815 est
1702 1751 1873 1814 inter
1909 1751 2175 1815 nimium
2221 1754 2288 1814 et

272 1863 522 1926 parum,
560 1862 723 1924 quae
759 1841 975 1926 placet
1004 1839 1472 1924 Peripateticis,
1511 1842 1579 1904 et
1615 1843 1787 1904 recte
1826 1839 2057 1924 placet,
2095 1838 2286 1903 modo

273 1952 353 1995 ne
400 1930 740 1995 laudarent
786 1928 1181 1994 iracundiam
1228 1933 1294 1994 et
1341 1927 1625 1993 dicerent
1673 1928 1924 1993 utiliter
1970 1950 2009 1993 a
2052 1931 2288 1993 natura

193 2038 246 2078 πο
277 2020 517 2083 datam·
604 2017 731 2082 Illa
784 2040 938 2083 vero
995 2018 1290 2083 omnibus
1346 2018 1416 2081 in
1468 2016 1661 2081 rebus
1726 2016 2124 2100 repudianda
2188 2020 2306 2081 est*

276 2070 787 2193 optandumque,
821 2111 895 2169 ut
937 2106 1019 2194 iit
1051 2107 1160 2191 qui
1205 2109 1516 2190 praesunt
1561 2106 1656 2170 rei
1701 2104 2032 2190 publicae„
2068 2106 2288 2192 legum

276 2196 522 2260 similes
570 2195 729 2277 sint,
783 2216 948 2278 quae
1003 2195 1083 2259 ad
1137 2194 1529 2279 puniendum
1583 2215 1713 2258 non
1764 2194 2095 2258 iracundia
2097 2244 2144 2277 r
2178 2194 2289 2259 sed

278 2284 605 2367 aequitate
653 2283 985 2348 ducuntur.

412 2374 627 2456 Atque
673 2371 871 2436 etiam
915 2372 985 2436 in
1029 2371 1222 2435 rebus
1267 2369 1595 2454 prosperis
1643 2372 1708 2433 et
1760 2369 1840 2433 ad
1885 2345 2393 2472 voluntatem29‘g

196 2478 250 2520 2⁵
277 2465 570 2525 nostram
629 2459 976 2524 fluentibus
1041 2458 1411 2543 superbiam
1475 2477 1893 2542 magnopere,
1954 2455 2289 2521 fastidium

279 2548 850 2636 arrogantiamque
893 2547 1240 2633 fugiamus.
1331 2545 1502 2610 Nam
1549 2550 1622 2609 ut
1669 2546 1969 2610 adversas
2016 2566 2151 2629 res,
2197 2545 2289 2611 sic

279 2637 591 2702 secundas
645 2636 1045 2701 inmoderate
1099 2636 1264 2700 ferre
1311 2634 1601 2698 levitatis
1652 2637 1777 2718 est,
1831 2634 2289 2719 praeclaraque

279 2731 382 2790 est
426 2725 858 2809 aequabilitas
913 2724 983 2788 in
1037 2724 1213 2790 omni
1257 2724 1394 2788 vita
1440 2728 1507 2787 et
1554 2722 1726 2787 idem
1772 2744 2025 2808 semper
2069 2724 2290 2788 vultus

281 2813 628 2898 eademque
672 2813 884 2896 frons,
939 2816 1014 2876 ut
1066 2811 1143 2877 de
1190 2810 1455 2876 Socrate
1500 2811 1784 2895 itemque
1830 2811 1907 2876 de
1953 2810 2021 2877 O.
2067 2811 2289 2877 Laelio

202 2917 255 2960 ⁸⁰
283 2903 661 2987 accepimus.
768 2900 1146 2985 Philippum
1210 2899 1494 2984 quidem,
1566 2898 1988 2965 Macedonum
2052 2921 2291 2985 regem,

281 2991 473 3055 rebus
519 2989 722 3074 gestis
769 2995 835 3054 et
881 2988 1094 3075 gloria
1139 2992 1514 3073 superatum
1560 3009 1600 3052 a
1644 2988 1807 3070 filio,
1860 2987 2178 3053 facilitate
2225 2993 2292 3052 et

280 3078 687 3144 humanitate
722 3078 908 3143 video
947 3077 1345 3162 superiorem
1379 3076 1608 3159 fuisse3
1652 3076 1871 3159 itaque
1918 3076 2085 3140 alter
2132 3096 2291 3140 sem·

282 3189 397 3251 per
439 3188 742 3253 magnus,
798 3166 966 3231 alter
1020 3186 1211 3249 saepe
1264 3164 1707 3250 turpissimus3
1760 3167 1835 3228 ut
1893 3168 2064 3229 recte
2110 3186 2290 3249 prae-

283 3255 491 3339 cipere
541 3254 922 3342 videantur,
962 3254 1073 3338 qui
1127 3257 1428 3336 monent,
1472 3256 1573 3335 ut,
1629 3256 1871 3336 quanto
1928 3252 2290 3336 superiores

207 3357 256 3399 ⁸⁵
285 3343 503 3427 simus,
547 3346 735 3408 tanto
777 3363 896 3407 nos
936 3363 1236 3428 geramus
1274 3341 1698 3406 summissius,
1768 3339 2116 3405 Panaetius
2159 3342 2292 3424 qui-

285 3431 429 3496 dem
474 3430 886 3514 Africanum,
932 3430 1292 3495 auditorem
1340 3433 1406 3493 et
1447 3429 1838 3494 familiarem
1885 3451 2098 3513 suum,
2146 3431 2292 3495 soli-

284 3523 423 3585 tum
461 3520 555 3585 ait
593 3518 961 3606 diceref‘ut
998 3540 1231 3603 equos
1267 3521 1588 3604 propter
1635 3518 1947 3583 crebras
1985 3521 2294 3584 conten·
