2630 3913
795 201 1212 256 PHILOSOPH.
1252 201 1309 254 F.
1353 203 1428 256 IV
1469 203 1622 256 1--V
1664 210 1746 257 10.
2152 206 2288 269 313

395 366 456 430 2.
498 364 620 430 Cic.
665 366 738 429 de
780 366 887 445 fin.
925 365 975 428 I
1000 369 1056 428 1.
1092 368 1139 430 2
1174 364 1608 445 Philosophiae
1650 400 1723 410 —-
1775 366 2291 446 vituperatoribus

262 455 415 519 satis
467 473 824 535 responsum
880 458 967 517 est
1019 472 1085 516 eo
1140 453 1320 535 libro,
1382 472 1500 533 quo
1564 472 1607 516 a
1667 453 1840 517 nobis
1894 453 2284 536 philosophia

264 542 513 621 defensa
545 546 605 605 et
636 541 986 605 collaudata
1020 545 1122 617 est,
1166 560 1305 604 cum
1342 545 1491 605 esset
1525 546 1811 605 accusata
1847 546 1906 605 et
1937 543 2285 623 vituperata

265 630 342 694 ab
387 629 738 695 Hortensio.

213 734 239 772 ⁵
400 717 458 782 3.
496 716 616 782 Cic.
650 718 822 781 Tusc.
860 715 952 779 II
980 720 1041 781 2.
1078 721 1121 780 4
1159 717 1292 782 Nos
1328 718 1648 781 universae
1674 717 2096 798 philosophiae
2132 720 2289 782 vitu-

255 806 647 887 peratoribus
690 805 1114 885 respondimus
1159 805 1228 869 in
1273 804 1624 869 Hortensio.

397 894 459 957 4.
496 892 618 958 Cic.
651 894 825 958 Tusc.
855 891 988 956 III
1005 897 1065 956 3.
1094 897 1134 956 6
1162 891 1261 956 De
1294 893 1585 957 universa
1608 893 2018 974 philosophia,
2055 899 2296 974 quanto

265 1001 440 1063 opere
472 985 530 1046 et
562 983 888 1062 expetenda
923 985 1072 1045 esset
1112 985 1170 1044 et
1202 980 1467 1056 colenda,
1511 982 1682 1057 satis,
1726 986 1798 1045 ut
1830 981 2114 1061 arbitror,
2162 983 2286 1046 dic-

269 1076 399 1134 tum
442 1074 531 1134 est
571 1070 644 1138 in
687 1069 1039 1133 Hortensio.

192 1174 239 1211 10
403 1155 461 1220 5.
510 1153 631 1221 Cic.
677 1155 779 1235 off.
824 1155 917 1219 II
951 1160 1013 1221 2.
1061 1161 1102 1219 6
1145 1155 1268 1220 Sed
1307 1156 1477 1236 haec,
1532 1176 1670 1221 cum
1713 1158 1800 1221 ad
1831 1156 2286 1238 philosophiam

267 1245 672 1321 cohortamur,
708 1246 1054 1308 accuratius
1089 1246 1399 1326 disputari
1432 1244 1636 1321 solent,
1673 1246 1835 1325 quod
1866 1246 1991 1309 alio
2023 1246 2288 1325 quodam

271 1332 424 1397 libro
468 1334 744 1411 fecimus.

404 1420 463 1484 6.
512 1419 632 1486 Cic.
669 1420 864 1484 Acad.
899 1419 991 1482 II
1018 1423 1079 1484 2.
1120 1426 1158 1483 6
1200 1420 1275 1484 Si
1318 1422 1583 1501 quodam
1632 1422 1698 1484 in
1745 1421 1897 1485 libro
1941 1441 2073 1484 vere
2117 1426 2205 1485 est
2245 1442 2293 1484 a

269 1508 445 1573 nobis
479 1507 868 1590 philosoph-ia
912 1507 1194 1592 laudata,
1241 1509 1515 1589 profecto
1559 1509 1691 1573 eius
1731 1510 2018 1573 tractatio
2063 1511 2293 1589 optimo

192 1612 242 1651 1⁵
270 1602 449 1678 atque
492 1617 595 1660 am
640 1596 872 1662 lissimo
916 1616 1147 1677 quoque
1189 1597 1557 1678 diynissima
1601 1601 1701 1661 est.

596 1689 713 1749 art.
771 1683 918 1765 Cap.
985 1684 1047 1747 V
1088 1688 1216 1747 441
1270 1706 1338 1765 p.
1393 1686 1674 1749 454.1.9
1727 1684 1945 1749 Halm.
2016 1684 2292 1765 Infinita

269 1774 384 1838 illa
406 1686 768 1855 7(quaestio)
819 1777 931 1856 est,
993 1793 1149 1853 quae
1195 1773 1562 1855 generaliter
1615 1774 1879 1854 quaerit,
1941 1777 2152 1836 utrum
2210 1774 2295 1837 sit

269 1862 511 1942 aliquid
547 1862 966 1944 appetendum,
1012 1865 1098 1942 ut,
1144 1881 1230 1924 an
1266 1860 1828 1942 philosophandum
1871 1861 1969 1938 sit,
2016 1862 2083 1924 in
2120 1861 2289 1925 Hor-

275 1950 463 2014 tensio
507 1951 874 2030 disputatur.

188 2053 242 2092 20
405 2037 465 2102 8.
513 2038 685 2102 Treb.
730 2036 930 2102 Pollio
978 2035 1247 2101 Gallien.
1290 2041 1396 2102 20.
1443 2043 1481 2101 1
1527 2037 1664 2102 Scis
1709 2040 1860 2120 ipse,
1907 2039 2056 2102 tales
2100 2038 2292 2102 homi·

270 2144 377 2189 nes
422 2145 559 2189 cum
606 2126 713 2202 iis,
757 2126 865 2206 qui
907 2125 1123 2205 aliqua
1166 2126 1240 2189 de
1281 2126 1621 2191 maioribus
1665 2146 1874 2191 eorum
1916 2127 2297 2208 scripserint,

270 2218 572 2294 quantum
620 2216 839 2294 yerant
889 2213 1134 2290 bellum,
1187 2232 1297 2278 nec
1347 2215 1560 2295 iynota
1614 2234 1737 2279 esse
1789 2214 2084 2290 arbitror,
2138 2235 2299 2295 quae

271 2301 433 2366 dixit
473 2300 569 2363 M.
621 2300 863 2365 Tullius
906 2302 976 2363 in
1020 2300 1380 2379 HortensiO,
1426 2323 1602 2383 quem
1647 2304 1733 2366 ad
1773 2301 2112 2382 exemplum
2146 2322 2297 2382 pro·

274 2389 508 2470 treptici
552 2389 814 2469 scripsit.

190 2492 243 2530 25
406 2476 465 2540 9.
512 2477 841 2557 Auyustin.
886 2477 959 2540 de
1002 2477 1176 2541 beata
1219 2479 1347 2542 vita
1391 2482 1434 2541 4
1476 2477 1546 2541 Τ.
1581 2477 1633 2541 Ι
1650 2498 1719 2558 p.
1754 2481 1888 2542 223
1914 2476 2084 2558 Dsq.
2131 2476 2297 2541 Ben.

271 2565 565 2645 Antverp.
602 2584 661 2628 a.
697 2569 864 2629 1700
897 2564 1034 2646 qu
1058 2570 1387 2646 postquam
1424 2567 1494 2630 in
1526 2565 1732 2630 schola
1766 2563 2026 2629 rhetoris
2062 2564 2289 2628 librum

272 2654 452 2719 illum
509 2650 840 2730 Ciceronis,
900 2653 1011 2734 qui
1062 2653 1439 2718 Hortensius
1491 2658 1775 2730 vocatur,
1831 2653 2056 2734 accepi,
2122 2657 2299 2717 tanto·

272 2760 479 2806 amore
510 2740 931 2822 philosophiae
974 2761 1290 2805 succensus
1334 2761 1490 2823 sum,
1535 2747 1607 2804 ut
1648 2742 1859 2806 statim
1900 2743 1986 2805 ad
2028 2761 2162 2804 eam
2198 2761 2302 2804 me

276 2829 610 2908 transferre
653 2829 996 2893 meditarer.

190 2933 242 2972 ³0
412 2918 509 2980 10.
565 2917 824 2998 August.
882 2914 1147 3003 ConfesS.
1194 2915 1330 2980 III
1364 2922 1424 2980 4.
1474 2922 1516 2980 7
1563 2916 1634 2981 Τ.
1678 2915 1730 2979 Ι
1764 2937 1832 2997 p.
1880 2921 1962 2980 64
2008 2916 2077 2979 D
2131 2916 2292 2979 Ben.

272 3004 564 3085 Antverp.
642 3003 877 3070 Usitato
947 3006 1077 3068 iam
1148 3006 1418 3070 discendi
1488 3004 1701 3068 ordine
1759 3023 2158 3085 perveneram
2222 3005 2292 3067 in

273 3092 499 3158 librum
562 3093 864 3174 quendam
924 3091 1229 3158 Ciceronis
1242 3144 1259 3176 ,
1322 3093 1496 3157 cuius
1560 3093 1837 3173 linquam
1896 3092 2024 3170 fere
2087 3111 2298 3156 omnes*

272 3180 611 3262 mirantur,
643 3186 855 3261 pectus
897 3201 1024 3246 non
1068 3183 1175 3244 ita.
1265 3178 1390 3245 Sed
1433 3181 1582 3245 liber
1626 3179 1731 3244 ille
1773 3179 1972 3261 ipsius
2016 3179 2294 3243 exhorta-

274 3270 497 3333 tionem
548 3270 813 3333 continet
862 3271 948 3334 ad
986 3269 1442 3351 philosophiam
1496 3272 1554 3333 et
1602 3272 1853 3333 vocatur
1897 3266 2293 3332 Hortensius.

187 3372 242 3413 ³5
270 3355 399 3421 Ille
441 3376 578 3421 vero
625 3357 775 3421 liber
818 3358 1081 3422 mutavit
1130 3357 1418 3436 affectum
1470 3375 1672 3421 meum
1725 3359 1783 3420 et
1833 3357 1919 3420 ad
1972 3359 2026 3418 te
2069 3356 2295 3438 ipsum,

271 3443 566 3523 Domine,
620 3447 884 3509 mutavit
923 3465 1132 3526 preces
1185 3464 1353 3509 meas
1409 3449 1469 3508 et
1508 3448 1647 3508 vota
1692 3463 1765 3507 ac
1809 3443 2111 3508 desideria
2156 3464 2293 3508 mea

265 3533 415 3611 fecit
456 3532 605 3596 alia.
