2630 3913
701 208 835 264 ΜΒ.
872 209 966 263 ΙΠ.
1034 208 1184 263 CAP.
1223 214 1451 266 23—26.
1521 214 1553 275 ς
1587 215 1813 265 92-98.
2151 209 2273 274 121

276 369 545 450 Dianae,
589 369 761 454 quod
805 371 875 433 in
912 392 1027 435 suo
1064 374 1267 456 regno
1303 370 1805 454 pulcherrimum
1842 374 2069 436 natum
2105 374 2277 436 esset

277 458 394 524 illo
434 478 630 542 anno,
692 458 1058 523 immolavit
1109 457 1544 544 Iphigeniam,
1609 480 1736 542 qua
1787 458 1951 523 nihil
2007 462 2145 524 erat
2199 480 2274 525 eo

278 546 533 630 quidem
563 567 734 612 anno
771 550 997 610 natum
1025 547 1400 631 pulchrius?
1463 545 1862 612 Promissum
1898 546 2115 632 potius
2144 569 2278 612 non

276 634 640 699 faciendum
704 656 896 719 quam
958 638 1096 699 tam
1149 637 1432 699 taetrum
1492 634 1741 699 facinus
1807 633 2276 700 admittendum

224 739 251 781 ο
276 721 420 788 fuit.
509 721 687 808 Ergo
738 725 803 787 et
845 722 1166 807 promissa
1209 743 1341 788 non
1383 722 1676 788 facienda
1718 744 1849 788 non
1904 744 2275 807 numquam,

278 831 484 895 neque
548 831 802 895 semper
864 810 1157 895 deposita
1218 809 1554 875 reddenda.
1646 808 1712 875 Si
1777 811 2066 896 gladium
2130 812 2273 896 quis

280 898 449 984 apud
506 901 573 963 te
637 919 797 963 sana
859 901 1074 963 mente
1143 897 1535 982 deposuerit,
1617 903 1869 984 repetat
1930 899 2273 983 insaniens,

278 986 538 1051 reddere
584 989 917 1072 peccatum
962 986 1067 1070 sit,
1114 986 1395 1052 officium
1441 1008 1572 1052 non
1612 987 1888 1051 reddere.
1962 985 2171 1062 Quid?
2219 988 2274 1052 si

276 1074 352 1158 is,
398 1074 508 1158 qui
555 1074 725 1160 apud
779 1077 845 1139 te
901 1074 1235 1159 pecuniam
1292 1074 1684 1160 deposuerit,
1738 1075 1982 1139 bellum
2039 1074 2276 1140 inferat

199 1182 250 1221 ιο
275 1162 545 1247 patriae,
590 1162 901 1227 reddasne
948 1162 1355 1247 depositum?
1417 1160 1570 1227 Non
1609 1163 1824 1246 cred03
1867 1162 2067 1228 facias
2106 1164 2275 1227 enim

278 1255 506 1316 contra
549 1271 687 1314 rem
730 1250 1078 1335 publicam,
1126 1272 1288 1334 quae
1335 1250 1525 1314 debet
1571 1271 1712 1315 esse
1758 1251 2109 1315 carissima.
2172 1249 2276 1316 Sic

279 1338 504 1422 multa,
548 1359 712 1422 quae
757 1337 1034 1404 honesta
1074 1342 1312 1402 natura
1348 1336 1647 1403 videntur
1681 1359 1838 1422 esse,
1874 1339 2275 1424 temporibus

277 1427 444 1490 fiunt
493 1447 624 1492 non
677 1426 978 1510 honesta3
1029 1425 1238 1491 facere
1290 1426 1638 1511 promissa,
1698 1430 1871 1491 stare
1927 1427 2276 1511 conventis,

277 1513 539 1579 reddere
568 1514 864 1599 deposita
891 1518 1289 1580 commutata
1314 1514 1601 1579 utilitate
1628 1515 1793 1580 fiunt
1828 1536 1959 1578 non
1984 1514 2275 1581 honesta.

199 1618 251 1660 15
278 1600 376 1667 Ac
421 1601 496 1666 de
541 1602 622 1667 iis
664 1601 939 1686 quidem,
985 1623 1149 1686 quae
1186 1601 1484 1668 videntur
1519 1624 1659 1667 esse
1694 1603 2014 1668 utilitates
2050 1607 2277 1668 contra

275 1690 595 1756 iustitiam
622 1690 1035 1756 simulatione
1062 1690 1459 1775 prudentiae,
1495 1691 1658 1756 satis
1696 1691 1981 1756 arbitror
2016 1691 2275 1757 dictum.

408 1776 532 1843 Sed
574 1778 879 1862 quoniam
916 1800 955 1843 a
992 1782 1300 1862 quattuor
1334 1778 1624 1844 fontibus
1665 1779 2028 1845 honestatis
2064 1779 2273 1865 primo
2312 1797 2374 1847 90
2462 1822 2466 1827 -

274 1868 444 1933 libro
491 1866 706 1932 officia
751 1866 1071 1944 duximuS,
1133 1866 1202 1931 in
1256 1867 1496 1932 eisdem
1548 1889 1904 1952 versemur,
1967 1889 2110 1933 cum
2172 1868 2276 1934 do-

276 1956 559 2022 cebimus
624 1977 731 2040 ea,
804 1978 967 2039 quae
1029 1955 1369 2022 videantur
1423 1978 1562 2021 esse
1615 1956 1806 2022 utilia
1866 1978 2072 2041 neque
2127 1958 2276 2041 sint,

196 2062 249 2102 »ο
278 2066 471 2129 quam
518 2044 650 2109 sint
693 2043 956 2111 virtutis
1001 2044 1276 2110 inimica.
1350 2043 1448 2110 Ac
1495 2045 1571 2110 de
1616 2045 1957 2130 prudentia
2003 2044 2276 2129 quidem,

278 2153 472 2216 quam
516 2133 660 2197 vult
701 2132 948 2197 imitari
995 2132 1273 2215 malitia,
1318 2132 1600 2217 itemque
1647 2133 1723 2197 de
1776 2133 2053 2217 iustitia,
2114 2156 2276 2218 quae

279 2241 532 2304 semper
603 2224 702 2284 est
771 2220 980 2304 utilis,
1062 2220 1463 2305 disputatum
1536 2225 1651 2285 est.
1741 2220 2052 2304 Reliquae
2125 2226 2277 2286 sunt

278 2307 442 2372 duae
494 2310 712 2392 partes
766 2308 1157 2392 honestatis,
1216 2329 1488 2392 quarum
1551 2309 1757 2372 altera
1800 2308 1868 2372 in
1914 2308 2112 2372 animi
2177 2331 2275 2374 ex-

276 2395 572 2462 cellentis
608 2396 1049 2482 magnitudine
1087 2400 1153 2461 et
1187 2396 1591 2482 praestantia
1621 2395 1920 2479 cernitur,
1967 2396 2175 2460 altera
2209 2396 2279 2460 in

195 2500 247 2542 2⁵
275 2483 785 2550 conformatione
840 2488 906 2549 et
950 2483 1391 2549 moderatione
1445 2483 1876 2549 continentiae
1929 2487 1996 2547 et
2038 2487 2278 2568 tempe-

276 2572 542 2638 rantiae.

408 2658 585 2725 Utile
620 2660 962 2725 videbatur
989 2658 1183 2743 Ulixi,
1219 2664 1294 2724 ut
1323 2659 1580 2743 quidem
1612 2662 1841 2744 poetae
1868 2659 2104 2745 tragici
2131 2682 2275 2745 pro-
2296 2621 2379 2748 292

276 2748 573 2813 diderunt
628 2746 807 2832 (nam
862 2748 1032 2832 apud
1085 2747 1469 2831 Homerum,
1531 2752 1867 2833 optumum
1930 2752 2275 2832 auctorem,

275 2837 430 2901 talis
476 2837 553 2901 de
580 2834 768 2901 Ulixe
806 2836 989 2901 nulla
1033 2836 1310 2921 suspicio
1358 2834 1512 2920 est),
1567 2836 1678 2901 sed
1714 2836 2094 2902 insimulant
2129 2857 2274 2901 eum

196 2940 248 2983 no
276 2924 646 3011 tragoediae
694 2923 1106 2989 simulatione
1149 2923 1439 2989 insaniae
1481 2924 1783 2989 militiam
1829 2924 2274 3009 subterfugere

273 3012 571 3078 voluisse.
634 3010 787 3077 Non
823 3012 1166 3077 honestum
1208 3012 1566 3096 consilium,
1613 3016 1682 3076 at
1713 3013 1890 3096 utile,
1936 3016 2010 3076 ut
2039 3012 2272 3095 aliquis

273 3099 553 3166 fortasse
601 3100 852 3184 dixerit,
897 3120 1168 3185 regnare
1214 3104 1281 3164 et
1325 3100 1588 3165 Ithacae
1634 3100 1847 3165 vivere
1893 3100 2100 3164 otiose
2129 3120 2272 3165 cum

274 3188 669 3273 parentibus,
715 3210 860 3254 cum
905 3210 1119 3270 uxore,
1167 3210 1309 3253 cum
1355 3188 1509 3254 filio.
1590 3186 1815 3253 Ullum
1862 3192 1934 3252 tu
1972 3187 2159 3252 decus
2206 3187 2273 3252 in

276 3276 614 3341 cotidianis
660 3276 994 3342 laboribus
1041 3280 1106 3340 et
1144 3276 1448 3361 periculis
1477 3298 1622 3342 cum
1649 3275 1770 3341 hac
1798 3275 2272 3359 tranquillitate

194 3379 246 3422 ³⁶
275 3364 726 3430 conferendum
781 3367 973 3450 putas
990 3363 1023 3428 ⁸?
1085 3363 1230 3450 Ego
1286 3386 1438 3430 vero
1494 3365 1688 3429 istam
1742 3363 2271 3429 contemnendam

273 3456 340 3516 et
384 3452 802 3535 abiciendam,
849 3451 1171 3537 quoniam,
1216 3474 1380 3537 quae
1417 3452 1691 3518 honesta
1727 3473 1857 3517 non
1896 3452 1999 3535 sit,
2044 3473 2124 3516 ne
2152 3452 2271 3516 uti·

274 3540 404 3605 lem
450 3540 709 3624 quidem
753 3561 892 3605 esse
930 3540 1228 3605 arbitror.
1292 3539 1459 3617 Quid
1486 3540 1657 3605 enim
1685 3540 2051 3605 auditurum
2079 3543 2269 3626 putas
2307 3549 2367 3605 98
