2630 3913
261 726 335 776 ‘16

374 198 504 260 114
1153 193 1251 250 DE
1287 194 1586 251 OFFICIIS

369 360 477 423 tus
525 377 690 442 esse,
751 358 861 441 qui
904 379 975 423 re
1020 379 1174 423 vera
1217 378 1349 423 non
1395 362 1565 423 esset
1608 358 1822 441 heres,
1874 358 1945 423 in
1988 356 2159 442 foro,
2217 358 2375 423 mihi

371 446 573 530 crede,
621 447 909 511 saltaret.
975 444 1190 512 Homo
1238 449 1456 511 autem
1501 446 1707 511 iustus
1752 446 1955 530 isque,
2003 468 2193 530 quem
2241 468 2376 512 sen·

370 535 569 598 timus
615 535 825 598 virum
869 533 1130 618 bonum,
1173 533 1340 598 nihil
1377 534 1689 618 cuiquam,
1736 535 1906 618 quod
1942 535 2014 598 in
2056 555 2123 599 se
2170 539 2377 600 trans-

370 622 565 704 ferat,
621 622 934 686 detrahet.
1023 621 1167 687 Hoc
1221 621 1332 706 qui
1388 623 1769 706 admiratur,
1823 623 1881 687 is
1938 644 2034 705 se,
2090 623 2244 706 quid
2289 624 2376 688 sit

370 711 472 775 vir
515 710 750 794 bonuS,
795 710 1039 774 nescire
1082 709 1385 775 fateatur.
1474 712 1565 774 At
1611 733 1794 794 ver0,
1840 711 1896 775 si
1942 711 2054 795 qui
2098 711 2377 776 voluerit
2429 730 2454 770 ε

372 798 569 863 animi
607 797 707 862 sui
742 799 1195 882 complicatam
1230 799 1556 864 notionem
1600 801 1910 882 evolvere,
1954 804 2085 863 iam
2133 820 2202 864 se
2237 807 2375 884 ipse

372 886 598 952 doceat
635 908 779 950 eum
815 887 1025 951 virum
1062 888 1304 953 bonum
1341 908 1498 971 esse,
1544 888 1653 971 qui
1688 887 1915 972 prosit,
1961 888 2193 970 quibus
2231 910 2372 972 pos·

372 975 475 1058 sit,
518 978 750 1039 noceat
793 975 1034 1039 nemini
1076 975 1205 1039 nisi
1249 976 1585 1040 lacessitus
1631 975 1882 1041 iniuria.
1964 974 2150 1050 Quid.
2176 977 2374 1060 ergo?

370 1062 476 1128 hic
511 1084 642 1127 non
677 1067 924 1148 noceat,
970 1064 1079 1147 qui
1127 1063 1403 1147 quodam
1438 1064 1627 1147 quasi
1662 1085 1905 1129 veneno
1946 1063 2257 1149 perficiat,
2303 1068 2375 1127 ut

370 1173 557 1216 veros
604 1151 869 1215 heredes
916 1156 1192 1235 moveat,
1235 1151 1305 1215 in
1350 1174 1566 1217 eorum
1606 1151 1819 1216 locum
1855 1152 1995 1235 ipse
2033 1152 2372 1217 succedat?
2404 1171 2454 1211 ιο

372 1237 545 1304 ‘Non
589 1239 791 1324 igitur
834 1240 1073 1324 faciat',
1120 1240 1354 1304 dixerit
1399 1240 1563 1324 quis,
1608 1239 1802 1323 ‘quod
1846 1239 2007 1304 utile
2055 1239 2158 1323 sit,
2205 1240 2372 1323 quod

371 1327 667 1412 expediat
680 1327 736 1391 2⁹
826 1326 1034 1392 Immo
1096 1327 1439 1414 intellegat
1501 1327 1664 1392 nihil
1728 1349 1845 1392 nec
1909 1328 2204 1412 expedire
2258 1348 2373 1393 nec

371 1416 531 1481 utile
579 1437 744 1500 esse,
800 1417 969 1499 quod
1026 1416 1112 1479 sit
1164 1416 1504 1500 iniustum3
1557 1416 1679 1481 hoc
1725 1416 1835 1500 qui
1880 1437 2010 1481 non
2066 1415 2373 1500 didicerit,

287 1518 357 1571 w
371 1507 578 1569 bonus
622 1503 725 1568 vir
770 1525 908 1568 esse
953 1525 1083 1569 non
1126 1503 1386 1589 poterit.
1458 1502 1524 1570 0.
1568 1503 1923 1568 Fimbriam
1970 1505 2371 1569 consularem

262 3194 329 3243 78

371 1593 708 1658 audiebam
764 1592 840 1655 de
903 1596 1087 1677 patre
1149 1596 1374 1657 nostro
1430 1613 1588 1677 puer
1642 1593 1913 1657 iudicem
1966 1591 2052 1658 M.
2107 1591 2370 1657 Lutatio
2402 1609 2451 1649 ιθ

369 1681 667 1745 Pinthiae
710 1681 936 1763 fuisse,
992 1680 1193 1763 equiti
1237 1679 1533 1744 Romano
1580 1701 1732 1745 sane
1776 1680 2080 1763 honesto,
2127 1703 2271 1745 cum
2315 1681 2371 1745 is

371 1768 1111 1920 dffilsghossiffibfigirsisg}
1129 1768 2372 1940 Πῗὲωνῐιξηῗοέιῗῑῗιᾳῖἰῗτέαᾱξέἓὲῗτῖιῑῗιῖ

370 1966 450 2009 ne
497 1948 611 2009 aut
656 1944 967 2028 spoliaret
1010 1944 1188 2009 fama
1232 1945 1575 2029 probatum
1624 1943 1977 2030 bominem,
2038 1945 2094 2010 si
2150 1949 2373 2011 contra

368 2032 797 2117 iudicavisset,
843 2037 956 2098 aut
993 2033 1299 2097 statuisse
1335 2033 1660 2099 videretur
1693 2034 1905 2097 virum
1941 2034 2184 2099 bonum
2230 2055 2370 2099 esse
2399 2037 2452 2090 2'0

369 2121 668 2205 aliquem,
713 2143 857 2186 cum
903 2143 980 2186 ea
1024 2142 1127 2186 res
1173 2122 1746 2187 innumerabilibus
1794 2121 2023 2187 officiis
2071 2126 2136 2186 et
2172 2123 2370 2186 laudi-

368 2210 489 2274 bus
535 2209 986 2276 contineretur.
1076 2209 1244 2275 Huic
1287 2210 1491 2295 igitur
1537 2211 1675 2275 viro
1722 2210 1891 2275 bono
1906 2261 1925 2294 ,
1969 2232 2159 2293 quem
2204 2208 2370 2273 Fim-

367 2297 512 2363 bria
557 2297 780 2382 etiam,
834 2319 965 2363 non
1019 2298 1209 2364 modo
1256 2295 1553 2363 Socrates
1599 2301 1896 2383 noverat,
1949 2299 2131 2364 nullo
2179 2298 2368 2365 modo

367 2386 569 2451 videri
615 2389 832 2470 potest
869 2386 1208 2470 quicquam
1254 2407 1393 2451 esse
1429 2387 1606 2470 utile,
1654 2386 1825 2470 quod
1857 2408 1988 2451 non
2026 2387 2370 2452 honestum

368 2475 473 2539 sit.
536 2474 765 2558 Itaque
802 2475 955 2539 talis
992 2474 1093 2540 vir
1126 2496 1257 2538 non
1294 2476 1485 2541 modo
1525 2475 1753 2558 facere,
1799 2475 1909 2539 sed
1953 2496 2034 2539 ne
2081 2475 2367 2560 cogitare
2398 2490 2452 2531 2⁵

369 2562 624 2646 quidem
655 2562 998 2646 quicquam
1025 2562 1304 2643 audebit,
1342 2562 1512 2646 quod
1547 2584 1678 2627 non
1714 2563 1946 2627 audeat
1980 2564 2369 2648 praedicare.

367 2649 545 2714 Haec
597 2671 727 2715 non
782 2654 969 2735 turpe
1028 2653 1129 2714 est
1192 2650 1487 2715 dubitare
1551 2650 2000 2736 philosophos,
2064 2672 2226 2734 quae
2287 2672 2369 2716 ne

367 2737 592 2802 rustici
638 2737 895 2821 quidem
941 2737 1278 2803 dubitent?
1326 2760 1365 2803 a
1401 2738 1633 2823 quibus
1669 2743 1896 2804 natum
1933 2742 2034 2803 est
2067 2739 2152 2823 id,
2200 2740 2369 2823 quod

366 2825 499 2890 iam
545 2825 892 2890 contritum
938 2829 1039 2891 est
1081 2830 1423 2911 vetustate,
1468 2827 1898 2912 proverbium.
1987 2825 2150 2892 Cum
2197 2827 2367 2892 enim

366 2914 558 2978 fidem
605 2914 873 2979 alicuius
918 2913 1403 2999 bonitatemque
1449 2916 1732 2999 laudant,
1780 2915 2044 3002 dignum
2092 2936 2230 2980 esse
2277 2915 2367 2979 di·
2398 2931 2452 2971 ³0

368 3006 538 3086 cunt,
585 3002 865 3086 ‘quicum
900 3003 969 3067 in
996 3003 1280 3068 tenebris
1309 3003 1547 3069 mices'.
1618 3002 1759 3068 Hoc
1788 3026 1980 3088 quam
2008 3003 2208 3068 habet
2233 3002 2367 3068 vim

365 3090 492 3154 nisi
547 3091 756 3175 illam,
810 3091 971 3156 nihil
1030 3091 1351 3176 expedire,
1411 3092 1580 3176 quod
1633 3113 1764 3156 non
1811 3093 2056 3175 deceat,
2112 3091 2368 3156 etiamsi

369 3179 434 3243 id
480 3180 690 3264 possis
735 3180 917 3246 nullo
962 3179 1298 3245 refellente
1345 3180 1677 3265 optinere?
1750 3179 2030 3245 Videsne
2065 3179 2188 3244 hoc
2223 3201 2366 3264 pro·

368 3266 590 3332 verbio
635 3289 841 3351 neque
879 3267 1047 3354 Gygi
1094 3268 1194 3331 illi
1238 3290 1429 3353 posse
1465 3268 1718 3333 veniam
1764 3268 1905 3333 dari
1948 3289 2153 3351 neque
2199 3267 2366 3351 huic,

367 3375 557 3437 quem
593 3355 787 3440 paulo
827 3360 975 3420 ante
1012 3356 1335 3442 fingebam
1365 3356 1714 3440 digitorum
1741 3356 2150 3441 percussione
2189 3356 2367 3419 here·
2398 3371 2454 3412 ³⁵

367 3440 602 3505 ditates
667 3444 953 3508 omnium
1015 3466 1206 3529 posse
1270 3444 1690 3510 converrere?
1780 3443 1874 3510 Ut
1936 3445 2134 3527 enim,
2198 3443 2369 3527 quod

365 3533 554 3611 turpe
609 3533 735 3612 est,
797 3531 891 3613 id,
951 3532 1243 3615 quamvis
1303 3532 1685 3616 occultetur,
1749 3537 1968 3597 tamen
2020 3533 2368 3597 honestum
