2630 3913
210 356 278 404 40

210 1503 275 1549 41

214 2970 292 3030 12

208 3045 273 3092 42

207 3530 274 3576 43

318 176 445 239 226
1162 173 1481 228 TIMAEUS

317 336 584 412 Quando
640 337 843 423 igitur
898 358 1149 419 omnes,
1206 341 1271 400 et
1326 336 1436 421 qui
1481 339 1824 400 moventur
1868 337 2215 422 palamque
2263 360 2334 403 se

317 425 683 508 ostendunt,
730 428 796 489 et
842 425 953 509 qui
999 428 1263 489 eatenus
1308 425 1499 489 nobis
1547 425 1984 509 declarantur,
2032 448 2160 526 qua
2203 426 2332 511 ipsi

317 515 571 597 volunt,
626 476 827 578 cicati
873 517 1053 596 sunt,
1108 517 1248 577 tum
1304 514 1387 577 ad
1442 535 1552 578 eos
1605 514 1662 577 is
1719 513 1901 596 deus,
1957 515 2069 598 qui
2114 516 2333 580 omnia

317 603 568 688 genuit,
612 602 817 666 fatur:
876 601 1076 666 ‘Haec
1119 623 1264 685 vos,
1322 601 1433 685 qui
1479 602 1742 666 deorum
1787 606 1935 666 satu
1982 602 2111 667 orti
2157 604 2333 687 estiS,

318 690 660 755 attendite:
700 712 971 773 quorum
1011 711 1278 775 operum
1317 711 1438 775 ego
1477 711 1711 774 parens
1750 690 2137 775 effectorque
2171 713 2332 775 sum,
2387 713 2414 754 ε

315 780 473 845 haec
513 782 664 842 sunt
706 778 1093 843 indissoluta
1132 800 1233 843 me
1269 779 1504 861 invito;
1552 800 1939 863 quamquam
1978 800 2167 843 omne
2206 780 2333 844 col—

316 868 595 952 ligatum
676 867 844 931 solvi
915 869 1161 951 potest3
1244 867 1358 931 sed
1427 866 1926 951 haudquaquam
2001 868 2158 932 boni
2232 873 2331 932 est

316 957 567 1021 ratione
623 955 911 1020 vinctum
965 955 1132 1020 velle
1189 954 1556 1020 dissolvere.
1647 952 1771 1019 Sed
1818 956 2125 1039 quoniam
2172 957 2328 1021 estis

317 1044 464 1126 orti,
510 1044 889 1108 inmortales
934 1066 1051 1109 vos
1098 1044 1355 1127 quidem
1401 1065 1542 1107 esse
1579 1047 1645 1107 et
1678 1043 2162 1109 indissolubiles
2197 1066 2330 1109 non

315 1132 619 1218 potestiS,
681 1133 1058 1215 neutiquam
1121 1136 1342 1196 tamen
1406 1130 1874 1215 dissolvemini,
1939 1154 2147 1217 neque
2208 1155 2325 1197 vos
2360 1155 2412 1194 ιο

315 1221 453 1285 ulla
506 1220 738 1285 mortis
792 1221 932 1285 fata
984 1220 1305 1305 periment
1357 1241 1475 1285 nec
1529 1219 1709 1285 fraus
1764 1221 2088 1285 valentior
2135 1243 2329 1305 quam

316 1309 656 1374 consilium
702 1331 942 1392 meum,
989 1309 1160 1393 quod
1205 1308 1415 1373 maius
1461 1312 1562 1372 est
1606 1308 1934 1373 vinculum
1981 1309 2063 1373 ad
2107 1332 2330 1395 perpe·

315 1399 618 1462 tuitatem
675 1401 958 1462 vestram
1016 1420 1210 1482 quam
1262 1397 1407 1480 illa,
1463 1397 1695 1480 quibus
1752 1397 1908 1461 estis
1955 1401 2124 1481 tum,
2184 1420 2329 1464 cum

318 1486 789 1571 gignebamini,
843 1485 1175 1571 conligati.
1266 1484 1434 1560 Quid
1480 1486 1756 1550 sentiam
1809 1485 2040 1570 igitur,
2095 1499 2328 1571 cogno·

317 1577 502 1639 scite:
548 1574 703 1639 Tria
740 1596 978 1659 genera
1012 1575 1198 1639 nobis
1237 1574 1487 1657 reliqua
1533 1577 1709 1656 sunt,
1758 1595 1958 1658 eaque
1996 1576 2324 1657 mortalia3
2357 1593 2407 1633 15

316 1664 549 1748 quibus
596 1662 1069 1747 praetermissis
1117 1662 1280 1726 caeli
1327 1662 1651 1727 absolutio
1697 1661 1985 1746 perfecta
2019 1684 2148 1726 non
2186 1663 2326 1726 erit.

316 1750 550 1815 Omnia
596 1751 765 1815 enim
813 1772 1050 1836 genera
1096 1750 1474 1815 animalium
1512 1751 1850 1834 complexu
1886 1773 2016 1815 non
2051 1750 2323 1833 tenebit3

314 1842 536 1903 teneat
591 1842 806 1903 autem
864 1838 1218 1923 oportebit,
1272 1842 1347 1902 ut
1402 1861 1479 1903 ex
1534 1839 1756 1904 eodem
1810 1861 1890 1903 ne
1936 1837 2089 1922 quid
2132 1838 2322 1902 absit.

316 1926 492 2003 Quae
540 1950 578 1992 a
625 1949 726 1991 me
773 1928 914 2011 ipso
964 1928 1190 1992 effecta
1233 1929 1291 1993 si
1337 1926 1485 2011 sint,
1532 1927 1796 1992 deorum
1834 1927 2034 1992 vitam
2069 1926 2324 2012 possint

315 2017 692 2099 adaequare.
781 2015 875 2082 Ut
907 2017 1123 2101 igitur
1167 2016 1432 2080 mortali
1488 2016 1858 2081 condicione
1921 2019 2322 2102 generentur,
2352 2035 2404 2074 2⁰

316 2126 431 2169 vos
472 2105 795 2189 suscipite,
832 2109 906 2169 ut
941 2105 1058 2169 illa
1096 2104 1386 2191 gignatis
1423 2104 1892 2189 imiteminique
1929 2105 2060 2168 vim
2096 2126 2325 2187 meam,

316 2216 444 2276 qua
511 2215 611 2257 me
674 2193 743 2257 in
806 2197 1023 2258 vestro
1089 2197 1236 2258 ortu
1301 2215 1487 2258 usum
1552 2214 1692 2258 esse
1758 2193 2161 2258 meministis.
2248 2155 2329 2257 Iri

316 2282 548 2365 quibus
597 2281 708 2365 qui
751 2283 917 2346 tales
965 2283 1381 2365 creabuntur,
1436 2285 1509 2346 ut
1564 2282 1826 2346 deorum
1882 2281 2326 2346 inmortalium

316 2371 502 2454 quasi
548 2371 824 2456 gentiles
868 2392 1006 2435 esse
1045 2371 1337 2453 debeant,
1386 2369 1586 2435 divini
1623 2370 1877 2454 generis
1914 2371 2326 2455 appellentur

314 2464 704 2543 teneantque
751 2459 1038 2523 omnium
1076 2459 1503 2523 animantium
1540 2458 1975 2543 principatum
2012 2458 2324 2541 vobisque
2355 2475 2406 2514 2⁵

313 2548 451 2612 iure
499 2552 565 2612 et
610 2548 753 2632 lege
800 2548 1092 2612 volentes
1147 2551 1447 2631 pareant3
1508 2568 1780 2631 quorum
1834 2546 2021 2612 vobis
2068 2546 2325 2610 initium

316 2639 623 2718 satusque
668 2636 964 2700 tradetur
1010 2659 1048 2699 a
1094 2657 1223 2718 me,
1278 2657 1396 2700 vos
1445 2639 1663 2699 autem
1709 2634 1789 2697 ad
1835 2634 1928 2716 id,
1983 2634 2154 2717 quod
2201 2637 2327 2698 erit

313 2723 687 2806 inmortale,
740 2729 992 2808 partem
1050 2723 1393 2787 attexitote
1438 2725 1797 2788 mortalem.
1887 2722 1993 2786 Ita
2040 2722 2326 2787 orientur

315 2812 705 2894 animanteS,
759 2834 920 2896 quos
976 2815 1043 2877 et
1096 2812 1279 2876 vivos
1336 2812 1530 2876 alatis
1588 2815 1653 2875 et
1708 2815 2125 2897 consumptos
2181 2810 2325 2875 sinu

313 2899 687 2984 recipiatis?
2347 2917 2405 2955 3ο

445 2987 626 3053 Haec
678 2989 791 3053 ille
848 2988 1027 3052 dixit.
1116 2988 1364 3052 Deinde
1421 2989 1503 3052 ad
1555 2988 2093 3072 temperationem
2145 3009 2326 3071 supe·

312 3078 550 3143 riorem
598 3077 893 3160 revertit3
937 3077 1003 3141 in
1055 3099 1181 3160 qua
1228 3099 1485 3141 omnem
1523 3077 1808 3141 animum
1845 3077 2180 3141 universae
2216 3098 2327 3139 na-

312 3169 496 3230 turae
526 3169 895 3250 temperans
923 3166 1358 3250 permiscebat
1376 3165 1851 3250 superiorisque
1879 3164 2324 3249 permixtionis

310 3253 619 3337 reliquias
676 3255 950 3319 fundens
1007 3254 1331 3337 aequabat
1386 3254 1608 3318 eodem
1664 3254 1855 3318 modo
1909 3253 2138 3337 ferme,
2199 3252 2327 3316 nisi

314 3342 484 3423 quod
539 3364 670 3407 non
724 3344 819 3406 ita
873 3343 1271 3428 incorrupta,
1330 3347 1402 3406 ut
1458 3364 1558 3425 ea,
1614 3364 1778 3426 quae
1834 3364 2085 3426 semper
2139 3341 2326 3423 idem,
2356 3358 2408 3397 3⁵

315 3428 425 3491 sed
483 3430 562 3493 ab
619 3430 700 3493 iis
759 3431 1103 3495 secundum
1171 3432 1469 3495 sumebat
1533 3433 1726 3515 atque
1782 3430 1980 3494 etiam
2044 3429 2325 3493 tertium.

314 3514 480 3578 Toto
527 3516 731 3599 igitur
770 3518 944 3582 omni
982 3519 1337 3583 constituto
1377 3519 1693 3584 sideribus
1729 3541 1953 3602 parem
1990 3539 2327 3581 numerum
