2630 3913
364 219 494 284 390
1135 219 1588 275 FRAGMENTA

365 381 697 447 Cantantes
740 382 1034 446 multum:
1078 382 1341 446 multum
1379 383 1646 464 gaudere
1683 386 1958 463 putares,

365 470 472 535 Sic
515 471 701 536 laetos
744 471 977 534 mistim
1019 471 1257 534 iactant
1296 490 1479 552 super
1521 470 1767 535 aethera
1811 477 2059 537 cantus:

365 560 457 623 Et
497 559 589 623 vel
632 561 702 623 in
743 559 934 622 aeriis
975 559 1196 642 ramis,
1239 559 1333 623 vel
1376 561 1446 623 in
1490 559 1704 623 arbore
1743 578 2013 638 summa,

368 646 736 712 Concutiunt
774 647 1018 710 reduces
1061 646 1196 711 Eoo
1240 651 1501 728 tempore
1538 667 1790 728 pennas.
2272 665 2382 714 280

370 736 544 800 Tunc
586 737 884 799 immensa
921 755 1151 816 qruum
1192 735 1400 799 videas
1442 737 1707 800 veniente
1748 756 1954 800 sereno

366 824 645 905 Aqmina
677 823 925 905 prolixo
966 824 1122 903 ferri
1164 843 1348 904 super
1390 828 1539 887 ae'ra
1584 828 1807 901 tractu,

368 913 498 976 Nec
539 912 718 976 semel
760 913 1063 993 inceptwm
1105 931 1272 975 verso
1303 913 1459 993 pede
1500 910 1730 992 flectere
1771 932 2036 977 cursum.

367 999 443 1064 Si
485 1000 681 1064 subito
725 1004 1031 1064 astrorum
1074 1000 1344 1063 nitidum
1387 1000 1570 1063 iubar
1613 1000 1978 1085 obscuretur,

369 1088 498 1152 Nee
540 1089 759 1153 densae
802 1088 1175 1153 abscondant
1215 1093 1360 1151 atra
1402 1089 1661 1170 caliqine
1703 1089 1913 1166 nubes,
2274 1105 2381 1154 285

367 1176 498 1241 Nec
539 1177 798 1260 nebulis,
842 1197 950 1240 nec
992 1178 1121 1240 sint
1160 1177 1398 1240 victrv'ci
1440 1177 1703 1241 obnoxia
1745 1177 1989 1261 Lunae,

368 1265 603 1329 Inclita
644 1266 749 1329 sed
776 1266 1033 1346 proprio
1078 1269 1453 1329 marcescant
1493 1266 1698 1329 sidera
1741 1271 1908 1330 motu
1922 1316 1939 1348 ‚

374 1354 548 1418 Tunc
593 1354 704 1417 tibi
745 1373 872 1417 non
905 1354 1220 1433 placidam
1254 1353 1567 1434 promittit
1607 1353 1850 1435 Iupiter
1892 1353 2200 1436 aethram,

370 1441 494 1505 Sed
535 1443 760 1506 tristeis
803 1461 1028 1506 auras:
1076 1439 1245 1506 Caeli
1289 1442 1529 1524 reqione
1570 1442 1681 1506 sub
1723 1463 1854 1507 una

369 1529 704 1594 Immotam
746 1530 953 1594 videas
996 1529 1104 1594 illo
1147 1550 1378 1611 quoque
1420 1535 1679 1612 tempore
1719 1531 1962 1613 nubem,
2276 1546 2381 1594 290

370 1618 867 1699 Praeterlapsam
910 1618 1132 1700 aliam,
1179 1624 1361 1699 atque
1401 1619 1596 1682 aliam
1628 1623 1774 1700 post
1815 1624 1983 1702 terqa
2024 1624 2383 1701 sequentem.

370 1706 506 1770 Ibit
546 1712 604 1771 et
645 1708 732 1770 ad
761 1711 1015 1786 pastum
1058 1709 1302 1787 maqnis
1345 1707 1728 1789 clanyoribus
1771 1728 1984 1772 anser:

371 1794 632 1858 Saecula
663 1814 859 1875 passa
901 1814 1111 1857 novem
1154 1795 1372 1858 cornix
1416 1795 1529 1859 tibi
1568 1796 1749 1877 siqna
1779 1796 2084 1877 procellae

371 1882 561 1946 Nocte
604 1883 775 1946 dabit
814 1882 1101 1965 stridone,
1144 1901 1464 1965 serumque
1505 1884 1831 1948 monedula
1873 1889 2157 1969 cantans,

372 1971 464 2034 Et
504 1976 784 2053 surqente
824 1971 922 2034 die
952 1991 1197 2051 passer,
1241 1973 1622 2053 reliquaeque
1663 1973 1931 2038 volucres
2277 1990 2384 2038 295

371 2059 661 2139 Aequora
706 2060 1072 2139 linquentes:
1119 2064 1262 2124 tunc
1304 2066 1364 2124 et
1404 2062 1645 2142 spelaea
1687 2061 1913 2125 subibit

376 2147 683 2226 Orchilus,
727 2152 786 2211 et
824 2167 1072 2212 recavas
1116 2148 1379 2213 latebras
1422 2151 1707 2230 anquiret
1748 2149 2068 2228 Eritheiis,

373 2237 802 2317 Nocturnoque
843 2240 1019 2300 satur
1063 2238 1349 2301 condetur
1386 2238 1678 2319 qraculus
1720 2243 1917 2302 antro.

374 2324 531 2389 Cum
572 2326 710 2406 fera
755 2329 1070 2406 tempestas
1111 2326 1308 2389 instat
1347 2326 1558 2389 nullae
1598 2327 1865 2407 undique
1907 2346 2076 2392 ceras

373 2412 737 2478 Phoenicias
778 2414 1100 2477 variarum
1144 2414 1357 2494 apium
1400 2418 1672 2478 struxere
1716 2419 2010 2497 catervae,
2279 2433 2388 2481 300

371 2502 667 2583 Mellifiico
711 2506 811 2566 ast
850 2503 1019 2565 intus
1062 2520 1187 2566 sese
1230 2501 1542 2565 accinxere
1585 2502 1781 2566 labori
1789 2523 1812 2580 ,·

372 2590 577 2670 Atque
618 2591 735 2653 iter
776 2590 1081 2670 inceptum
1122 2590 1337 2672 refuqo
1369 2609 1487 2670 per
1529 2595 1745 2671 aperta
1786 2592 1994 2655 volatu

373 2678 764 2760 Strymoniae
805 2697 1020 2757 rupere
1057 2697 1262 2758 qrues,
1307 2683 1367 2741 et
1409 2682 1576 2760 terqa
1618 2679 1923 2743 dederunt.

377 2766 503 2830 Nec
548 2766 694 2830 levis
736 2766 806 2828 in
838 2765 1089 2845 placido
1132 2785 1270 2828 cum
1310 2767 1512 2846 fertur
1556 2787 1791 2831 aranea
1835 2767 2020 2850 caelo,

372 2855 508 2917 Aut
549 2854 747 2917 invita
790 2854 944 2917 nitet
982 2856 1302 2919 manantis
1344 2854 1603 2935 flamma
1648 2856 1951 2933 lucernae,
2286 2873 2393 2923 305

372 2942 509 3006 Aut
551 2944 748 3007 tenuis
792 2943 1053 3006 cinerem
1085 2944 1401 3023 percurrit
1437 2943 1646 3026 fulqor
1688 2944 1766 3007 ab
1810 2944 1969 3025 iqni,

374 3030 626 3113 Neqliqe
668 3050 910 3095 saevam
953 3030 1238 3112 hyemem.
1310 3030 1433 3096 Sed
1472 3033 1626 3113 quid
1667 3032 2021 3096 documenta
2062 3033 2272 3112 futuri

371 3118 587 3184 Multa
632 3119 741 3183 tibi
783 3118 1094 3196 referam?
1139 3120 1296 3183 cinis
1340 3117 1430 3200 (et
1470 3121 1622 3201 quid
1662 3121 1848 3184 vilius
1890 3121 1997 3185 illo
2009 3120 2077 3204 .9)

373 3205 697 3272 Concretus
738 3208 1008 3271 nimium
1051 3208 1256 3272 niveos
1299 3208 1626 3272 denuntiat
1668 3209 1922 3273 imbres:

372 3294 740 3359 Praemonet
779 3295 889 3359 lios
932 3300 990 3359 et
1027 3296 1144 3375 fax
1186 3298 1473 3359 nocturni
1517 3297 1757 3360 conscia
1793 3297 1999 3380 pensi,
2291 3315 2401 3364 310

372 3379 530 3444 Oum
574 3383 746 3447 milio
780 3383 1047 3463 paribus
1095 3385 1356 3447 candent
1396 3384 1696 3466 ellychnia
1738 3386 1948 3467 siquis.

377 3468 551 3531 Tunc
593 3471 785 3550 spisso
828 3472 1024 3535 veniet
1058 3472 1348 3553 qlacialis
1391 3473 1468 3536 ab
1512 3472 1748 3537 aethere
1785 3474 2054 3556 grando,

373 3549 530 3616 Oum
574 3558 729 3620 nitet
768 3563 1070 3622 extremus
1113 3561 1397 3623 candenti
1443 3560 1673 3625 lumine
1715 3561 1920 3644 carbo,
