2630 3913
350 195 481 257 382
1126 190 1574 244 FRAGMENTA

348 353 435 417 In
477 355 673 418 medio
716 355 955 417 venient
996 358 1224 417 nautae
1268 354 1568 416 cernenda
1599 351 1943 433 profundo,

351 442 474 522 Qui
516 444 761 524 siynum
807 446 1153 522 eoespectans
1197 460 1493 521 maynum
1536 445 1745 503 manet
1794 439 2053 515 Oriona,

350 530 582 612 Nempe
625 532 740 595 iter
781 534 855 594 ut
894 530 1077 610 ratis,
1123 533 1181 591 et
1222 530 1414 592 noetis
1456 547 1748 592 mensura
1785 531 2084 608 patescat,

353 618 580 698 Qualia
615 619 808 701 plura
851 616 1168 680 hominum
1205 618 1416 699 qeneri
1460 615 1555 679 Di
1598 617 1779 698 si9na
1822 617 2128 680 dederunt.
2269 630 2379 679 ‘164

909 861 959 912 b.
1016 858 1242 912 ARATI
1275 857 1787 912 PROGNOSTICA

862 946 1014 1000 CUM
1052 945 1273 1000 GROTI
1312 945 1873 1000 SUPPLEMENTIS.

484 1053 605 1121 Cic.
649 1054 780 1120 Att.
825 1055 916 1118 II
944 1061 999 1120 1.
1036 1060 1115 1118 11
1161 1055 1560 1137 Proynostiea
1603 1075 1739 1118 mea
1783 1075 1923 1118 eum
1965 1055 2380 1119 oratiunculis

342 1164 532 1225 prope
575 1145 736 1207 diem
780 1149 1039 1224 expecta.

350 1232 641 1295 Primum
685 1233 957 1312 equidem
1001 1232 1269 1295 modicae
1301 1236 1532 1311 parent
1574 1251 1711 1295 eum
1756 1250 1991 1295 cornua
2032 1229 2305 1295 Phoebes

349 1319 630 1400 Aequore
673 1321 751 1384 ab
794 1319 1118 1400 Hesperio,
1162 1325 1503 1383 nascentem
1548 1339 1785 1384 cernere
1826 1337 2090 1382 mensem
2134 1323 2255 1383 est:

351 1409 444 1471 At
486 1429 623 1471 cum
654 1409 874 1489 prima
919 1408 1088 1471 Deae
1133 1412 1369 1470 tenuem
1417 1407 1526 1470 lua·
1570 1411 1794 1471 emovet
1833 1406 2146 1490 umbram,

351 1497 541 1559 Isana
585 1496 695 1560 tibi
737 1500 1025 1576 quartam
1057 1495 1417 1577 properabit
1457 1495 1700 1560 reddere
1745 1495 1950 1559 lucem,

353 1584 641 1649 Dimidia
685 1590 983 1666 octavam,
1027 1585 1296 1648 medium
1338 1584 1455 1662 fax
1497 1583 1738 1664 inteqra
1779 1602 2043 1647 mensem
2343 1599 2377 1648 5

351 1671 645 1749 Denotat,
691 1678 870 1753 atque
912 1673 1075 1736 alias
1119 1672 1266 1734 aliis
1308 1671 1557 1734 variata
1598 1671 1819 1753 figuris

363 1760 619 1823 Venturi
659 1780 984 1823 numerum
1026 1761 1210 1823 solita
1253 1764 1342 1823 est
1383 1779 1649 1823 narrare
1691 1760 1828 1823 diei.

352 1847 587 1927 Nempe
628 1852 897 1911 extrema
944 1846 1053 1909 tibi
1085 1852 1381 1927 poterunt
1422 1848 1645 1912 edicere
1687 1848 1882 1911 noctis

352 1934 653 2017 Siqnifem'
686 1939 922 2016 partes,
967 1954 1262 2016 maynum
1304 1937 1415 2017 qui
1457 1935 1680 2018 diqerit
1719 1955 1971 2000 annum.

354 2024 520 2103 Quin
563 2028 621 2087 et
649 2023 993 2105 plantandi
1036 2044 1173 2087 eum
1220 2029 1504 2107 tempore,
1552 2030 1785 2105 tempus
1826 2025 2055 2088 arandi
2306 2042 2377 2090 10

352 2113 594 2192 Iupiter
637 2132 668 2175 e
711 2112 861 2176 celso
906 2113 1137 2177 cunctis
1181 2114 1546 2176 monstravit
1591 2111 1861 2193 Olympo,

353 2200 590 2265 Navita
632 2204 913 2265 venturos
956 2221 988 2264 e
1032 2201 1193 2264 caelo
1226 2202 1510 2281 providet
1551 2201 1796 2283 imbres,

353 2289 444 2352 Et
484 2294 655 2353 catus
697 2290 768 2352 in
811 2289 1005 2352 medio
1048 2308 1256 2353 saevos
1301 2290 1472 2353 timet
1511 2308 1766 2369 aequore
1808 2289 2073 2372 nimb03‚

352 2377 694 2441 Arcturum
738 2377 1081 2459 observans,
1126 2382 1183 2440 et
1223 2381 1458 2440 caetera
1501 2378 1706 2440 sidera
1737 2383 1930 2458 ponto

353 2465 489 2528 Aut
530 2481 773 2545 crepera
818 2466 969 2542 luce,
1014 2469 1128 2528 aut
1157 2465 1391 2545 primis
1434 2469 1650 2528 exacta
1695 2465 1976 2547 tenebris,
2302 2482 2373 2530 15

355 2553 594 2617 Scilicet
634 2552 779 2615 haec
824 2553 998 2634 lonyo
1042 2557 1179 2616 rota
1218 2554 1462 2631 fervida
1505 2551 1672 2615 Solis
1715 2554 1785 2615 in
1828 2573 1993 2616 anno

354 2640 659 2719 Permeat,
704 2645 817 2702 aut
848 2641 1067 2721 pelaqo
1111 2641 1373 2704 candens
1418 2660 1555 2703 cum
1598 2640 1798 2722 suryit
1840 2641 2002 2723 Eoo,

352 2728 488 2791 Aut
528 2727 708 2790 ruber
753 2729 984 2791 occidui
1027 2748 1166 2791 eunt
1209 2729 1503 2810 merqitur
1546 2729 1827 2808 aequoris
1869 2729 2079 2809 undis,

353 2814 586 2879 Cuncta
628 2835 809 2878 suam
852 2820 1122 2897 spectant
1162 2817 1310 2880 dum
1355 2817 1506 2880 caeli
1547 2817 1753 2880 sidera
1797 2817 2001 2880 lucem.

351 2903 522 2967 Scire
549 2903 657 2967 tibi
682 2902 793 2967 hoc
815 2904 999 2982 facile
1024 2909 1141 2978 est,·
1169 2924 1433 2984 namque
1449 2904 1676 2968 isthaec
1693 2905 1902 2968 omnia
1919 2909 2269 2969 monstrant
2301 2922 2372 2970 20

349 2991 476 3056 Bis
519 2992 697 3072 quini
741 2997 920 3072 atque
961 3012 1173 3056 novem
1217 2990 1476 3056 Phoebei
1521 2992 1777 3056 luminis
1820 2992 2002 3056 orbes.

354 3080 519 3159 Quid
557 3080 722 3159 terat
768 3079 959 3143 Orion
1003 3101 1047 3144 a
1087 3098 1245 3145 zona
1290 3081 1497 3144 clarus
1539 3080 1626 3143 ad
1665 3080 1862 3143 imum

351 3168 498 3231 Iam
541 3169 729 3249 nosti,
774 3173 832 3231 et
872 3168 1085 3232 rabido
1129 3168 1496 3249 flaqrantem
1540 3166 1756 3232 Sirion
1798 3174 1986 3233 aestu.

350 3255 498 3319 Iam
542 3256 752 3319 varias
794 3260 983 3319 sortes
1027 3261 1221 3319 terrae
1265 3260 1322 3318 et
1366 3256 1561 3320 maris
1606 3276 1636 3318 e
1680 3255 1849 3320 Iovis
1893 3257 2082 3321 astris

352 3343 548 3405 Nosse
580 3346 777 3422 pote3‚
822 3343 1122 3423 stellisque
1167 3343 1535 3423 tridentiferi
1579 3342 1869 3424 Neptuni.
2305 3362 2371 3411 25

352 3428 479 3489 His
524 3448 769 3506 operam
814 3449 1011 3492 nava:
1056 3450 1163 3493 nec
1205 3432 1289 3494 sit
1333 3431 1442 3495 tibi
1484 3451 1771 3511 quaerere
1812 3433 2066 3515 durum,

352 3510 426 3572 Si
471 3516 525 3573 te
566 3513 822 3577 sollicito
868 3517 1081 3595 cupias
1125 3520 1488 3582 committere
1521 3523 1712 3599 ponto
1720 3568 1738 3601 ‚
