2630 3913
898 204 1048 258 CAP.
1090 211 1244 260 7—9.
1320 210 1351 270 ς
1390 210 1615 260 24—30.
2137 208 2258 268 141

248 368 422 433 enim
470 370 611 431 erat
655 367 836 431 locus
883 366 1049 429 alter
1097 366 1172 430 de
1219 366 1397 430 vitiis
1454 365 1858 453 senectutis),
1911 389 2042 431 non
2095 369 2262 451 pluS‚

250 478 445 541 quam
465 454 840 520 adulescens
868 454 1040 518 tauri
1068 458 1183 518 aut
1211 454 1543 539 elephanti
1571 454 2031 520 desiderabam.
2078 453 2261 529 Quod

250 548 368 627 est,
413 565 488 608 eo
536 543 719 608 decet
762 542 860 607 uti
905 546 989 625 et,
1035 542 1338 626 quicquid
1385 564 1560 628 agas,
1607 563 1797 627 agere
1841 565 1961 628 pro
1998 543 2261 608 viribus.

250 632 426 708 Quae
473 632 644 695 enim
689 653 814 697 vox
857 634 1079 715 potest
1125 653 1263 696 esse
1307 631 1738 715 contemptior
1776 653 1970 715 quam
1998 631 2261 696 Milonis

195 741 223 779 5
251 719 710 786 Crotoniatae?
758 718 868 803 qui
914 741 1060 784 cum
1102 720 1236 783 iam
1283 741 1475 784 senex
1523 723 1695 783 esset
1740 720 2149 804 athletasque
2194 743 2261 784 se

251 812 616 874 exercentes
662 808 730 871 in
767 807 1082 872 curriculo
1119 807 1385 892 videret,
1431 808 1756 892 aspexisse
1794 810 2072 872 lacertos
2112 830 2261 873 suos

252 898 485 962 dicitur
511 896 1054 979 inlacrimansque
1084 896 1346 959 dixisse:
1383 896 1516 959 ‘At
1541 896 1619 959 hi
1650 896 1950 979 quidem
1979 899 2262 961 mortui

249 986 397 1050 iam
436 984 652 1049 sunt?
716 982 867 1049 Non
903 1006 1056 1049 vero
1094 989 1230 1049 tam
1268 984 1382 1048 isti
1420 1006 1614 1067 quam
1651 988 1723 1049 tu
1759 985 1917 1068 ipse,
1954 988 2259 1071 nugator!

250 1095 455 1157 neque
492 1072 663 1136 enim
700 1094 776 1136 ex
812 1076 879 1136 te
923 1094 1232 1156 umquam
1278 1094 1347 1137 es
1393 1072 1795 1154 nobilitatuS,
1841 1072 1954 1136 sed
1990 1096 2067 1137 ex
2105 1075 2262 1138 late-

175 1183 224 1223 ιο
251 1162 430 1227 ribus
486 1164 552 1225 et
604 1160 865 1226 lacertis
921 1161 1070 1225 tuis.
1159 1159 1345 1225 Nihil
1402 1158 1543 1225 Sex.
1597 1160 1823 1224 Aelius
1879 1162 2039 1244 tale,
2096 1162 2261 1225 nihil

253 1250 477 1314 multis
514 1249 699 1313 annis
738 1252 887 1313 ante
924 1248 1019 1313 Ti.
1048 1247 1507 1331 CoruncaniuS,
1546 1248 1711 1312 nihil
1750 1250 1939 1313 modo
1978 1249 2048 1312 P.
2077 1247 2262 1314 Cras-

254 1360 390 1420 sus,
445 1360 483 1401 a
528 1337 758 1421 quibus
805 1338 949 1402 iura
993 1336 1239 1402 civibus
1295 1336 1926 1422 praescribebantur3
1989 1359 2260 1420 quorum

253 1447 456 1509 usque
502 1426 582 1489 ad
627 1430 985 1490 extremum
1030 1425 1334 1510 spiritum
1389 1430 1489 1490 est
1541 1429 1848 1510 provecta
1900 1425 2261 1509 prudentia.

255 1513 492 1579 Orator
519 1518 734 1578 metuo
762 1536 843 1578 ne
880 1515 1260 1599 languescat
1296 1518 1650 1596 senectute3
1688 1519 1786 1577 est
1824 1515 1993 1578 enim
2031 1536 2261 1577 munus

174 1624 226 1663 1⁵
256 1603 391 1667 eius
436 1623 568 1667 non
610 1601 854 1687 ingenii
900 1603 1132 1686 solum,
1178 1602 1291 1666 sed
1338 1603 1614 1668 laterum
1662 1602 1860 1666 etiam
1908 1606 1974 1665 et
2008 1603 2260 1667 virium.

254 1690 529 1757 Omnino
576 1712 882 1754 canorum
927 1690 1091 1754 illud
1136 1691 1201 1754 in
1252 1712 1407 1755 voce
1464 1690 1853 1775 splendescit
1907 1691 2104 1755 etiam
2158 1714 2261 1755 ne-

252 1780 385 1845 scio
450 1800 576 1863 quo
645 1782 837 1863 pacto
901 1778 971 1841 in
1034 1782 1392 1862 senectute,
1467 1779 1637 1862 quod
1706 1779 2000 1862 equidem
2055 1779 2263 1844 adhuc

249 1890 380 1934 non
426 1866 643 1950 amisi,
708 1871 774 1931 et
827 1866 1060 1932 videtis
1116 1888 1347 1948 annos3
1402 1867 1513 1931 sed
1569 1872 1789 1932 tamen
1848 1872 1950 1932 est
1996 1868 2262 1933 decorus

254 1956 424 2021 senis
471 1978 682 2020 sermo
721 1954 975 2040 quietus
1013 1960 1080 2020 et
1124 1956 1459 2040 remissus,
1502 1954 1787 2041 facitque
1843 1979 1959 2040 per
2005 1979 2073 2021 se
2119 1959 2263 2042 ipsa

174 2067 227 2105 20
256 2045 380 2109 sibi
427 2044 820 2109 audientiam
877 2044 1102 2108 diserti
1148 2045 1319 2108 senis
1375 2050 1637 2129 compta
1696 2049 1762 2109 et
1806 2045 1986 2109 mitis
2034 2047 2261 2110 oratio.

255 2132 463 2208 Quam
510 2132 567 2195 si
608 2132 747 2215 ipse
794 2132 1020 2215 exequi
1071 2153 1353 2215 nequeas
1365 2183 1383 2216 ,
1437 2132 1648 2217 possis
1705 2137 1925 2199 tamen
1980 2132 2264 2218 Scipioni

255 2219 624 2304 praecipere
670 2224 736 2283 et
779 2220 1018 2285 Laelio.
1100 2218 1266 2294 Quid
1312 2221 1482 2284 enim
1531 2226 1630 2284 est
1673 2221 2007 2285 iucundius
2056 2244 2263 2287 senec·

256 2312 399 2372 tute
455 2307 698 2391 stipata
758 2308 986 2373 studiis
1051 2308 1449 2373 iuventutis?
1515 2308 1619 2371 An
1672 2330 1752 2372 ne
1805 2309 1956 2372 illas
2005 2310 2264 2393 quidem

257 2396 427 2462 vires
485 2396 798 2460 senectuti
851 2397 1312 2480 relinquemus,
1375 2400 1449 2460 ut
1514 2395 1954 2461 adulescentes
2019 2397 2264 2480 doceat,

174 2505 227 2546 25
256 2485 579 2567 instituat,
626 2483 706 2547 ad
743 2505 929 2549 omne
967 2484 1164 2549 officii
1200 2506 1432 2549 munus
1468 2485 1795 2548 instruat?
1842 2507 1968 2568 quo
2007 2486 2264 2568 quidem

256 2595 451 2658 opere
499 2572 652 2656 quid
696 2577 913 2656 potest
960 2595 1097 2638 esse
1143 2573 1580 2658 praeclarius?
1653 2572 1816 2636 Mihi
1858 2595 2009 2638 vero
2049 2578 2114 2638 et
2151 2572 2264 2638 Cn.

256 2666 324 2726 et
359 2662 430 2726 P.
458 2659 787 2744 Scipiones
825 2666 892 2725 et
938 2662 1042 2726 avi
1086 2662 1182 2726 tui
1229 2662 1374 2747 duc,
1419 2662 1488 2725 L.
1520 2662 1839 2726 Aemilius
1878 2666 1959 2726 et.
1997 2661 2066 2726 P.
2095 2661 2265 2726 Afri-

255 2771 482 2833 canus,
536 2749 850 2814 comitatu
894 2749 1211 2814 nobilium
1256 2750 1561 2815 iuvenum
1603 2750 1921 2816 fortunati
1966 2751 2264 2816 videban-

256 2843 392 2922 tur,
435 2859 554 2902 nec
597 2837 718 2902 ulli
764 2839 1083 2902 bonarum
1128 2837 1368 2902 artium
1414 2839 1712 2924 magistri
1756 2861 1887 2904 non
1931 2840 2108 2904 beati
2154 2863 2265 2924 pu-

177 2944 231 2986 3⁰
257 2926 457 3009 tandi,
486 2926 781 3008 quamvis
810 2925 1260 2990 consenuerint
1286 2927 1458 2991 vires
1488 2932 1679 3011 atque
1710 2927 2071 2992 defecerint.
2119 2926 2266 2992 Etsi

257 3015 402 3099 ipsa
452 3013 582 3078 ista
638 3013 909 3078 defectio
956 3014 1191 3078 virium
1248 3014 1719 3080 adulescentiae
1764 3015 1941 3080 vitiis
1990 3015 2265 3080 efficitur

259 3102 515 3186 saepius
581 3123 775 3185 quam
840 3103 1214 3185 senectutis3
1278 3103 1623 3168 libidinosa
1688 3104 1857 3167 enim
1923 3108 1988 3167 et
2041 3103 2265 3166 intem·

258 3212 491 3275 perans
556 3189 991 3254 adulescentia
1055 3191 1315 3254 effetum
1379 3213 1610 3276 corpus
1673 3190 1875 3255 tradit
1935 3191 2265 3256 senectuti.

259 3277 465 3362 Cyrus
513 3277 769 3360 quidem
815 3277 985 3362 apud
1030 3277 1524 3362 Xenophontem
1571 3301 1646 3344 eo
1695 3301 2015 3363 sermone,
2076 3301 2265 3363 quem

180 3384 231 3424 ³⁶
259 3366 542 3431 moriens
586 3365 843 3448 habuit,
890 3387 1035 3430 cum
1082 3365 1425 3431 admodum
1473 3390 1662 3431 senex
1709 3371 1906 3449 esset,
1950 3372 2150 3451 negat
2199 3390 2266 3431 se

257 3476 565 3538 umquam
613 3454 888 3518 sensisse
936 3459 1329 3519 senectutem
1377 3477 1560 3520 suam
1604 3456 2095 3521 imbecilliorem
2140 3456 2266 3521 fac-

258 3546 422 3627 tam,
486 3564 680 3626 quam
743 3542 1179 3607 adulescentia
1241 3542 1488 3608 fuisset.
1588 3542 1732 3628 Ego
1796 3544 1869 3609 L.
1931 3544 2266 3612 Metellum

2302 1529 2363 1577 28

2304 2324 2364 2373 29

2305 3295 2366 3343 30
