2630 3913
323 175 452 237 324
1097 172 1551 228 FRAGMENTA

456 335 558 402 91.
607 336 768 400 Non.
813 357 880 416 p.
925 340 1065 399 313.
1111 339 1199 399 20
1245 335 1339 398 Μ.
1389 334 1633 398 Tullius
1684 334 1755 398 in
1798 333 2167 397 Hortensio:
2230 355 2353 418 po·

323 423 567 488 nendae
615 427 767 488 sunt
811 423 971 487 fides
1019 426 1085 486 et
1129 421 1348 485 tibiae.

456 511 561 574 92.
607 511 771 575 Non.
805 531 872 592 p.
917 515 1058 574 411.
1103 514 1194 574 27
1237 511 1334 574 M.
1384 509 1626 573 Tullius
1671 509 1740 572 in
1785 508 2148 572 Hortensio.-
2192 529 2351 571 eun-

325 598 469 662 dem
506 620 635 663 non
671 601 846 663 modo
887 598 1193 662 mediocri
1237 597 1526 681 pecunia,
1574 596 1685 659 sed
1731 596 1929 660 etiam
1976 594 2156 658 tenui
2200 618 2352 679 per-

324 687 534 769 cipere
578 707 941 769 possumuS.
2406 703 2434 742 5
2564 707 2565 772 f

458 774 560 837 93.
616 775 779 838 Non.
822 795 891 855 p.
936 778 1085 838 428.
1138 776 1186 836 2
1238 773 1334 836 M.
1385 773 1630 836 Tullius
1682 773 1751 835 iu
1805 771 2172 836 Hortensio:
2230 773 2348 855 qui

325 860 489 959 illud
522 861 737 925 nescio
777 861 949 945 quid,
986 860 1157 945 quod
1193 861 1260 923 in
1296 860 1692 944 primoribus
1728 859 1990 941 habent,
2026 862 2100 922 ut
2140 858 2347 942 aiunt,

324 948 563 1100 labrgz.
609 1038 772 1101 Nou.
806 1058 874 1119 p.
918 1042 1062 1101 399.
1108 1039 1189 1100 15
1233 1037 1329 1100 M.
1380 1035 1624 1100 stellius
1669 1036 1738 1099 in
1781 1035 2149 1099 Hortensio:
2207 1056 2348 1098 non

327 1127 392 1223 et
457 1123 594 1224 sine
657 1146 734 1189 ea
805 1124 1203 1210 cogitatione
1264 1123 1561 1186 ineundis
1626 1121 2179 1205 subducendisque
2242 1144 2347 1186 ra·
2377 1142 2433 1180 10

327 1213 941 1382 tlonggdsrluyustiu.
994 1321 1041 1365 c.
1087 1300 1326 1364 Iulian.
1373 1299 1577 1381 Pelay.
1622 1299 1739 1363 IV
1772 1304 1868 1363 15.
1918 1304 2002 1363 78
2051 1299 2121 1361 Τ.
2167 1299 2238 1362 Χ
2273 1321 2348 1380 p.

326 1394 450 1451 411
475 1389 539 1451 A
575 1388 735 1452 Bere.
779 1390 867 1453 ed.
905 1389 1091 1452 Anto.
1126 1393 1294 1452 1700
1342 1387 1583 1466 Quanto
1628 1391 1684 1451 te
1723 1387 1943 1450 melius
1984 1387 2350 1467 veritatique

327 1477 591 1541 vicinius
643 1477 716 1541 de
757 1476 1073 1540 hominum
1112 1477 1499 1557 generatione
1549 1479 1888 1552 senserunt,
1940 1495 2091 1555 quos
2137 1473 2348 1540 Gieero

328 1565 397 1627 in
443 1565 723 1629 extremis
766 1565 1053 1647 partibus
1096 1563 1422 1627 Horten-sii
1474 1563 1704 1644 dialoyi
1747 1563 1909 1626 velut
1951 1565 2089 1643 ipsa
2132 1583 2347 1626 rerum
2379 1580 2431 1620 1⁵

195 1655 204 1660 ’
328 1653 626 1716 evidentia
670 1653 882 1715 ductus
935 1650 1394 1732 compulsusque
1437 1652 1896 1714 commemorat!
1987 1649 2159 1713 Nam
2205 1670 2351 1714 cum

329 1741 551 1821 multa,
604 1760 758 1819 quae
800 1740 1072 1802 videmus
1115 1744 1172 1802 et
1207 1740 1534 1820 gemimus,
1587 1739 1660 1801 de
1711 1738 2029 1801 hominum
2073 1738 2352 1803 vanitate

329 1834 508 1907 atque
553 1827 906 1904 infelicitate
950 1827 1229 1908 dixisset,
1272 1825 1373 1889 Ex
1430 1825 1663 1909 quibus
1719 1824 2067 1909 humanae,
2123 1827 2349 1909 inquit,

329 1915 503 1979 vitae
559 1914 886 1979 erroribus
943 1918 1009 1979 et
1064 1913 1388 1979 aerumnis
1442 1913 1546 1996 fit,
1602 1916 1675 1977 ut
1720 1913 2043 1977 interdum
2090 1916 2346 1978 veteres

332 2003 427 2065 illi
456 2002 590 2066 sive
619 2005 801 2065 vates
841 2002 976 2066 sive
1011 2003 1080 2066 in
1117 2002 1318 2067 sacris
1355 2002 1687 2084 initiisque
1720 2002 2048 2065 tradendis
2087 2002 2347 2067 divinae
2377 2020 2432 2058 20

335 2090 567 2155 mentis
613 2090 1019 2174 interpretes,
1065 2091 1176 2173 qui
1219 2111 1340 2154 nos
1382 2090 1467 2155 ob
1505 2089 1723 2172 aliqua
1759 2089 2003 2155 scelera
2041 2095 2350 2175 suscepta

330 2178 401 2241 in
453 2178 591 2241 vita
648 2178 976 2262 superiore
1030 2200 1386 2262 poenarum
1448 2178 1830 2241 luendarum
1893 2199 2087 2243 eausa
2150 2182 2347 2241 natos

331 2288 471 2330 esse
520 2266 835 2349 dixerunt,
881 2266 1126 2349 aliquid
1173 2266 1410 2329 vidisse
1456 2265 1815 2348 videantur,
1858 2287 2208 2348 verumque
2255 2267 2349 2329 sit

330 2353 519 2436 illud,
576 2354 747 2438 quod
793 2358 893 2418 est
939 2354 1111 2438 apud
1155 2354 1607 2436 Aristotelem,
1668 2353 1867 2417 simili
1909 2375 2028 2417 nos
2076 2352 2347 2418 affectos

332 2464 472 2507 esse
519 2442 836 2526 supplicio
885 2445 1080 2525 atque
1128 2463 1256 2523 eos,
1303 2441 1413 2525 qui
1461 2440 1811 2525 quondam,
1858 2463 2002 2504 cum
2047 2441 2114 2504 in
2160 2463 2349 2526 prae·
2379 2458 2435 2499 2⁵

332 2531 571 2595 donum
614 2530 1039 2594 Etruscorum
1085 2550 1314 2593 manus
1360 2528 1762 2611 incidissent,
1813 2528 2194 2592 erudelitate
2241 2550 2348 2592 ex·

332 2618 621 2702 cogitata
666 2619 1089 2699 necabantur3
1150 2638 1421 2699 quorum
1471 2637 1744 2698 corpora
1789 2617 1939 2681 viva
1985 2638 2128 2681 cum
2176 2638 2352 2681 mor-

331 2707 460 2769 tuis
528 2705 799 2768 adversa
861 2704 1149 2768 adversis
1214 2703 1701 2769 accommodata
1756 2726 1951 2787 quam
2006 2703 2349 2788 aptissime

331 2793 838 2877 colligabantur,
889 2793 982 2857 sic
1017 2795 1278 2856 nostros
1327 2792 1576 2857 animos
1623 2813 1767 2856 cum
1814 2792 2190 2876 corporibus
2240 2814 2352 2857 co-

331 2882 590 2965 pulatos
628 2884 703 2943 ut
739 2881 923 2945 vivos
960 2903 1104 2945 cum
1144 2880 1419 2943 mortuis
1458 2900 1597 2943 esse
1635 2879 2028 2944 coniunctos
2067 2915 2141 2926 —
2175 2880 2350 2945 Serv.
2383 2899 2436 2938 30

344 2969 514 3051 Very.
549 2970 707 3033 Aen.
748 2969 932 3032 VIII
960 2974 1089 3033 479
1107 2988 1193 3049 sq.
1229 2968 1529 3032 Diximus
1564 2968 1929 3031 Maeoniam
1954 2969 2353 3048 provinciam

330 3078 488 3133 esse‚·
554 3058 729 3121 cuius
782 3058 930 3120 dum
983 3057 1242 3120 brevitas
1292 3057 1444 3121 duos
1494 3055 1723 3134 fratres
1776 3056 2022 3137 Lydum
2076 3061 2133 3119 et
2188 3055 2353 3137 Tyr-

330 3145 587 3209 rhenum
628 3145 790 3224 ferre
832 3165 957 3209 nou
989 3149 1210 3225 posset,
1255 3164 1331 3208 ex
1364 3150 1520 3208 sorte
1558 3143 1907 3222 Tyrrhenus
1941 3163 2078 3207 cum
2112 3145 2354 3224 inyeuti

329 3233 722 3297 multitudine
745 3233 1057 3314 profectus
1080 3237 1325 3313 partem
1351 3232 1581 3296 Italiae
1618 3233 1810 3295 tenuit
1841 3235 1899 3294 et
1936 3229 2355 3312 Tyrrheniam

330 3321 687 3383 nominavit.
751 3321 849 3384 Hi
884 3323 994 3385 diu
1017 3321 1357 3401 piraticam
1384 3324 1789 3399 exercuerunt,
1825 3323 1897 3382 ut
1927 3319 2112 3383 etiam
2139 3317 2355 3383 Cicero
2385 3336 2441 3375 35

331 3408 400 3466 in
436 3407 769 3471 Hortensio
815 3409 994 3485 docet,
1039 3428 1177 3471 cum
1222 3408 1491 3488 captivos
1525 3408 1699 3470 novis
1730 3406 1950 3489 poeuis
1989 3406 2359 3487 adfliyerent

332 3493 661 3583 occisorum
706 3514 803 3557 eos
846 3495 1168 3575 reliyautes
1213 3495 1623 3558 cadaveribus.
1660 3531 1746 3539 --
1783 3492 1959 3558 Idem
2007 3492 2193 3557 VIII
2221 3498 2357 3559 485
