2630 3913
905 238 1057 292 CAP.
1098 245 1288 293 9-12.
1364 244 1394 304 ς
1433 243 1659 292 23-29,
2115 237 2248 300 433

236 400 466 467 iectum
497 401 907 486 sublevastis,
934 422 1103 465 nunc
1122 396 1407 464 universi
1428 401 1876 464 conservatum
1896 398 2132 463 velitis
2181 396 2250 461 Si

236 490 551 553 neminem
595 511 906 574 umquam
952 492 1241 553 vestrum
1289 488 1476 570 laesi,
1532 488 1590 550 si
1633 487 1876 551 nemini
1921 487 2249 551 innocenti

236 576 427 659 obfui,
466 577 577 640 sed
606 577 803 641 etiam
842 600 876 641 e
913 577 1256 660 contrariO,
1293 579 1369 639 ut
1399 575 1668 659 quisque
1698 597 1910 639 meum
1937 575 2248 640 auxilium

236 664 634 746 desideravit,
673 687 862 749 opem
898 663 1066 728 ferre
1103 686 1233 728 non
1272 663 1582 744 dubitavi,
1630 663 1686 726 si
1723 662 2013 746 denique,
2060 685 2249 745 quae·

181 771 208 812 5
236 773 500 834 cumque
537 752 1005 833 administravi,
1052 774 1128 815 ex
1174 755 1395 816 vestra
1441 751 1830 816 auctoritate
1878 753 1943 814 et
1984 754 2246 834 patrum

236 841 741 922 conscriptorum
770 841 1107 904 voluntate
1135 838 1277 922 feci,
1315 838 1373 902 si
1401 839 1601 902 malui
1637 839 2047 903 inimicorum
2077 839 2247 921 cupi-

236 927 423 991 ditati
460 950 655 1010 quam
689 928 786 992 rei
817 927 1114 1011 publicae
1144 931 1210 990 et
1237 927 1571 1012 legitimae
1601 926 1977 991 auctoritati
2003 948 2245 1009 poenas

236 1015 514 1098 sufferre,
551 1016 649 1079 uti
687 1015 1068 1079 existimetis
1099 1037 1175 1078 ex
1202 1015 1319 1079 illo
1359 1015 1802 1079 crudelissimo
1838 1014 2247 1078 inimicorum

232 1103 477 1187 impetu
515 1107 807 1187 ereptum
844 1103 912 1165 in
950 1103 1289 1186 antiquum
1329 1106 1573 1166 statum
1612 1102 1950 1186 dignitatis
1989 1102 2244 1166 restitui

153 1211 205 1250 ιο
234 1190 587 1255 convenire.
680 1188 803 1254 Sed
862 1191 1167 1274 quoniam
1221 1212 1429 1272 neque
1485 1189 1645 1253 mihi
1693 1191 1894 1254 libere
1943 1189 2247 1273 loquendi

230 1298 435 1361 neque
453 1278 640 1343 vobis
670 1279 1018 1342 clementer
1046 1278 1369 1342 iudicandi
1397 1299 1602 1361 neque
1632 1278 1893 1342 omnino
1923 1277 2247 1341 iudicandi

230 1387 579 1448 paucorum
634 1365 852 1430 furore
907 1370 974 1429 et
1030 1366 1295 1430 audacia
1348 1365 1525 1429 facta
1586 1369 1687 1429 est
1749 1369 2070 1449 potestas,
2135 1365 2247 1429 sed

234 1475 545 1537 oppressa
591 1456 691 1518 est
735 1475 838 1518 res
885 1454 1147 1537 publica
1204 1454 1402 1517 armis
1412 1504 1429 1536 ,
1491 1456 1669 1517 metu
1723 1453 2064 1517 debilitata
2119 1475 2246 1516 ser-

232 1541 364 1623 vili,
402 1542 500 1604 uti
537 1541 817 1605 liberum
856 1542 1158 1626 spiritum
1199 1541 1468 1606 ducendi
1503 1541 1755 1605 nullam
1791 1541 2032 1605 habeat
2067 1544 2245 1623 pote-

147 1647 201 1688 15
233 1632 496 1712 statem,
543 1629 764 1693 cedam
809 1629 1091 1693 inermus
1141 1630 1410 1693 armatis
1419 1679 1437 1712 ,
1492 1629 1798 1693 innocens
1843 1629 2244 1710 nocentibUS,

229 1717 521 1800 privatus
566 1717 913 1782 furibundo
971 1718 1404 1803 magistratui.
1494 1716 1721 1800 Neque
1777 1716 1947 1780 enim
1995 1715 2066 1791 Q.
2112 1716 2248 1780 Me-

228 1805 422 1868 tellus
471 1805 814 1888 quicquam
862 1805 939 1870 de
994 1827 1111 1870 sua
1164 1806 1406 1869 virtute
1462 1804 1769 1888 detraxit,
1828 1805 1998 1888 quod
2050 1805 2246 1868 cessit

228 1891 298 1955 L.
346 1889 693 1958 Saturnino
738 1893 1007 1977 furenti,
1061 1915 1268 1978 neque
1315 1892 1384 1959 O.
1432 1891 1652 1976 Cotta,
1709 1893 1880 1977 quod
1925 1890 1996 1968 Q.
2043 1890 2244 1958 Vario

227 1984 309 2044 tr.
364 1982 451 2063 pl.
507 1980 810 2044 inferiore
875 2003 1106 2065 genere
1171 1986 1317 2047 orto
1382 1981 1732 2046 cedendum
1787 1983 2076 2066 putavit,
2139 2004 2245 2045 ne-

142 2089 197 2129 20
230 2090 353 2151 que
393 2066 461 2132 C.
499 2067 761 2151 Marius,
810 2070 920 2152 qui
967 2073 1244 2152 quantas
1289 2091 1394 2132 res
1448 2070 1749 2153 gesserit,
1794 2073 2015 2134 vestra
2058 2070 2244 2134 vobis

2285 1209 2347 1256 27

228 2156 501 2220 libertas
556 2155 790 2220 indicio
850 2177 989 2219 esse
1043 2156 1311 2240 poterit,
1365 2177 1572 2238 neque
1619 2156 1704 2219 M.
1753 2156 2004 2221 Tullius
2056 2179 2245 2221 suum
2322 2167 2323 2170 ’

228 2244 515 2308 animum
546 2266 584 2307 a
611 2248 831 2308 vestra
860 2243 1257 2307 abalienavit
1284 2247 1630 2327 potestate,
1659 2265 1802 2307 cum
1827 2247 2245 2328 praecipuum

226 2331 414 2396 vobis
454 2331 743 2396 obsidem
783 2332 882 2395 sui
922 2332 1120 2394 animi
1156 2334 1444 2395 vestram
1480 2331 1817 2413 reliquerit
1853 2332 2244 2396 libertatem.

227 2418 437 2494 Quam
480 2420 563 2483 ob
602 2441 739 2483 rem
776 2422 984 2483 testor
1023 2419 1172 2483 deos
1211 2419 1489 2502 deasque
1529 2419 1921 2482 immortalis
1967 2424 2245 2484 vestras-

140 2526 195 2567 25
227 2528 352 2591 que
399 2507 677 2571 maxime
724 2510 1000 2588 menteS,
1061 2529 1163 2570 me
1216 2528 1345 2571 non
1401 2506 1575 2570 vitae
1630 2507 2059 2590 turpitudine,
2114 2530 2246 2571 non

222 2616 347 2680 pro
385 2594 829 2678 magnitudine
859 2595 1189 2677 scelerum,
1225 2615 1357 2658 non
1394 2597 1660 2678 propter
1691 2594 1980 2676 reliquae
2009 2596 2243 2659 aetatis

222 2682 564 2746 infamiam
610 2704 851 2765 poenas
897 2682 1037 2745 iure
1084 2686 1150 2745 et
1197 2683 1341 2767 lege
1387 2681 1772 2764 persolvere,
1821 2682 1932 2746 sed
1979 2687 2246 2767 propter

223 2770 490 2834 virtutis
509 2769 838 2852 invidiam,
866 2772 1133 2853 propter
1155 2769 1721 2834 iucundissimam
1702 2770 1949 2855 ingenii
1969 2771 2246 2873 laudem,

221 2860 495 2941 propter
514 2820 1028 2941 magnitudinem
1046 2878 1261 2921 rerum
1284 2862 1615 2941 gestarum
1636 2858 2077 2923 crudelissime
2096 2859 2247 2924 civi-

135 2966 192 3004 30
223 2949 365 3009 tate
394 2945 653 3029 privari.
693 2943 933 3019 Quodsi
956 2944 1127 3008 idem
1148 2944 1380 3008 accidit
1401 2943 1472 3017 Q
1495 2942 1820 3028 Caepioni,
1851 2946 1907 3008 si
1925 2946 2248 3047 Mancino,

223 3034 281 3097 si
304 3033 573 3115 Rutilio,
603 3032 764 3095 mihi
790 3032 915 3097 hoc
944 3032 1248 3097 accidisse
1276 3054 1409 3095 non
1437 3053 1829 3116 magnopere
1859 3033 1983 3097 erit
2010 3034 2245 3098 miran-

223 3122 398 3203 dum,
446 3143 589 3185 cum
632 3120 1017 3203 praesertim
1054 3142 1186 3183 non
1223 3119 1477 3204 generis
1517 3120 1927 3204 antiquitate,
1973 3122 2084 3185 sed
2121 3123 2244 3186 vir-

222 3209 390 3272 tutis
438 3208 835 3272 ornamentis
882 3229 1200 3272 summam
1248 3207 1503 3272 laudem
1553 3208 1675 3273 sim
1722 3213 2119 3273 consecutus,

360 3294 549 3360 Nunc
580 3317 711 3376 vos,
750 3295 996 3378 equites
1025 3295 1321 3378 Romani,
1359 3298 1669 3378 optestor,
1699 3317 1972 3379 quorum
2003 3297 2243 3362 virtute
2272 3278 2350 3339 12

132 3401 189 3441 35
221 3405 466 3448 nomen
510 3384 877 3447 Romanum
931 3383 1273 3446 victoriam
1329 3404 1473 3446 cum
1530 3384 1718 3447 laude
1765 3385 2054 3467 possidet
2100 3408 2245 3451 con·

220 3472 532 3555 iunctam,
571 3492 844 3555 quorum
870 3469 1063 3533 factis
1092 3470 1458 3553 gloriantur
1486 3470 1674 3554 civeS,
1712 3472 2040 3536 laetantur
2069 3475 2244 3557 socii,

222 3563 501 3645 gemunt
542 3557 785 3643 hosteS,
830 3562 921 3640 ut,
969 3558 1026 3620 si
1072 3578 1227 3641 erga
1274 3579 1389 3621 vos
1437 3559 1615 3622 omni
1659 3563 1952 3644 tempore
2001 3563 2244 3647 optime

337 3671 445 3712 010.
475 3672 556 3713 1v.
586 3674 623 3712 3.
1857 3671 1924 3718 28

2283 2437 2349 2485 28

2282 3356 2348 3402 29
