2630 3913
821 221 1270 277 ORATIONUM.
1309 223 1375 277 A.
1413 221 1517 275 V11
1554 228 1775 276 40-48
2168 221 2296 285 253

424 387 527 450 46.
586 385 841 465 Quintil.
887 385 1001 448 IX
1039 388 1101 448 2.
1147 387 1227 449 55
1266 379 1747 465 Ἀποσιῶπησις
1793 421 1878 429 —
1921 384 2049 447 alio
2101 389 2299 449 trans-

289 474 477 539 eundi
534 474 778 556 ¹qratia:
847 470 1178 537 Cominius
1242 476 1459 535 autem
1516 507 1598 516 —
1655 471 1919 535 tametsi
1982 472 2299 557 ignoscite

293 562 452 626 mihi
488 561 745 627 iudices.
808 561 895 625 In
928 582 1046 642 quo
1082 566 1168 625 cst
1199 566 1257 625 et
1290 561 1423 642 illa,
1467 562 1523 625 si
1560 566 1762 624 tamen
1797 562 1958 625 inter
1998 561 2298 625 schemata

291 652 609 715 numerari
661 651 847 731 debet,
903 670 1040 713 cum
1092 650 1241 713 aliis
1292 650 1485 713 etiam
1528 670 1686 730 pars
1740 669 1958 713 causae
2008 651 2302 731 videatur,

237 755 266 795 ⁵
291 741 611 822 diyressio;
657 740 788 803 abit
827 740 991 803 enim
1035 758 1223 802 causa
1267 738 1339 800 in
1385 737 1592 801 laudes
1637 736 1747 802 On.
1794 737 2077 819 Pompei‚·
2123 739 2303 819 idque

290 830 430 911 fieri
471 829 656 892 etiam
700 829 832 892 sine
874 820 1330 906 ἀποσιωπήσει
1363 827 1584 906 potuit.
1632 862 1714 871 —
1765 826 1970 906 Quint.
1997 826 2114 890 IV
2127 831 2186 891 3.
2222 832 2303 891 13

297 917 427 997 Quo
463 937 537 980 ex
575 935 787 998 yenere
820 915 1235 996 (cyressionis)
1270 919 1358 978 est
1396 950 1477 959 —
1504 934 1625 996 pro
1664 912 1942 979 Cornelio
1976 916 2304 995 popularis

292 1006 408 1070 illa
458 1006 755 1068 virtutum
809 1002 920 1068 Gn.
965 1002 1220 1085 Pompei
1272 1004 1782 1084 commemoratio,
1836 1003 1906 1066 in
1957 1024 2146 1083 quam
2201 1004 2305 1067 ille

293 1095 543 1158 divinus
596 1097 803 1156 orator
855 1092 1015 1155 velut
1069 1091 1315 1156 nomine
1368 1092 1500 1170 ipso
1558 1092 1730 1155 deicis
1792 1111 2005 1155 cursus
2066 1093 2306 1156 dicendi

217 1198 269 1236 ιο
295 1186 609 1262 teneretur,
654 1181 927 1261 abrupto,
970 1200 1146 1260 quem
1182 1178 1587 1254 inchoaverat,
1622 1199 1894 1243 sermone
1928 1181 2188 1244 devertit.
2221 1216 2298 1226 —

298 1269 391 1350 of.
435 1269 549 1333 XI
589 1274 649 1333 3.
692 1273 835 1349 164,
880 1267 1004 1331 Iul.
1061 1269 1280 1331 Victor.
1325 1272 1411 1331 17
1441 1288 1512 1349 p.
1555 1272 1703 1333 428.
1749 1273 1830 1332 13
1872 1267 2092 1332 Halm.

429 1358 531 1422 47.
577 1356 800 1420 Ascon.
835 1377 901 1437 p.
940 1361 1041 1421 67.
1076 1361 1161 1421 18
1194 1354 1439 1420 Plebem
1477 1376 1552 1420 ex
1586 1356 1928 1420 Manliana
1975 1356 2306 1434 offensione

295 1447 518 1510 victam
562 1451 619 1509 et
659 1445 954 1509 domitam
996 1464 1118 1508 esse
1160 1445 1338 1508 dicit:

431 1533 635 1596 Aiunt
681 1535 933 1597 vestros
980 1532 1228 1596 animos
1275 1535 1542 1616 propter
1587 1531 1764 1594 illius
1804 1531 2048 1594 tribuni
2093 1531 2304 1616 plebis

220 1637 271 1677 1⁵
297 1621 732 1686 temeritatem
768 1642 958 1704 posse
997 1620 1241 1702 adduci,
1279 1623 1353 1684 ut
1391 1619 1653 1683 omnino
1681 1640 1723 1683 a
1757 1620 2098 1699 defensione
2127 1621 2304 1685 illius

294 1710 641 1795 potestatis
692 1709 1166 1790 abalienentur3
1216 1708 1326 1791 qui
1372 1708 1797 1772 restituerunt
1844 1730 1985 1772 eam
2023 1712 2306 1792 potesta-

294 1805 447 1881 tem,
485 1799 762 1863 alterum
800 1797 963 1861 nihil
1000 1818 1198 1861 unum
1236 1817 1429 1880 posse
1467 1801 1693 1861 contra
1731 1798 1990 1878 multOS,
2028 1797 2307 1861 alterum

297 1888 493 1974 longe
540 1887 782 1951 abesse.

515 1976 923 2055 Manifestum
979 1979 1130 2056 puto
1192 1994 1314 2039 esse
1371 1974 1536 2038 vobis
1589 1973 1683 2036 M.
1740 1971 2034 2038 Orassum
2088 1980 2145 2039 et
2197 1974 2306 2041 On.

220 2080 271 2118 20
385 2063 745 2143 Pompeium
805 2063 1179 2145 significari,
1241 2083 1272 2126 e
1334 2062 1552 2143 quibus
1608 2059 1870 2126 Orassus
1932 2064 2116 2127 iudex
2179 2069 2307 2127 tum

386 2151 623 2215 sedebat
671 2152 743 2214 in
788 2149 1162 2225 Cornelium,
1216 2150 1546 2231 Pompeius
1590 2151 1659 2213 in
1704 2150 1866 2214 Asia
1913 2151 2132 2215 bellum
2176 2153 2304 2217 Mt-

391 2237 786 2302 thridaticum
824 2239 1079 2320 yerebat.

433 2326 537 2390 48.
583 2324 796 2389 Tanta
839 2325 1041 2411 igitur
1085 2326 1153 2389 in
1197 2326 1331 2389 illis
1376 2326 1581 2390 virtus
1627 2325 1771 2408 fuit,
1816 2329 1890 2389 ut
1937 2347 2105 2390 anno
2151 2326 2308 2392 XVI

302 2417 453 2498 post
498 2434 684 2499 reges
732 2418 990 2478 exactos
1035 2418 1304 2498 propter
1348 2414 1616 2479 nimiam
1654 2413 2161 2478 dominationem
2197 2437 2307 2499 po-

221 2519 272 2558 25
302 2502 577 2567 tentium
616 2502 999 2584 secederent,
1035 2504 1213 2587 leges
1243 2507 1530 2567 sacratas
1558 2503 1684 2587 ipsi
1721 2502 1848 2566 sibi
1874 2502 2307 2586 restituerent,

302 2590 460 2656 duos
507 2591 803 2655 tribunos
850 2595 1160 2671 crearent,
1204 2595 1491 2655 montem
1528 2592 1716 2655 illum
1751 2595 1933 2655 trans
1970 2590 2307 2674 Anienem,

302 2679 413 2762 qui
458 2679 646 2745 hodie
693 2700 876 2744 mons
925 2701 1103 2744 sacer
1147 2678 1548 2761 nominatur,
1593 2680 1662 2743 in
1708 2701 1834 2763 quo
1882 2680 2119 2745 armati
2165 2702 2307 2746 con-

303 2767 616 2850 sederant,
663 2771 960 2832 aeternae
1007 2768 1356 2832 memoriae
1403 2790 1597 2833 causa
1642 2773 2091 2833 consecrarent
2179 2769 2308 2833 Ita-

302 2878 424 2939 que
488 2855 821 2941 auspicato
877 2860 1137 2939 postero
1194 2878 1363 2920 anno
1418 2860 1500 2920 tr.
1551 2857 1639 2941 pl.
1699 2857 1978 2922 comitiis
2043 2858 2307 2922 curiatis

222 2961 274 3001 ³⁰
303 2945 503 3009 creati
557 2948 727 3008 sunt.

520 3033 791 3097 Inducor
834 3034 1034 3114 mayis
1079 3034 1474 3098 librariorum
1517 3033 1625 3097 hoc
1674 3034 1796 3098 loco
1842 3053 1964 3098 esse
2006 3035 2307 3116 mendam,

387 3141 575 3202 quam
626 3126 698 3185 ut
750 3119 1094 3186 Ciceronem
1135 3142 1370 3204 parum
1412 3123 1669 3204 proprio
1726 3122 1899 3185 verbo
1951 3141 2132 3186 usum
2186 3142 2310 3186 esse

388 3210 644 3274 credam.
742 3209 874 3273 Illo
928 3211 1091 3273 enim
1145 3216 1428 3292 tempore,
1490 3211 1562 3274 de
1618 3230 1734 3291 quo
1789 3210 2082 3291 loquitur,
2147 3212 2312 3291 quod

383 3297 512 3377 fuit
541 3302 688 3379 post
727 3297 799 3361 X
809 3297 911 3362 VI
946 3318 1168 3380 ann03,
1219 3319 1407 3379 quam
1457 3317 1622 3379 reyes
1675 3301 1870 3361 exacti
1923 3302 2091 3374 sunt,
2136 3299 2309 3380 plebs

221 3400 274 3440 ³⁵
387 3386 505 3449 sibi
551 3386 700 3467 leyes
743 3393 1020 3452 sacratas
1061 3407 1186 3451 non
1232 3385 1564 3450 ‘restituit’
1602 3385 1949 3467 (nunquam
1993 3388 2158 3450 enim
2201 3389 2310 3451 tri·

388 3473 578 3539 bunos
610 3474 806 3556 plebis
850 3474 1192 3557 habuerat),
1237 3476 1341 3540 sed
1375 3479 1504 3539 tum
1534 3476 1810 3556 primum
1845 3494 1947 3539 eas
1982 3477 2306 3540 constituit.

391 3561 735 3626 Numerum
778 3564 1020 3644 quidem
1065 3565 1221 3627 anni
1253 3568 1398 3645 post
1430 3583 1593 3646 reyes
1627 3568 1880 3641 exactos,
1925 3585 2044 3645 quo
2081 3566 2153 3629 id
2180 3564 2306 3644 fac-
