2630 3913
816 200 950 256 ΜΒ.
989 203 1056 255 11.
1124 201 1276 257 CAP.
1321 209 1510 258 9—11.
1576 209 1606 269 s
1644 209 1871 261 34—40.
2161 202 2164 206 “
2254 207 2340 270 69

326 362 450 427 bus
497 363 716 428 nullus
765 363 970 448 labor,
1016 364 1199 429 nulla
1242 365 1581 449 industria,
1625 366 1809 431 nulla
1845 387 1998 432 cura
2034 373 2150 432 est.
2213 368 2342 433 Ad·
2379 386 2444 434 37

327 452 676 516 miratione
724 456 941 516 autem
988 454 1374 518 adficiuntur
1408 454 1497 538 ii,
1521 455 1632 538 qui
1670 455 1916 520 anteire
1952 457 2182 521 ceteris
2218 456 2344 522 vir-

326 543 469 604 tute
525 543 860 641 putantur,
878 547 943 604 et
990 562 1136 606 cum
1173 542 1350 606 omni
1387 564 1604 607 carere
1643 543 1985 628 dedecore,
2010 549 2150 609 tum
2186 567 2340 611 vero

324 628 406 693 iis
472 628 652 693 vitiis
652 679 696 712 ὸ
744 629 977 713 qulbus
1045 630 1162 694 alii
1224 652 1359 695 non
1419 629 1611 696 facile
1675 636 1953 716 possunt
2007 633 2341 699 obsistere.

272 733 299 774 5
325 715 500 781 Nam
567 721 633 781 et
687 717 1087 802 voluptates,
1149 718 1632 784 blandissumae
1689 721 2012 805 dominae,
2075 723 2339 787 maioris

324 805 537 890 partis
584 805 837 870 animos
894 828 935 870 a
977 807 1221 871 virtute
1278 808 1666 892 detorquent
1712 813 1804 893 et,
1851 809 2149 875 dolorum
2196 833 2340 876 cum

326 894 754 959 admoventur
807 893 1008 977 faces,
1064 900 1322 979 praeter
1377 896 1639 961 modum
1683 897 1976 982 plerique
2022 903 2341 964 exterren-

324 986 460 1066 tur3
506 982 645 1046 vita
689 1004 884 1066 mors,
931 982 1194 1048 divitiae
1239 989 1592 1069 paupertas
1631 1007 1853 1050 omnes
1899 987 2194 1052 homines
2233 1011 2338 1053 ve·

325 1070 815 1136 hementissime
859 1076 1258 1155 permovent.
1333 1071 1510 1147 Quae
1549 1074 1660 1158 qui
1704 1074 1774 1137 in
1809 1077 2151 1159 utramque
2195 1100 2340 1162 par-

248 1176 299 1214 10
326 1163 461 1223 tem
509 1159 763 1224 excelso
811 1159 1028 1224 animo
1065 1182 1429 1245 magnoque
1466 1162 1859 1247 despiciunt,
1904 1186 2175 1247 cumque
2222 1165 2340 1229 ali-

329 1269 457 1330 qua
499 1247 580 1311 iis
629 1248 851 1332 ampla
895 1253 962 1313 et
997 1249 1276 1314 honesta
1311 1271 1416 1313 res
1455 1250 1709 1315 obiecta
1747 1255 1873 1334 est,
1918 1255 2094 1317 totos
2143 1253 2225 1317 ad
2271 1275 2339 1317 se

330 1335 649 1400 convertit
704 1340 770 1400 et
824 1337 1026 1422 rapit,
1084 1341 1225 1411 tum
1273 1338 1417 1422 quis
1463 1360 1595 1403 non
1640 1339 1993 1403 admiretur
2039 1340 2340 1424 splendo-

331 1444 469 1487 rem
512 1423 1182 1509 pulchritudinemque
1228 1426 1538 1491 virtutis‘?
1608 1426 1790 1513 Ergo
1839 1431 1905 1492 et
1940 1428 2100 1492 haec
2139 1428 2337 1494 animi
2362 1409 2442 1534 13}

332 1510 750 1596 despicientia
783 1513 1363 1579 admirabilitatem
1400 1537 1707 1599 magnam
1741 1515 1903 1581 facit
1939 1518 2006 1580 et
2042 1538 2338 1582 maxume

251 1615 304 1656 1⁵
330 1600 610 1685 iustitia,
656 1623 734 1666 ex
781 1624 909 1686 qua
952 1624 1083 1666 una
1117 1603 1360 1668 virtute
1396 1605 1521 1667 viri
1558 1604 1712 1669 boni
1748 1604 2179 1689 appellantur,
2224 1607 2339 1670 mi-

325 1688 506 1754 rifica
553 1689 869 1773 quaedam
914 1690 1319 1756 multitudini
1362 1691 1635 1776 videtur,
1679 1714 1796 1757 nec
1840 1692 2104 1777 iniuria3
2147 1715 2336 1760 nemo

325 1778 497 1842 enim
560 1777 771 1842 iustus
836 1800 975 1843 esse
1038 1783 1294 1868 potest,
1351 1781 1460 1864 qui
1515 1785 1818 1866 mortem,
1875 1782 1983 1865 qui
2030 1782 2336 1866 dolorem,

325 1867 436 1950 qui
484 1865 775 1950 exilium,
830 1867 940 1950 qui
996 1872 1356 1953 egestatem
1410 1869 1627 1954 timet,
1681 1874 1795 1934 aut
1851 1871 1961 1954 qui
2016 1893 2130 1954 ea,
2173 1894 2337 1955 quae

324 1959 479 2020 sunt
532 1953 636 2020 his
690 1954 1058 2039 contrarias
1098 1958 1413 2041 aequitati
1477 1960 1832 2044 anteponit.
1929 1956 2335 2046 Maximeque

243 2060 299 2100 ²0
327 2043 735 2109 admirantur
782 2066 967 2136 eum,
1011 2046 1122 2129 qui
1166 2047 1438 2131 pecunia
1489 2069 1623 2112 non
1667 2052 1987 2131 movetur3
2045 2050 2216 2133 quod
2269 2050 2338 2114 in

325 2154 453 2216 quo
508 2131 648 2197 viro
704 2137 1116 2218 perspectum
1170 2135 1284 2216 sit,
1338 2135 1508 2200 hunc
1563 2135 1702 2220 igni
1757 2140 2119 2220 spectatum
2165 2138 2335 2202 arbi-

322 2224 601 2285 trantur.
672 2220 903 2306 Itaque
938 2222 1058 2286 illa
1093 2222 1221 2287 tria
1229 2264 1265 2306 ,κ
1286 2245 1450 2306 quae
1486 2223 1826 2307 proposita
1870 2229 2022 2288 sunt
2069 2225 2149 2289 ad
2197 2227 2333 2311 glo·-

322 2308 491 2374 riam
496 2357 529 2392 7
566 2310 784 2374 omnia
827 2311 1082 2375 iustitia
1125 2311 1409 2394 conficit,
1463 2315 1529 2375 et
1574 2311 2106 2395 benivolentiam,
2163 2316 2334 2396 quod

322 2397 633 2482 prodesse
686 2399 831 2463 vult
884 2399 1212 2483 plurimis,
1268 2403 1335 2464 et
1389 2399 1473 2463 ob
1520 2399 1788 2463 eandem
1834 2421 2095 2463 causam
2139 2401 2334 2466 fidem

239 2500 295 2541 2⁵
323 2490 392 2550 et
429 2486 950 2570 admirationem,
996 2487 1168 2571 quod
1205 2509 1314 2552 eas
1352 2508 1456 2551 res
1503 2488 1750 2571 spernit
1796 2492 1862 2551 et
1895 2487 2205 2573 neglegit,
2251 2491 2332 2554 ad

324 2595 484 2658 quas
532 2575 823 2660 plerique
867 2575 1255 2640 inflammati
1301 2575 1612 2640 aviditate
1657 2576 2014 2660 rapiuntur.

454 2663 553 2728 Ac
607 2685 752 2728 mea
806 2664 1065 2748 quidem
1119 2666 1441 2729 sententia
1500 2665 1710 2729 omnis
1765 2665 1934 2730 ratio
1990 2669 2186 2750 atque
2240 2667 2332 2731 in-
2368 2682 2435 2731 39

323 2752 580 2816 stitutio
635 2752 809 2817 vitae
866 2752 1240 2817 adiumenta
1292 2752 1631 2818 hominum
1685 2752 2034 2837 desiderat,
2088 2755 2158 2819 in
2203 2757 2332 2841 pri-

321 2840 575 2924 misque
620 2844 695 2904 ut
738 2841 1006 2925 habeat,
1069 2842 1451 2925 quibuscum
1505 2841 1717 2926 possit
1767 2841 2126 2907 familiares
2183 2866 2330 2909 con·

237 2944 294 2984 ⁸⁰
320 2927 491 2992 ferre
547 2950 905 3013 sermones3
962 2928 1133 3013 quod
1187 2933 1288 2994 est
1335 2929 1623 3014 difficile,
1676 2930 1805 2993 nisi
1850 2932 2128 3015 speciem
2174 2954 2330 3015 prae

318 3020 386 3080 te
432 3016 589 3081 boni
642 3017 767 3082 viri
817 3017 1009 3082 feras.
1099 3016 1277 3101 Ergo
1337 3021 1535 3083 etiam
1590 3018 1886 3083 solitario
1940 3018 2191 3083 homini
2238 3025 2330 3084 at-

320 3126 445 3189 que
499 3104 568 3169 in
623 3127 782 3191 agro
838 3106 1043 3171 vitam
1099 3106 1322 3192 agenti
1368 3106 1586 3191 opinio
1633 3106 1922 3171 iustitiae
1966 3108 2330 3172 necessaria

318 3197 445 3276 est,
492 3214 694 3277 eoque
742 3194 936 3258 etiam
983 3194 1221 3276 magiS,
1269 3196 1468 3278 quod,
1521 3217 1663 3258 eam
1709 3195 1765 3258 si
1809 3216 1943 3258 non
1976 3194 2328 3280 habebunt,
2360 3207 2375 3219 “

322 3282 573 3362 [iniusti
609 3283 1065 3366 habebuntur,]
1108 3283 1306 3347 nullis
1345 3283 1685 3368 praesidiis
1725 3283 1934 3367 saepti
1971 3283 2197 3347 multis
2236 3285 2327 3348 af-

239 3384 291 3424 ³5
318 3369 614 3435 ficientur
640 3370 914 3436 iniuriis·
986 3371 1202 3456 Atque
1239 3371 1321 3435 iis
1358 3371 1584 3455 etiam,
1621 3370 1733 3455 qui
1767 3371 2054 3435 vendunt
2090 3377 2328 3457 emunt,
2366 3390 2434 3438 40

320 3459 687 3523 conducunt
742 3459 962 3524 locant
1015 3458 1595 3543 contrahendisque
1657 3460 1942 3544 negotiis
1995 3460 2329 3545 implican-

319 3550 447 3630 tur,
499 3546 752 3612 iustitia
808 3547 888 3613 ad
944 3569 1080 3612 rem
1136 3548 1486 3634 gerendam
1547 3549 1910 3613 necessaria
1967 3553 2093 3634 est,
2148 3550 2325 3615 cuius
