2630 3913
822 159 957 218 LIB,
993 160 1090 215 111.
1156 159 1308 217 cAP.
1348 168 1398 227 ὅ,
1437 169 1487 216 6.
1551 166 1582 228 ξ
1619 167 1846 217 21—28.
2250 161 2335 225 97

327 325 543 389 cetera
580 321 833 407 generis
873 322 1200 404 eiusdem]
1274 320 1568 405 Itemque
1605 322 1815 408 magis
1854 326 1953 387 est
1990 321 2335 387 secundum
2371 340 2449 388 25-

326 415 632 476 naturam
686 431 805 493 pro
860 409 1160 474 omnibus
1218 410 1548 496 gentibue,
1605 411 1661 474 si
1713 410 1855 474 fieri
1899 411 2134 496 possit,
2187 432 2334 476 con-

330 497 664 563 servandis
712 501 826 562 aut
871 498 1166 562 iuvandis
1212 499 1528 563 maximos
1575 498 1830 564 labores
1877 499 2335 583 molestiasque

331 587 656 671 suscipere
701 586 1068 650 imitantem
1112 586 1459 652 Herculem
1505 587 1720 670 illum,
1765 609 1955 671 quem
2001 587 2336 652 hominum

275 694 302 735 5
328 675 508 740 fama
551 674 1005 739 beneficiorum
1052 696 1299 739 memor
1352 675 1419 738 in
1466 675 1736 740 concilio
1783 675 2161 740 caelestium
2206 675 2336 740 col-

328 763 597 846 locavit,
636 785 831 846 quam
874 762 1090 827 vivere
1125 763 1195 826 in
1232 763 1578 828 solitudine
1612 785 1746 828 non
1780 764 1971 828 modo
2011 764 2147 828 sine
2182 764 2334 828 ullis

330 851 677 928 molestiis,
734 850 846 915 sed
902 851 1099 914 etiam
1152 850 1220 914 in
1285 851 1584 915 maximis
1637 852 2084 936 voluptatibus
2141 852 2337 916 abun-

332 941 595 1004 dantem
651 938 949 1003 omnibus
1004 936 1236 1023 copiiS,
1290 943 1365 1003 ut
1419 939 1695 1004 excellas
1743 940 1938 1004 etiam
1983 940 2336 1025 pulchritu-

333 1029 477 1092 dine
525 1032 592 1092 et
636 1026 901 1091 viribus,
976 1024 1288 1101 Quocirca
1335 1027 1583 1112 optimo
1632 1027 1901 1112 quisque
1948 1032 2013 1093 et
2059 1028 2336 1112 splendi-

253 1137 304 1176 ιο
334 1117 598 1180 dissimo
645 1115 907 1200 ingenio
954 1115 1149 1201 longe
1183 1115 1370 1179 illam
1404 1114 1608 1181 vitam
1645 1116 1795 1181 111110
1830 1117 2184 1201 anteponit.
2235 1116 2336 1181 Ex

335 1226 461 1288 quo
517 1203 795 1269 efficitur
865 1203 1195 1268 hominem
1253 1207 1524 1268 naturae
1581 1203 2025 1269 oboedientem
2087 1204 2336 1269 homini

332 1313 564 1357 nocere
616 1314 748 1357 non
807 1313 1017 1376 posse.
1115 1291 1389 1376 Deinde,
1454 1292 1564 1375 qui
1627 1293 1903 1356 alterum
1967 1292 2199 1370 violat,
2260 1297 2336 1356 ut
2371 1309 2438 1358 26

336 1381 473 1464 ipse
520 1379 763 1463 aliquid
807 1379 1127 1445 commodi
1172 1383 1620 1463 consequatur,
1656 1384 1768 1444 aut
1803 1380 1968 1444 nihil
2006 1380 2336 1445 existimat

338 1489 406 1532 se
440 1467 650 1532 facere
685 1471 913 1533 contra
947 1471 1249 1533 naturam
1287 1472 1401 1532 aut
1446 1469 1656 1553 magis
1689 1468 2073 1570 fugiendam
2119 1472 2336 1533 censet

257 1575 310 1617 15
339 1559 642 1639 mortem,
685 1559 1169 1642 paupertatem,
1216 1556 1533 1640 dolorem,
1578 1557 1990 1621 amissionem
2028 1557 2225 1620 etiam
2262 1557 2336 1620 li-

335 1644 674 1746 berorum,
718 1644 1254 1730 propinquorum,
1310 1645 1662 1709 amicorum
1718 1667 1911 1731 quam
1955 1645 2164 1711 facere
2211 1645 2324 1709 cui

337 1754 531 1817 quam
584 1732 904 1797 iniuriam.
996 1731 1065 1797 Si
1125 1732 1290 1797 nihil
1357 1733 1686 1798 existimat
1746 1738 1974 1799 contra
2033 1737 2336 1798 naturam

332 1821 476 1886 fieri
518 1820 889 1886 hominibus
940 1821 1289 1905 violandis,
1346 1821 1499 1905 quid
1544 1844 1688 1887 cum
1744 1844 1820 1886 eo
1875 1822 2153 1886 disseras
2162 1872 2179 1905 ,
2227 1822 2335 1905 qui

336 1909 599 1975 omnino
644 1909 973 1975 hominem
1020 1931 1096 1975 ex
1141 1909 1401 1974 homine
1445 1911 1683 1975 tollat?
1732 1911 1834 1974 sin
1865 1910 2243 1997 fugiendum
2270 1910 2337 1975 id

253 2018 307 2057 ιο
336 1998 594 2083 quidem
648 2002 890 2080 censet,
946 1999 1056 2063 sed
1110 2000 1318 2063 multo
1372 1999 1491 2063 illa
1533 2000 1781 2085 peiora,
1835 2004 2137 2083 mortem,
2182 2022 2336 2084 pau-

334 2090 684 2171 pertatem,
732 2086 1046 2172 dolorem,
1094 2091 1270 2151 errat
1312 2087 1381 2151 in
1427 2109 1529 2171 eo,
1576 2087 1747 2171 quod
1790 2088 2000 2152 ullum
2045 2091 2158 2152 aut
2203 2109 2337 2152 cor·

333 2175 511 2260 poris
559 2177 673 2239 aut
715 2173 1012 2239 fortunae
1059 2174 1292 2241 vitium
1336 2175 1512 2239 vitiis
1561 2176 1759 2240 animi
1802 2176 2064 2261 gravius
2105 2176 2338 2240 existu-

335 2267 489 2327 mat.
561 2262 740 2349 Ergo
784 2285 983 2327 unum
1029 2263 1218 2327 debet
1264 2285 1404 2327 esse
1451 2264 1746 2327 omnibus
1793 2264 2219 2347 propositum,
2264 2264 2399 2330 ut6

338 2351 560 2416 eadem
588 2351 676 2415 sit
702 2351 954 2415 utilitas
990 2352 1179 2415 unius
1216 2350 1522 2434 cuiusque
1551 2354 1617 2415 et
1642 2350 2113 2433 universorum3
2144 2373 2338 2434 quam

254 2458 309 2498 25
339 2440 397 2503 si
451 2439 533 2504 ad
588 2461 655 2503 se
710 2439 979 2523 quisque
1032 2439 1269 2524 rapiet,
1336 2439 1727 2503 dissolvetur
1790 2438 1999 2504 omnis
2052 2438 2338 2503 humana

336 2527 680 2593 consortio.

512 2615 729 2699 Atque
765 2615 995 2699 etiam,
1032 2615 1087 2679 si
1131 2616 1255 2681 1100
1297 2619 1532 2680 natura
1574 2614 1987 2717 praescribit,
2022 2618 2098 2679 ut
2140 2614 2337 2680 homo
2376 2632 2439 2681 27

335 2704 610 2805 homini,
666 2704 1046 2787 quicumque
1093 2704 1206 2787 sit,
1261 2703 1344 2770 ob
1384 2726 1535 2768 eam
1578 2704 1789 2788 ipsam
1835 2726 2122 2787 causam,
2169 2703 2340 2787 quod

335 2792 393 2855 is
447 2791 643 2857 homo
701 2792 813 2876 sit,
868 2793 1233 2856 consultum
1287 2792 1473 2876 velit,
1526 2814 1783 2857 necesse
1839 2797 1940 2857 est
1994 2792 2340 2857 secundum

257 2897 312 2937 ω
340 2880 605 2945 eandem
650 2884 952 2945 naturam
999 2880 1288 2944 omnium
1332 2843 1685 2945 utilitatem
1732 2902 1872 2945 esse
1917 2902 2338 2946 communem.

339 2967 523 3043 Quod
587 2968 644 3033 si
696 2968 791 3033 ita
846 2971 970 3051 est,
1034 2990 1164 3033 una
1225 2969 1630 3033 continemur
1702 2991 1922 3034 omnes
1987 2972 2052 3033 et
2116 2968 2337 3032 eadem

339 3057 481 3141 1030
536 3060 831 3139 naturae,
893 3057 1084 3141 idque
1137 3056 1350 3141 ipsum
1416 3057 1471 3121 si
1523 3057 1618 3121 ita
1671 3061 1796 3141 est,
1861 3059 2031 3122 certe
2093 3056 2338 3120 violare

337 3145 615 3210 alterum
659 3149 930 3210 naturae
975 3145 1121 3230 1030
1166 3144 1601 3229 prohibemur.
1655 3144 1898 3209 Verum
1944 3147 2162 3209 autem
2207 3144 2335 3228 pri-

336 3256 541 3316 mum3
576 3256 801 3297 verum
838 3233 1041 3318 igitur
1078 3236 1452 3297 extremum.
1524 3231 1697 3297 Nam
1732 3233 1897 3298 illud
1933 3232 2193 3317 quidem
2229 3232 2336 3296 ab·
2375 3247 2444 3297 28

254 3336 309 3377 ⁸⁵
337 3321 601 3386 surdum
648 3325 773 3404 est,
811 3322 982 3405 quod
1020 3321 1278 3405 quidam
1318 3322 1564 3399 dicunt,
1600 3322 1857 3405 parenti
1894 3343 1961 3385 se
1999 3324 2112 3385 aut
2145 3320 2338 3385 fratri

335 3409 500 3474 nihil
547 3410 949 3475 detracturos
997 3410 1097 3473 sui
1141 3410 1462 3474 commodi
1507 3431 1728 3493 causa,
1775 3410 1973 3475 aliam
2017 3409 2336 3474 rationem

335 3519 476 3561 esse
530 3498 767 3563 civium
819 3498 1233 3582 reliquorum.
1323 3497 1413 3562 Hi
1469 3496 1593 3561 sibi
1647 3498 1811 3563 nihil
1856 3498 2043 3581 iuria,
2086 3498 2335 3563 nullam

442 3609 552 3651 010.
578 3611 661 3653 1v.
689 3612 730 3652 s.
1985 3607 2018 3662 ἰ
