2630 3913
333 980 365 1037 1

332 1055 356 1099 1

397 216 528 280 418
778 213 856 268 IN
895 212 952 269 C.
994 211 1404 267 SALUSTIUM
1443 210 2015 266 CONTROVERSIA.

935 496 1047 578 [M.
1084 495 1345 561 TULLI
1383 493 1868 576 CICERONIS]

1367 614 1448 668 IN

830 728 904 802 C.
963 726 1501 800 SALUSTIUM
1557 726 1965 800 CRISPUM

1112 861 1686 916 coNTROVERsm.

529 990 628 1054 Ea
657 990 913 1053 demum
943 1010 1181 1074 magna
1207 989 1511 1072 voluptas
1541 992 1660 1071 est,
1689 985 1758 1054 C.
1779 985 2044 1072 Salusti,
2072 989 2415 1072 aequalem
2475 1012 2503 1052 s

400 1102 473 1145 ac
528 1100 751 1163 parem
806 1078 1022 1141 verbis
1076 1077 1277 1141 vitam
1348 1097 1540 1161 agere
1601 1099 1809 1160 neque
1874 1077 2214 1160 quicquam
2271 1081 2416 1143 tam

401 1169 746 1233 obscenum
803 1167 1037 1247 dicere,
1102 1165 1204 1230 cui
1265 1186 1398 1229 non
1463 1165 1545 1229 ab
1607 1165 1795 1228 initio
1850 1166 2166 1249 pueritiae
2230 1169 2418 1231 omni

401 1276 634 1343 genere
677 1254 982 1320 facinoris
1023 1257 1201 1318 aetas
1238 1257 1356 1317 tua
1390 1254 1796 1337 respondeat,
1840 1257 1914 1316 ut
1950 1256 2161 1318 omnis
2197 1255 2414 1320 oratio
2444 1326 2452 1334 ,

400 1345 690 1409 moribus
737 1345 1063 1409 consonet.
1153 1340 1381 1424 Neque
1427 1341 1625 1423 enim,
1674 1342 1784 1425 qui
1827 1341 1923 1405 ita
1963 1342 2156 1424 vivit,
2198 1348 2274 1407 ut
2320 1348 2416 1426 tu,

402 1434 593 1498 aliter
640 1453 713 1496 ac
758 1435 833 1495 tu
876 1431 1056 1514 loqui
1099 1433 1344 1515 potest,
1398 1451 1630 1513 neque,
1691 1429 1801 1514 qui
1846 1433 1984 1494 tam
2028 1430 2235 1494 inloto
2283 1452 2414 1495 ser·
2452 1454 2508 1491 10
2582 1386 2583 1471 t

400 1543 590 1586 mone
626 1520 851 1602 utitur,
894 1520 1033 1583 vita
1066 1518 1439 1584 honestiore
1476 1521 1594 1582 est.
1667 1516 1806 1593 Quo
1844 1540 1947 1582 me
1983 1522 2416 1604 praevertam,
2582 1474 2583 1569 t

402 1613 622 1695 patres
668 1608 1035 1692 conscripti,
1079 1608 1245 1671 unde
1291 1606 1551 1670 initium
1598 1607 1893 1670 sumam?
1981 1605 2193 1670 Maius
2242 1608 2416 1672 enim

403 1698 563 1762 mihi
610 1696 858 1761 dicendi
906 1717 1065 1760 onus
1110 1695 1493 1779 imponitur,
1550 1716 1675 1778 quo
1730 1694 1949 1759 notior
1995 1700 2096 1759 est
2142 1699 2417 1780 uterque

401 1788 717 1864 nostrum,
763 1784 935 1867 quod
971 1786 1099 1862 aut,
1146 1783 1203 1846 si
1239 1782 1314 1845 de
1354 1804 1500 1846 mea
1541 1783 1678 1848 vita
1723 1786 1917 1866 atque
1964 1783 2218 1848 actibus
2262 1785 2421 1851 huic

403 1871 822 1939 conviciatori
864 1871 1282 1954 respondem,
1336 1870 1581 1935 invidia
1636 1871 1914 1956 gloriam
1969 1877 2424 1959 consequetur,
2456 1893 2506 1933 15

403 1965 535 2044 aut,
580 1960 636 2023 si
680 1960 872 2023 huius
917 1959 1110 2042 facta,
1156 1981 1388 2042 mores,
1437 1982 1693 2024 omnem
1740 1964 2023 2025 aetatem
2066 1961 2424 2046 nudaverO,

402 2052 471 2115 in
515 2050 685 2114 idem
721 2049 955 2113 vitium
992 2048 1270 2113 incidam
1306 2049 1743 2133 procacitatiS,
1790 2049 1963 2132 quod
1997 2049 2148 2114 huic
2186 2050 2424 2116 obicio,

403 2140 480 2203 Id
524 2159 669 2220 VOS,
724 2138 780 2202 si
823 2137 993 2202 forte
1041 2137 1462 2218 offendimini,
1519 2138 1749 2201 iustius
1806 2138 1955 2201 huic
2011 2158 2205 2221 quam
2253 2139 2425 2203 mihi

406 2248 774 2293 suscensere
830 2225 1103 2308 debetis,
1161 2226 1270 2309 qui
1322 2226 1582 2289 initium
1627 2224 2012 2307 introduxit,
2068 2247 2191 2311 ego
2247 2226 2425 2291 dabo

407 2338 696 2402 operam,
749 2319 825 2380 ut
879 2318 944 2378 et
999 2335 1117 2399 pro
1173 2336 1275 2378 me
1332 2313 1598 2378 minimo
1654 2336 1798 2378 cum
1843 2304 2109 2377 fastidio
2154 2336 2425 2399 respon·
2456 2336 2505 2374 20

407 2407 593 2469 deam
639 2407 705 2468 et
748 2404 818 2467 in
866 2403 1037 2467 hunc
1083 2402 1346 2467 minime
1391 2401 1700 2465 mentitus
1746 2423 1887 2465 esse
1941 2402 2178 2467 videar.
2272 2401 2426 2469 Scio

407 2516 540 2575 me,
605 2495 826 2577 patres
892 2490 1269 2575 conscripti,
1342 2490 1410 2553 in
1471 2489 1916 2574 respondendo
1980 2512 2111 2555 non
2173 2490 2426 2556 habere

408 2603 713 2667 magnam
759 2579 1295 2664 expectationem,
1351 2578 1522 2661 quod
1573 2578 1828 2642 nullum
1874 2600 1990 2642 vos
2039 2578 2261 2643 sciatis
2310 2602 2426 2644 no-

406 2692 558 2733 vum
605 2668 845 2733 crimen
886 2667 955 2730 in
992 2663 1347 2731 Salustium
1386 2666 1737 2747 audituros,
1783 2666 1896 2730 sed
1942 2667 2160 2730 omnia
2197 2672 2428 2732 vetera

407 2756 881 2842 recogniturOS,
938 2755 1081 2839 quis
1137 2759 1203 2819 et
1256 2776 1437 2819 meae
1492 2758 1557 2819 et
1610 2757 1865 2818 vestrae
1920 2755 2050 2819 iam
2103 2759 2168 2818 et
2214 2755 2424 2840 ipsius
2455 2772 2505 2812 25

410 2867 596 2913 aures
643 2846 871 2909 calent.
933 2842 1176 2907 Verum
1222 2864 1297 2906 eo
1345 2842 1555 2928 magis
1603 2842 1814 2907 odisse
1860 2842 2176 2907 debebitis
2214 2844 2428 2909 homi·

407 2958 583 3017 nem,
641 2932 751 3017 qui
796 2954 877 2996 ne
922 2932 1232 3016 incipiens
1281 2932 1537 3015 quidem
1584 2953 1847 3016 peccare
1893 2931 2179 2996 minimis
2226 2934 2425 2996 rebus

410 3023 630 3109 posuit
665 3021 1119 3103 rudimentum,
1166 3019 1278 3083 sed
1313 3021 1409 3084 ita
1443 3020 1774 3105 ingressus
1818 3024 1935 3102 est,
1980 3023 2054 3083 ut
2090 3042 2302 3105 neque
2341 3022 2425 3085 ab

412 3112 541 3177 alio
588 3109 757 3174 vinci
804 3109 1014 3193 possit
1058 3129 1263 3192 neque
1309 3108 1449 3192 ipse
1497 3130 1565 3172 se
1612 3108 1873 3173 omnino
1918 3108 2170 3191 reliqua
2211 3112 2429 3173 aetate

341 3220 373 3264 3
412 3198 781 3284 praeterire.
875 3196 1106 3281 Itaque
1159 3196 1323 3260 nihil
1372 3197 1547 3261 aliud
1593 3198 1812 3261 studet
1855 3197 1982 3260 nisi
2028 3201 2102 3260 ut
2148 3198 2427 3262 lutulen-
2455 3213 2509 3252 ³⁰

412 3293 522 3350 tus
566 3307 671 3350 sus
716 3307 862 3350 cum
910 3285 1138 3369 quovis
1175 3285 1476 3349 volutari.
1547 3284 1770 3370 Longe
1807 3306 1959 3349 vero
1996 3285 2256 3350 fallitur
2296 3286 2430 3370 opi-

411 3374 621 3437 nione.
729 3370 879 3437 Non
945 3373 1116 3437 enim
1178 3373 1572 3457 procacitate
1637 3374 1900 3459 linguae
1962 3374 2139 3437 vitae
2205 3375 2428 3437 sordes

416 3460 737 3540 eluuntur,
784 3461 896 3524 sed
933 3466 1034 3524 est
1072 3462 1387 3546 quaedam
1425 3462 1767 3544 calumnia,
1815 3483 2007 3545 quam
2044 3484 2212 3526 unus
2259 3462 2433 3547 quis·

420 3565 541 3623 que
585 3551 881 3610 nostrum
926 3551 1211 3612 testante
1258 3551 1474 3614 animo
1521 3572 1635 3613 suo
1682 3550 1812 3614 fert
1859 3550 1936 3614 de
1980 3572 2085 3632 eo,
2147 3550 2261 3635 qui
2315 3550 2432 3615 fal-
