2630 3913
341 199 470 264 306
593 198 1049 252 FRAGMENTA
1085 199 1611 254 EPISTULARUM.
1653 199 1714 253 E.
1753 199 1934 253 XVIII
1974 207 2125 254 1—5.

341 360 725 444 percalibuS,
763 382 889 445 quo
920 360 1021 424 die
1049 360 1378 425 Antonius
1410 359 1700 443 Caesari3
1736 381 1861 425 non
1896 363 2061 425 enim
2092 362 2369 447 opticuit,

339 452 444 513 sed
495 450 667 531 lusit,
729 449 879 531 quia
931 448 1091 513 nihil
1141 450 1325 514 aliud
1373 450 1643 530 intelleyi
1685 454 1933 531 poterat
1980 470 2168 531 quam
2218 450 2364 515 hoc:

345 535 652 601 ‘diadema
694 534 1008 616 inposuit.'

475 627 533 689 2.
583 624 836 705 Quintil.
895 621 998 688 VI
1031 629 1090 688 3.
1134 630 1223 689 20
1267 625 1355 688 In
1403 626 1679 706 epistulis
1724 624 1932 690 Cicero
1976 625 2121 689 haee
2165 625 2368 690 Bruti

341 713 528 792 refert
577 712 785 776 verba:
849 708 950 775 Ne
1012 710 1115 777 illi
1179 716 1334 777 sunt
1387 714 1582 797 pedes
1637 713 1833 778 faceti
1890 735 1965 779 ac
2020 713 2364 779 delicatius
2423 732 2448 772 ει

342 799 731 886 ingredienti
776 799 1024 863 molles.

477 888 535 951 3.
582 886 835 968 Pompei
870 893 1180 951 comment.
1221 889 1291 951 T.
1342 889 1402 952 V
1426 893 1669 971 p.154.
1707 894 1784 953 11
1822 889 1905 953 K.
1981 887 2364 954 ‘Piissimus'

341 977 708 1058 vituperavit
732 974 937 1042 Oicero
961 977 1034 1039 in
1060 976 1434 1057 Philippicis
1459 977 1701 1060 (XIII
1721 984 1818 1042 19.
1846 978 1981 1060 43).
2015 1014 2087 1023 —
2127 978 2368 1043 Tamen

345 1063 558 1146 Caper,
591 1064 697 1129 ille
729 1065 1019 1145 mayister
1053 1065 1326 1147 Auyusti
1362 1063 1664 1142 Caesaris,
1700 1065 2035 1129 elaboravit
2055 1065 2365 1131 vehemen-

344 1155 574 1217 tissime
625 1156 684 1216 et
732 1153 804 1217 de
847 1153 1123 1234 epistulis
1167 1151 1474 1218 Oieeronis
1516 1153 1749 1235 eolleyit
1796 1152 1942 1218 haec
1993 1153 2200 1235 verba,
2253 1154 2366 1219 ubi
2398 1173 2449 1212 ιο

342 1243 585 1305 dixerat
625 1241 754 1321 ipse
799 1238 1070 1306 C'ieero
1074 1238 1450 1323 piissimus’.

475 1328 535 1392 4.
581 1327 748 1392 Plut.
788 1327 908 1393 Cic.
945 1332 1035 1393 24
1077 1331 1317 1392 Καίτοι
1362 1324 1538 1403 τινὲς
1582 1329 1719 1392 τῶν
1764 1326 2365 1434 προσποιουμένων

346 1418 853 1499 δημοσθενίζειν
908 1412 1303 1498 ἐπιφύονται
1360 1417 1553 1500 φωνῇ
1617 1417 1739 1479 τοῦ
1795 1413 2208 1499 Κικέρωνος,
2272 1411 2365 1499 ἣν

344 1501 510 1590 πρός
564 1527 713 1567 τινα
766 1504 902 1567 τῶν
958 1502 1239 1610 ἑταιρων
1306 1506 1549 1586 ἔθηκεν
1607 1503 1680 1567 ἐν
1736 1503 2041 1609 ἐπιστολῇ
2097 1500 2366 1588 γράψας

346 1591 615 1675 ἐνιαχοῦ
667 1591 802 1655 τῶν
866 1585 1089 1672 λόγων
1153 1585 1632 1669 ἀπονυστάζειν
1694 1587 1817 1656 τὸν
1885 1589 2362 1675 Δημοσθένην.
2398 1611 2447 1651 15

347 1718 431 1726 —
472 1679 895 1759 Quintilianus
935 1678 1008 1741 X
1038 1684 1095 1742 1.
1131 1682 1220 1741 24
1264 1679 1358 1742 Et
1401 1680 1690 1743 labuntur
1734 1680 2068 1760 aliquando
2114 1679 2366 1763 (optimi

344 1765 648 1847 auctores)
683 1771 740 1829 et
773 1767 944 1830 oneri
988 1767 1206 1829 cedunt
1247 1771 1305 1830 et
1337 1767 1656 1849 indulqent
1689 1768 2074 1850 inqeniorum
2108 1788 2366 1833 suorum

344 1855 642 1935 voluptati
691 1873 799 1917 nec
840 1873 1073 1933 semper
1115 1855 1441 1918 intendunt
1491 1856 1799 1937 animum,
1852 1875 1979 1920 non
2022 1876 2364 1938 numquam

341 1944 708 2025 fatiyantur,
752 1962 891 2006 cum
937 1939 1212 2007 Oiceroni
1254 1943 1588 2008 dormitare
1630 1944 1878 2008 interim
1912 1943 2362 2029 Demosthenes,

345 2030 614 2096 Horatio
657 2050 795 2094 vero
840 2031 1026 2094 etiam
1071 2031 1382 2096 Homerus
1424 2034 1555 2114 ipse
1596 2034 1888 2096 videatur.
2390 2052 2445 2091 20

479 2117 537 2182 5.
575 2115 819 2183 Sueton.
856 2119 975 2183 div.
1002 2117 1128 2184 Iul.
1154 2124 1240 2183 49
1270 2117 1474 2185 Cicero
1509 2140 1636 2184 non
1670 2126 1980 2185 contentus
2013 2122 2085 2185 in
2118 2122 2361 2203 quibus-

345 2209 490 2271 dam
535 2208 811 2287 epistulis
853 2208 1164 2288 scripsisse
1208 2227 1251 2271 a
1291 2209 1655 2273 satellitibus
1697 2229 1835 2272 eum
1870 2206 2254 2292 (Gaesarem)
2293 2211 2363 2273 in

345 2295 687 2361 cubiculum
729 2296 964 2377 reyium
1008 2296 1285 2360 eductum
1328 2298 1399 2361 in
1444 2316 1628 2361 aureo
1674 2297 1816 2361 lecto
1852 2302 2006 2361 veste
2042 2318 2363 2379 purpurea

344 2385 713 2466 decubuisse,
766 2384 1091 2465 floremque
1134 2386 1354 2448 aetatis
1407 2406 1449 2448 a
1505 2385 1728 2449 Venere
1771 2386 1892 2449 orti
1934 2387 2005 2448 in
2049 2384 2362 2468 Bithynia

346 2474 856 2554 contaminatum,
917 2474 1226 2553 quondam
1284 2473 1468 2536 etiam
1520 2474 1590 2536 in
1641 2478 1857 2537 senatu
1909 2472 2253 2552 defendenti
2306 2476 2364 2538 ei
2393 2490 2449 2532 25

348 2561 558 2643 Nysae
601 2579 869 2641 eausam,
914 2560 1084 2641 filiae
1129 2560 1495 2642 Nicomedis,
1540 2561 1940 2642 beneficiaque
1981 2563 2141 2643 reyis
2185 2563 2257 2625 in
2302 2583 2365 2627 se

347 2648 841 2712 commemoranti
852 2668 872 2708 .·
921 2645 1243 2729 ‘Remove’‚
1287 2649 1516 2730 inquit,
1563 2646 1770 2712 ‘istaec
1777 2699 1794 2731 ,
1839 2668 1944 2713 oro
1990 2653 2069 2725 te,
2114 2652 2364 2730 quando

346 2740 559 2799 uotum
604 2739 714 2818 est,
758 2740 817 2799 et
856 2736 1009 2817 quid
1049 2735 1152 2800 ille
1197 2735 1308 2799 tibi
1352 2741 1410 2799 et
1449 2737 1602 2817 quid
1642 2737 1740 2801 illi
1785 2742 1907 2801 tute
1949 2737 2223 2804 dederis?
