2630 3913
987 210 1137 266 CAP.
1178 218 1227 276 5,
1266 219 1314 267 6.
1371 218 1401 277 ς
1441 218 1664 267 14-19.
2204 212 2334 275 219

319 378 846 459 senectutemque
893 374 1297 458 conpellitur.
1387 373 1574 438 Hanc
1618 372 1822 459 igitur
1864 372 2096 438 habuit
2139 373 2335 439 ratio-

319 487 472 529 nem
519 464 782 529 effector
831 463 1054 528 mundi
1101 468 1165 527 et
1219 461 1486 527 molitor
1547 461 1727 545 deuS,
1786 465 1861 525 ut
1918 484 2118 526 unum
2173 484 2334 546 opus

319 556 534 618 totum
581 556 775 636 atque
817 551 1174 637 perfectum
1212 572 1289 614 ex
1328 550 1626 615 omnibus
1672 555 1742 615 ‘et
1777 550 1936 615 totis
1975 555 2170 634 atque
2196 572 2334 635 per-

320 641 506 706 fectis
554 641 948 723 absolveret,
1004 639 1174 725 quod
1220 639 1397 703 omni
1443 639 1670 703 morbo
1718 642 1785 703 et
1831 638 2009 703 senio
2055 642 2332 703 vacaret.

269 749 294 787 5
320 728 624 794 Formam
655 732 871 793 autem
910 731 976 792 et
1012 727 1291 792 maxime
1332 731 1680 813 cognatam
1710 730 1776 791 et
1804 726 2104 791 decoram
2142 727 2332 791 dedit.
2373 729 2415 793 6

321 818 384 882 A
430 839 557 902 quo
603 817 775 882 enim
822 816 1138 882 animanti
1185 814 1395 880 omnis
1441 814 1726 900 reliquos
1775 815 2091 880 contineri
2136 815 2336 879 vellet

322 905 710 987 animantes,
764 905 935 970 hunc
981 926 1057 969 ea
1100 902 1315 969 forma
1359 904 1694 989 figuravit,
1751 925 1879 988 qua
1923 926 2052 968 una
2112 925 2335 970 omnes

320 994 567 1060 formae
612 994 899 1079 reliquae
947 992 1443 1074 concluduntur,
1504 996 1570 1055 et
1607 991 1954 1077 globosum
2002 995 2102 1056 est
2136 990 2337 1056 fab1i-

324 1086 533 1166 catuS,
590 1082 760 1166 quod
814 1080 1238 1165 σφαιροειδές
1284 1079 1516 1145 Graeci
1572 1084 1836 1163 vocant,
1891 1080 2070 1145 cuius
2126 1081 2335 1144 omnis

243 1192 295 1230 ιο
325 1170 699 1235 extremitas
743 1170 1008 1255 paribus
1045 1192 1085 1234 a
1123 1168 1337 1233 medio
1374 1168 1571 1232 radiis
1610 1168 1978 1253 attingitur,
2013 1168 2203 1252 idque
2240 1169 2335 1232 ita

324 1258 629 1341 tornavit,
673 1262 746 1322 ut
789 1257 955 1322 nihil
999 1257 1251 1322 efficere
1288 1261 1512 1341 posset
1547 1256 1914 1340 rotundiuS,
1950 1256 2116 1320 nihil
2157 1278 2335 1340 aspe-

324 1346 541 1411 ritatis
586 1349 662 1410 ut
705 1346 1002 1427 haberet,
1047 1346 1212 1410 nihil
1259 1345 1650 1427 offensionis,
1695 1344 1860 1408 nihil
1905 1344 2180 1409 incisum
2228 1367 2336 1409 an-

327 1434 517 1520 gulis,
551 1434 716 1499 nihil
755 1396 1171 1515 anfractibuS,
1207 1433 1373 1497 nihil
1404 1433 1708 1518 eminenS,
1743 1432 1909 1497 nihil
1939 1433 2335 1514 lacunosum,

327 1544 673 1606 omnesque
710 1526 930 1608 partes
970 1522 1336 1587 simillimas
1372 1521 1685 1601 omnium,
1724 1521 1895 1605 quod
1933 1521 2069 1586 eius
2098 1521 2334 1585 iudicio

245 1629 298 1669 15
324 1613 703 1696 praestabat
751 1610 1259 1675 dissimilitudini
1306 1610 1682 1674 similitudo
1748 1609 1940 1674 Omni
1986 1613 2202 1673 autem
2240 1614 2333 1673 to-

323 1705 462 1764 tam
508 1700 783 1786 figuram
844 1700 1066 1764 mundi
1123 1699 1390 1763 levitate
1445 1698 1878 1764 circumdedit
1967 1696 2031 1761 N
2036 1720 2103 1763 ec
2165 1699 2335 1762 enim

324 1788 527 1854 oculis
577 1789 830 1874 egebat,
876 1788 1028 1873 quia
1073 1788 1235 1852 nihil
1283 1790 1483 1869 extra,
1532 1787 1701 1870 quod
1748 1787 1923 1851 cerni
1964 1790 2205 1871 posset,
2241 1809 2336 1851 re·

323 1877 551 1942 lictum
597 1881 756 1963 erat,
799 1898 918 1942 nec
965 1876 1247 1960 auribuS,
1294 1875 1446 1961 quia
1489 1897 1568 1939 ne
1619 1875 1789 1960 quod
1835 1875 2166 1940 audiretur
2203 1875 2338 1960 qui·

324 1967 496 2049 dem,
549 1988 757 2051 neque
818 1970 1004 2031 erant
1060 1966 1276 2030 anima
1332 1964 1717 2030 circumfusa
1763 1968 2052 2029 extrema
2098 1965 2337 2047 mundi,

322 2058 399 2118 ut
443 2054 938 2137 respirationem
984 2054 1360 2138 requireret,
1408 2073 1526 2117 nec
1570 2074 1722 2117 vero
1772 2053 2179 2118 desiderabat
2225 2058 2338 2118 aut

246 2159 300 2198 20
329 2140 640 2205 alimenta
694 2142 981 2226 corporis
1043 2146 1158 2206 aut
1213 2140 1677 2206 detractionem
1733 2141 2009 2206 confecti
2064 2144 2129 2206 et
2192 2164 2338 2207 con·

329 2228 573 2313 sumpti
637 2229 791 2312 cibi3
851 2250 1060 2314 neque
1123 2228 1295 2293 enim
1348 2229 1487 2293 ulla
1541 2229 1823 2294 decessio
1878 2230 2019 2294 fieri
2076 2234 2338 2315 poterat

327 2337 536 2400 neque
582 2316 889 2401 accessio,
942 2338 1061 2381 nec
1115 2337 1268 2381 vero
1326 2321 1468 2380 erat
1518 2317 1704 2382 unde.
1792 2316 2023 2401 Itaque
2079 2339 2147 2381 se
2193 2319 2335 2402 ipse

328 2404 816 2489 consumptione
844 2409 911 2471 et
939 2404 1117 2469 senio
1149 2405 1371 2469 alebat
1398 2406 1515 2488 sui,
1561 2428 1704 2470 cum
1747 2405 1885 2489 ipse
1930 2427 2046 2489 per
2087 2427 2156 2470 se
2196 2410 2261 2470 et
2299 2428 2338 2470 a

328 2515 397 2558 se
427 2496 494 2557 et
511 2497 842 2577 pateretur
871 2498 937 2559 et
960 2492 1205 2558 faceret
1232 2494 1466 2557 omnia.
1531 2491 1636 2558 Sic
1654 2493 1825 2559 enim
1867 2497 2048 2558 ratus
2078 2497 2179 2558 est
2203 2494 2336 2577 ille,

246 2598 298 2639 25
328 2581 440 2666 qui
483 2581 614 2646 ista
655 2581 868 2646 iunxit
914 2586 979 2647 et
1025 2582 1337 2665 condidit,
1390 2582 1605 2667 ipsum
1659 2603 1730 2647 se
1775 2586 2150 2648 contentum
2196 2604 2336 2646 esse

327 2669 635 2734 mundum
696 2692 902 2755 neque
967 2692 1155 2757 egere
1219 2671 1445 2735 altero.
1533 2670 1765 2757 Itaque
1822 2671 1881 2736 ei
1934 2693 2051 2737 nec
2105 2694 2334 2736 manus

327 2758 578 2842 adfixit,
638 2759 942 2842 quoniam
1003 2781 1121 2824 nec
1176 2759 1557 2844 capiendum
1631 2760 1971 2843 quicquam
2028 2764 2169 2824 erat
2220 2782 2338 2824 nec

325 2847 794 2932 repellendum,
846 2869 965 2912 nec
1010 2847 1204 2932 pedes
1252 2851 1366 2913 aut
1413 2848 1543 2912 alia
1589 2848 1905 2930 membra,
1966 2849 2198 2931 quibus
2245 2850 2336 2912 in·

329 2955 623 3020 gressum
670 2935 958 3021 corporis
1006 2935 1373 3001 sustineret.
1435 2935 1687 2999 Motum
1734 2935 1905 3000 enim
1944 2935 2118 3000 dedit
2156 2938 2334 3002 caelo

247 3041 299 3080 30
328 3044 501 3106 eum,
555 3023 665 3108 qui
717 3025 965 3111 figurae
1013 3025 1149 3089 eius
1196 3027 1368 3088 esset
1413 3023 1816 3109 aptissimUS,
1874 3023 1984 3106 qui
2037 3045 2201 3088 unus
2259 3047 2337 3089 ex

327 3115 578 3196 septem
635 3113 923 3178 motibus
977 3115 1259 3178 mentem
1314 3115 1510 3195 atque
1563 3111 2081 3196 intellegentiam
2139 3112 2337 3177 cieret

327 3200 621 3265 maxime.
710 3200 942 3286 Itaque
995 3222 1125 3265 una
1179 3201 1595 3266 conversione
1651 3202 1845 3283 atque
1909 3199 2131 3264 eadem
2194 3201 2335 3283 ipse

328 3288 566 3353 circum
613 3310 680 3353 se
727 3292 1068 3374 torquetur
1112 3292 1178 3353 et
1221 3289 1530 3353 vertitur.-
1606 3284 1731 3352 Sex
1778 3290 1994 3352 autem
2048 3288 2335 3372 reliquos

327 3379 543 3441 motus
592 3377 673 3441 ab
720 3399 795 3443 eo
843 3378 1171 3463 separavit
1215 3378 1436 3462 itaque
1482 3377 1565 3441 ab
1613 3375 1789 3441 omni
1830 3376 2152 3441 erratione
2190 3399 2335 3442 eum

245 3480 297 3521 ³5
326 3462 646 3529 liberavit
710 3464 814 3530 Ad
859 3465 1026 3532 hanc
1069 3466 1273 3552 igitur
1320 3465 1821 3548 conversionem,
1862 3487 2026 3549 quae
2063 3465 2335 3550 pedibus

327 3555 393 3616 et
440 3551 644 3637 gradu
689 3574 822 3619 non
869 3558 1114 3641 egeret,
1178 3552 1580 3639 ingrediendi
1630 3554 1920 3618 membra
1964 3575 2096 3619 non
2141 3554 2334 3619 dedit.

2376 1626 2442 1675 18

2379 2687 2486 2733 19⁷
