<?xml version="1.0" encoding="UTF-8"?>
<!DOCTYPE html PUBLIC "-//W3C//DTD XHTML 1.0 Transitional//EN"
    "http://www.w3.org/TR/xhtml1/DTD/xhtml1-transitional.dtd">
<html xmlns="http://www.w3.org/1999/xhtml" xml:lang="en" lang="en">
 <head>
  <title>
</title>
<meta http-equiv="Content-Type" content="text/html;charset=utf-8" />
  <meta name='ocr-system' content='tesseract 3.04.00' />
  <meta name='ocr-capabilities' content='ocr_page ocr_carea ocr_par ocr_line ocrx_word'/>
</head>
<body>
  <div class='ocr_page' id='page_1' title='image "./scriptaquaemans01cicegoog_0113.png"; bbox 0 0 2630 3913; ppageno 0'>
   <div class='ocr_carea' id='block_1_1' title="bbox 796 180 2364 248">
    <p class='ocr_par' dir='ltr' id='par_1_1' title="bbox 796 180 2364 248">
     <span class='ocr_line' id='line_1_1' title="bbox 796 180 2364 248; baseline 0.006 -15"><span class='ocrx_word' id='word_1_1' title='bbox 796 180 931 237; x_wconf 75' lang='grc' dir='ltr'><strong>ΗΒ.</strong></span> <span class='ocrx_word' id='word_1_2' title='bbox 967 181 1011 235; x_wconf 92' lang='lat'><strong>1.</strong></span> <span class='ocrx_word' id='word_1_3' title='bbox 1087 180 1240 238; x_wconf 83' lang='lat' dir='ltr'>CAP.</span> <span class='ocrx_word' id='word_1_4' title='bbox 1276 187 1502 237; x_wconf 78' lang='lat'><strong>37-39.</strong></span> <span class='ocrx_word' id='word_1_5' title='bbox 1575 188 1606 248; x_wconf 68' lang='grc' dir='ltr'><strong>ς</strong></span> <span class='ocrx_word' id='word_1_6' title='bbox 1646 188 1935 238; x_wconf 83' lang='lat'><strong>133—139.</strong></span> <span class='ocrx_word' id='word_1_7' title='bbox 2277 181 2364 243; x_wconf 80' lang='lat'><strong>47</strong></span> 
     </span>
    </p>
   </div>
   <div class='ocr_carea' id='block_1_2' title="bbox 306 341 2366 954">
    <p class='ocr_par' dir='ltr' id='par_1_2' title="bbox 306 341 2366 954">
     <span class='ocr_line' id='line_1_2' title="bbox 361 341 2366 426; baseline 0.001 -20"><span class='ocrx_word' id='word_1_8' title='bbox 361 343 515 426; x_wconf 84' lang='lat' dir='ltr'><strong>riae,</strong></span> <span class='ocrx_word' id='word_1_9' title='bbox 562 341 634 406; x_wconf 88' lang='lat' dir='ltr'><strong>in</strong></span> <span class='ocrx_word' id='word_1_10' title='bbox 678 342 910 426; x_wconf 87' lang='lat' dir='ltr'><strong>quibus</strong></span> <span class='ocrx_word' id='word_1_11' title='bbox 956 342 1262 407; x_wconf 85' lang='lat' dir='ltr'><strong>utendum</strong></span> <span class='ocrx_word' id='word_1_12' title='bbox 1310 346 1410 407; x_wconf 91' lang='lat' dir='ltr'><strong>est</strong></span> <span class='ocrx_word' id='word_1_13' title='bbox 1452 342 1731 407; x_wconf 81' lang='lat' dir='ltr'><strong>fortasse</strong></span> <span class='ocrx_word' id='word_1_14' title='bbox 1776 346 1843 406; x_wconf 90' lang='lat' dir='ltr'><strong>et</strong></span> <span class='ocrx_word' id='word_1_15' title='bbox 1887 344 2062 409; x_wconf 92' lang='lat' dir='ltr'><strong>vocis</strong></span> <span class='ocrx_word' id='word_1_16' title='bbox 2109 346 2366 409; x_wconf 88' lang='lat' dir='ltr'><strong>conten-</strong></span> 
     </span>
     <span class='ocr_line' id='line_1_3' title="bbox 361 424 2365 517; baseline 0.001 -23"><span class='ocrx_word' id='word_1_17' title='bbox 361 431 541 495; x_wconf 89' lang='lat' dir='ltr'><strong>tione</strong></span> <span class='ocrx_word' id='word_1_18' title='bbox 588 431 830 495; x_wconf 88' lang='lat' dir='ltr'><strong>maiore</strong></span> <span class='ocrx_word' id='word_1_19' title='bbox 876 434 942 494; x_wconf 90' lang='lat' dir='ltr'><strong>et</strong></span> <span class='ocrx_word' id='word_1_20' title='bbox 985 431 1330 495; x_wconf 88' lang='lat' dir='ltr'><strong>verborum</strong></span> <span class='ocrx_word' id='word_1_21' title='bbox 1378 432 1700 516; x_wconf 87' lang='lat' dir='ltr'><strong>gravitate</strong></span> <span class='ocrx_word' id='word_1_22' title='bbox 1747 431 2019 513; x_wconf 84' lang='lat' dir='ltr'>acriore,</span> <span class='ocrx_word' id='word_1_23' title='bbox 2063 424 2130 497; x_wconf 89' lang='lat' dir='ltr'><strong>id</strong></span> <span class='ocrx_word' id='word_1_24' title='bbox 2175 453 2365 517; x_wconf 89' lang='lat' dir='ltr'><strong>agen·</strong></span> 
     </span>
     <span class='ocr_line' id='line_1_4' title="bbox 363 518 2366 615; baseline 0.001 -34"><span class='ocrx_word' id='word_1_25' title='bbox 363 519 514 582; x_wconf 89' lang='lat' dir='ltr'><strong>dum</strong></span> <span class='ocrx_word' id='word_1_26' title='bbox 561 518 757 582; x_wconf 86' lang='lat' dir='ltr'><strong>etiam</strong></span> <span class='ocrx_word' id='word_1_27' title='bbox 828 523 903 582; x_wconf 92' lang='lat' dir='ltr'><strong>ut</strong></span> <span class='ocrx_word' id='word_1_28' title='bbox 949 540 1025 583; x_wconf 94' lang='lat' dir='ltr'><strong>ea</strong></span> <span class='ocrx_word' id='word_1_29' title='bbox 1067 518 1279 584; x_wconf 88' lang='lat' dir='ltr'><strong>facere</strong></span> <span class='ocrx_word' id='word_1_30' title='bbox 1324 519 1656 584; x_wconf 88' lang='lat' dir='ltr'><strong>videamur</strong></span> <span class='ocrx_word' id='word_1_31' title='bbox 1700 519 1868 584; x_wconf 90' lang='lat' dir='ltr'><strong>irati.</strong></span> <span class='ocrx_word' id='word_1_32' title='bbox 1959 518 2119 615; x_wconf 67' lang='lat' dir='ltr'><strong>sed!</strong></span> <span class='ocrx_word' id='word_1_33' title='bbox 2163 525 2238 584; x_wconf 92' lang='lat' dir='ltr'><strong>ut</strong></span> <span class='ocrx_word' id='word_1_34' title='bbox 2284 521 2366 584; x_wconf 89' lang='lat' dir='ltr'><strong>ad</strong></span> 
     </span>
     <span class='ocr_line' id='line_1_5' title="bbox 359 564 2365 694; baseline 0 -23"><span class='ocrx_word' id='word_1_35' title='bbox 359 605 673 671; x_wconf 89' lang='lat' dir='ltr'><strong>urendum</strong></span> <span class='ocrx_word' id='word_1_36' title='bbox 729 564 796 670; x_wconf 61' lang='lat' dir='ltr'><strong>et</strong></span> <span class='ocrx_word' id='word_1_37' title='bbox 849 606 1217 690; x_wconf 89' lang='lat' dir='ltr'><strong>secandum,</strong></span> <span class='ocrx_word' id='word_1_38' title='bbox 1281 607 1376 672; x_wconf 91' lang='lat' dir='ltr'><strong>sic</strong></span> <span class='ocrx_word' id='word_1_39' title='bbox 1430 608 1510 672; x_wconf 90' lang='lat' dir='ltr'><strong>ad</strong></span> <span class='ocrx_word' id='word_1_40' title='bbox 1564 609 1688 672; x_wconf 90' lang='lat' dir='ltr'><strong>hoc</strong></span> <span class='ocrx_word' id='word_1_41' title='bbox 1743 629 1944 693; x_wconf 91' lang='lat' dir='ltr'><strong>genus</strong></span> <span class='ocrx_word' id='word_1_42' title='bbox 2000 607 2365 694; x_wconf 88' lang='lat' dir='ltr'><strong>castigandi</strong></span> 
     </span>
     <span class='ocr_line' id='line_1_6' title="bbox 306 694 2364 779; baseline 0.004 -27"><span class='ocrx_word' id='word_1_43' title='bbox 306 711 333 752; x_wconf 76' lang='lat'><strong>5</strong></span> <span class='ocrx_word' id='word_1_44' title='bbox 362 716 511 759; x_wconf 87' lang='lat' dir='ltr'><strong>raro</strong></span> <span class='ocrx_word' id='word_1_45' title='bbox 556 694 871 777; x_wconf 81' lang='lat' dir='ltr'><strong>invitique</strong></span> <span class='ocrx_word' id='word_1_46' title='bbox 916 694 1242 759; x_wconf 85' lang='lat' dir='ltr'><strong>veniemus</strong></span> <span class='ocrx_word' id='word_1_47' title='bbox 1287 716 1406 760; x_wconf 90' lang='lat' dir='ltr'><strong>nec</strong></span> <span class='ocrx_word' id='word_1_48' title='bbox 1450 717 1757 779; x_wconf 90' lang='lat' dir='ltr'><strong>umquam</strong></span> <span class='ocrx_word' id='word_1_49' title='bbox 1809 696 1936 760; x_wconf 90' lang='lat' dir='ltr'><strong>nisi</strong></span> <span class='ocrx_word' id='word_1_50' title='bbox 1983 696 2364 779; x_wconf 90' lang='lat' dir='ltr'><strong>necessario,</strong></span> 
     </span>
     <span class='ocr_line' id='line_1_7' title="bbox 362 782 2362 869; baseline 0.001 -23"><span class='ocrx_word' id='word_1_51' title='bbox 362 782 420 846; x_wconf 92' lang='lat' dir='ltr'><strong>si</strong></span> <span class='ocrx_word' id='word_1_52' title='bbox 464 783 646 846; x_wconf 91' lang='lat' dir='ltr'><strong>nulla</strong></span> <span class='ocrx_word' id='word_1_53' title='bbox 689 782 1043 866; x_wconf 89' lang='lat' dir='ltr'><strong>reperietur</strong></span> <span class='ocrx_word' id='word_1_54' title='bbox 1089 783 1219 847; x_wconf 91' lang='lat' dir='ltr'><strong>alia</strong></span> <span class='ocrx_word' id='word_1_55' title='bbox 1263 782 1605 866; x_wconf 84' lang='lat' dir='ltr'><strong>medicina3</strong></span> <span class='ocrx_word' id='word_1_56' title='bbox 1665 783 1776 848; x_wconf 88' lang='lat' dir='ltr'><strong>sed</strong></span> <span class='ocrx_word' id='word_1_57' title='bbox 1829 788 2047 849; x_wconf 90' lang='lat' dir='ltr'><strong>tamen</strong></span> <span class='ocrx_word' id='word_1_58' title='bbox 2087 785 2186 849; x_wconf 90' lang='lat' dir='ltr'><strong>ira</strong></span> <span class='ocrx_word' id='word_1_59' title='bbox 2220 806 2362 869; x_wconf 89' lang='lat' dir='ltr'><strong>pro-</strong></span> 
     </span>
     <span class='ocr_line' id='line_1_8' title="bbox 362 870 2363 954; baseline -0 -18"><span class='ocrx_word' id='word_1_60' title='bbox 362 870 466 936; x_wconf 90' lang='lat' dir='ltr'><strong>cul</strong></span> <span class='ocrx_word' id='word_1_61' title='bbox 513 870 713 952; x_wconf 86' lang='lat' dir='ltr'><strong>absit,</strong></span> <span class='ocrx_word' id='word_1_62' title='bbox 759 892 904 934; x_wconf 91' lang='lat' dir='ltr'><strong>cum</strong></span> <span class='ocrx_word' id='word_1_63' title='bbox 949 892 1077 954; x_wconf 88' lang='lat' dir='ltr'><strong>qua</strong></span> <span class='ocrx_word' id='word_1_64' title='bbox 1118 870 1283 934; x_wconf 88' lang='lat' dir='ltr'><strong>nihil</strong></span> <span class='ocrx_word' id='word_1_65' title='bbox 1329 875 1501 936; x_wconf 90' lang='lat' dir='ltr'><strong>recte</strong></span> <span class='ocrx_word' id='word_1_66' title='bbox 1545 872 1710 954; x_wconf 90' lang='lat' dir='ltr'><strong>fieri,</strong></span> <span class='ocrx_word' id='word_1_67' title='bbox 1754 871 1919 936; x_wconf 91' lang='lat' dir='ltr'><strong>nihil</strong></span> <span class='ocrx_word' id='word_1_68' title='bbox 1965 873 2363 937; x_wconf 87' lang='lat' dir='ltr'><strong>considerate</strong></span> 
     </span>
    </p>
   </div>
   <div class='ocr_carea' id='block_1_3' title="bbox 360 958 2467 1046">
    <p class='ocr_par' dir='ltr' id='par_1_3' title="bbox 360 958 2467 1046">
     <span class='ocr_line' id='line_1_9' title="bbox 360 958 2467 1046; baseline 0.001 -24"><span class='ocrx_word' id='word_1_69' title='bbox 360 962 597 1043; x_wconf 87' lang='lat' dir='ltr'><strong>potest.</strong></span> <span class='ocrx_word' id='word_1_70' title='bbox 667 958 972 1044; x_wconf 85' lang='lat' dir='ltr'><strong>Magnam</strong></span> <span class='ocrx_word' id='word_1_71' title='bbox 1012 963 1228 1023; x_wconf 89' lang='lat' dir='ltr'><strong>autem</strong></span> <span class='ocrx_word' id='word_1_72' title='bbox 1252 963 1516 1043; x_wconf 88' lang='lat' dir='ltr'><strong>partem</strong></span> <span class='ocrx_word' id='word_1_73' title='bbox 1562 960 1864 1024; x_wconf 88' lang='lat' dir='ltr'><strong>clementi</strong></span> <span class='ocrx_word' id='word_1_74' title='bbox 1909 961 2337 1046; x_wconf 73' lang='lat' dir='ltr'><strong>castigatione</strong></span> <span class='ocrx_word' id='word_1_75' title='bbox 2369 976 2467 1025; x_wconf 83' lang='lat'><strong>13¹1</strong></span> 
     </span>
    </p>
   </div>
   <div class='ocr_carea' id='block_1_4' title="bbox 279 1046 2366 3346">
    <p class='ocr_par' dir='ltr' id='par_1_4' title="bbox 280 1046 2365 2101">
     <span class='ocr_line' id='line_1_10' title="bbox 361 1046 2364 1131; baseline 0.001 -20"><span class='ocrx_word' id='word_1_76' title='bbox 361 1046 516 1111; x_wconf 89' lang='lat' dir='ltr'><strong>licet</strong></span> <span class='ocrx_word' id='word_1_77' title='bbox 558 1046 683 1130; x_wconf 86' lang='lat' dir='ltr'><strong>uti,</strong></span> <span class='ocrx_word' id='word_1_78' title='bbox 738 1047 1060 1131; x_wconf 90' lang='lat' dir='ltr'><strong>gravitate</strong></span> <span class='ocrx_word' id='word_1_79' title='bbox 1115 1051 1336 1111; x_wconf 92' lang='lat' dir='ltr'><strong>tamen</strong></span> <span class='ocrx_word' id='word_1_80' title='bbox 1390 1047 1716 1131; x_wconf 91' lang='lat' dir='ltr'><strong>adiuncta,</strong></span> <span class='ocrx_word' id='word_1_81' title='bbox 1773 1053 1847 1112; x_wconf 91' lang='lat' dir='ltr'><strong>ut</strong></span> <span class='ocrx_word' id='word_1_82' title='bbox 1901 1050 2211 1113; x_wconf 86' lang='lat' dir='ltr'><strong>severitas</strong></span> <span class='ocrx_word' id='word_1_83' title='bbox 2259 1049 2364 1112; x_wconf 87' lang='lat' dir='ltr'><strong>ad-</strong></span> 
     </span>
     <span class='ocr_line' id='line_1_11' title="bbox 280 1134 2365 1219; baseline 0 -20"><span class='ocrx_word' id='word_1_84' title='bbox 280 1152 331 1192; x_wconf 80' lang='grc' dir='ltr'><strong>ιο</strong></span> <span class='ocrx_word' id='word_1_85' title='bbox 359 1134 661 1199; x_wconf 89' lang='lat' dir='ltr'><strong>hibeatur</strong></span> <span class='ocrx_word' id='word_1_86' title='bbox 707 1138 773 1199; x_wconf 90' lang='lat' dir='ltr'><strong>et</strong></span> <span class='ocrx_word' id='word_1_87' title='bbox 827 1136 1217 1199; x_wconf 92' lang='lat' dir='ltr'><strong>contumelia</strong></span> <span class='ocrx_word' id='word_1_88' title='bbox 1268 1136 1649 1219; x_wconf 86' lang='lat' dir='ltr'><strong>repellatur,</strong></span> <span class='ocrx_word' id='word_1_89' title='bbox 1703 1139 1897 1219; x_wconf 89' lang='lat' dir='ltr'><strong>atque</strong></span> <span class='ocrx_word' id='word_1_90' title='bbox 1951 1137 2147 1201; x_wconf 91' lang='lat' dir='ltr'><strong>etiam</strong></span> <span class='ocrx_word' id='word_1_91' title='bbox 2200 1137 2365 1200; x_wconf 88' lang='lat' dir='ltr'><strong>illud</strong></span> 
     </span>
     <span class='ocr_line' id='line_1_12' title="bbox 359 1222 2363 1328; baseline 0.001 -42"><span class='ocrx_word' id='word_1_92' title='bbox 359 1223 599 1328; x_wconf 51' lang='lat' dir='ltr'><strong>ipsum,</strong></span> <span class='ocrx_word' id='word_1_93' title='bbox 620 1223 792 1306; x_wconf 89' lang='lat' dir='ltr'><strong>quod</strong></span> <span class='ocrx_word' id='word_1_94' title='bbox 819 1222 1191 1288; x_wconf 84' lang='lat' dir='ltr'><strong>acerbitatis</strong></span> <span class='ocrx_word' id='word_1_95' title='bbox 1218 1223 1420 1287; x_wconf 91' lang='lat' dir='ltr'><strong>habet</strong></span> <span class='ocrx_word' id='word_1_96' title='bbox 1448 1223 1842 1307; x_wconf 51' lang='lat' dir='ltr'><strong>obiurgatio)</strong></span> <span class='ocrx_word' id='word_1_97' title='bbox 1872 1224 2363 1308; x_wconf 89' lang='lat' dir='ltr'><strong>significandum</strong></span> 
     </span>
     <span class='ocr_line' id='line_1_13' title="bbox 362 1310 2362 1413; baseline 0.001 -39"><span class='ocrx_word' id='word_1_98' title='bbox 362 1314 492 1413; x_wconf 55' lang='lat' dir='ltr'><strong>ests</strong></span> <span class='ocrx_word' id='word_1_99' title='bbox 540 1310 745 1395; x_wconf 90' lang='lat' dir='ltr'><strong>ipsius</strong></span> <span class='ocrx_word' id='word_1_100' title='bbox 788 1310 856 1374; x_wconf 91' lang='lat' dir='ltr'><strong>id</strong></span> <span class='ocrx_word' id='word_1_101' title='bbox 902 1333 1127 1412; x_wconf 52' lang='lat' dir='ltr'><strong>causas</strong></span> <span class='ocrx_word' id='word_1_102' title='bbox 1176 1310 1287 1394; x_wconf 90' lang='lat' dir='ltr'><strong>qui</strong></span> <span class='ocrx_word' id='word_1_103' title='bbox 1333 1311 1736 1395; x_wconf 71' lang='lat' dir='ltr'><strong>obiurgetur,</strong></span> <span class='ocrx_word' id='word_1_104' title='bbox 1790 1332 1930 1375; x_wconf 91' lang='lat' dir='ltr'><strong>esse</strong></span> <span class='ocrx_word' id='word_1_105' title='bbox 1975 1316 2362 1397; x_wconf 90' lang='lat' dir='ltr'><strong>susceptum.</strong></span> 
     </span>
     <span class='ocr_line' id='line_1_14' title="bbox 360 1398 2363 1496; baseline 0.001 -34"><span class='ocrx_word' id='word_1_106' title='bbox 360 1398 634 1463; x_wconf 87' lang='lat' dir='ltr'><strong>Rectum</strong></span> <span class='ocrx_word' id='word_1_107' title='bbox 679 1403 779 1462; x_wconf 92' lang='lat' dir='ltr'><strong>est</strong></span> <span class='ocrx_word' id='word_1_108' title='bbox 825 1403 1070 1487; x_wconf 81' lang='lat' dir='ltr'><strong>autem&gt;</strong></span> <span class='ocrx_word' id='word_1_109' title='bbox 1087 1399 1285 1469; x_wconf 88' lang='lat' dir='ltr'><strong>etiam</strong></span> <span class='ocrx_word' id='word_1_110' title='bbox 1328 1400 1400 1463; x_wconf 90' lang='lat' dir='ltr'><strong>in</strong></span> <span class='ocrx_word' id='word_1_111' title='bbox 1441 1399 1576 1462; x_wconf 91' lang='lat' dir='ltr'><strong>illis</strong></span> <span class='ocrx_word' id='word_1_112' title='bbox 1617 1399 2162 1496; x_wconf 71' lang='lat' dir='ltr'><strong>contentionibus7</strong></span> <span class='ocrx_word' id='word_1_113' title='bbox 2200 1421 2363 1483; x_wconf 89' lang='lat' dir='ltr'><strong>quae</strong></span> 
     </span>
     <span class='ocr_line' id='line_1_15' title="bbox 361 1487 2363 1572; baseline -0 -20"><span class='ocrx_word' id='word_1_114' title='bbox 361 1509 506 1552; x_wconf 90' lang='lat' dir='ltr'><strong>cum</strong></span> <span class='ocrx_word' id='word_1_115' title='bbox 551 1487 1012 1551; x_wconf 84' lang='lat' dir='ltr'><strong>inimicissimis</strong></span> <span class='ocrx_word' id='word_1_116' title='bbox 1058 1487 1246 1571; x_wconf 87' lang='lat' dir='ltr'><strong>fiunt,</strong></span> <span class='ocrx_word' id='word_1_117' title='bbox 1302 1487 1559 1551; x_wconf 88' lang='lat' dir='ltr'><strong>etiamsi</strong></span> <span class='ocrx_word' id='word_1_118' title='bbox 1602 1487 1792 1551; x_wconf 85' lang='lat' dir='ltr'><strong>nobis</strong></span> <span class='ocrx_word' id='word_1_119' title='bbox 1837 1487 2105 1572; x_wconf 86' lang='lat' dir='ltr'><strong>indigna</strong></span> <span class='ocrx_word' id='word_1_120' title='bbox 2150 1488 2363 1552; x_wconf 88' lang='lat' dir='ltr'><strong>audia-</strong></span> 
     </span>
     <span class='ocr_line' id='line_1_16' title="bbox 281 1575 2362 1661; baseline 0 -22"><span class='ocrx_word' id='word_1_121' title='bbox 281 1590 333 1631; x_wconf 78' lang='lat'><strong>15</strong></span> <span class='ocrx_word' id='word_1_122' title='bbox 363 1596 524 1657; x_wconf 84' lang='lat' dir='ltr'><strong>mus,</strong></span> <span class='ocrx_word' id='word_1_123' title='bbox 567 1579 788 1638; x_wconf 90' lang='lat' dir='ltr'><strong>tamen</strong></span> <span class='ocrx_word' id='word_1_124' title='bbox 833 1575 1223 1659; x_wconf 89' lang='lat' dir='ltr'><strong>gravitatem</strong></span> <span class='ocrx_word' id='word_1_125' title='bbox 1283 1578 1578 1651; x_wconf 89' lang='lat' dir='ltr'><strong>retinere,</strong></span> <span class='ocrx_word' id='word_1_126' title='bbox 1644 1577 2042 1642; x_wconf 86' lang='lat' dir='ltr'><strong>iracundiam</strong></span> <span class='ocrx_word' id='word_1_127' title='bbox 2106 1576 2362 1661; x_wconf 83' lang='lat' dir='ltr'><strong>pellere.</strong></span> 
     </span>
     <span class='ocr_line' id='line_1_17' title="bbox 361 1661 2364 1748; baseline 0.001 -22"><span class='ocrx_word' id='word_1_128' title='bbox 361 1661 537 1738; x_wconf 83' lang='lat' dir='ltr'><strong>Quae</strong></span> <span class='ocrx_word' id='word_1_129' title='bbox 593 1663 763 1727; x_wconf 92' lang='lat' dir='ltr'><strong>enim</strong></span> <span class='ocrx_word' id='word_1_130' title='bbox 818 1685 962 1727; x_wconf 92' lang='lat' dir='ltr'><strong>cum</strong></span> <span class='ocrx_word' id='word_1_131' title='bbox 1026 1663 1245 1746; x_wconf 90' lang='lat' dir='ltr'><strong>aliqua</strong></span> <span class='ocrx_word' id='word_1_132' title='bbox 1305 1663 1794 1748; x_wconf 85' lang='lat' dir='ltr'><strong>perturbatione</strong></span> <span class='ocrx_word' id='word_1_133' title='bbox 1855 1665 2045 1746; x_wconf 88' lang='lat' dir='ltr'><strong>fiunt,</strong></span> <span class='ocrx_word' id='word_1_134' title='bbox 2111 1687 2187 1729; x_wconf 92' lang='lat' dir='ltr'><strong>ea</strong></span> <span class='ocrx_word' id='word_1_135' title='bbox 2246 1685 2364 1729; x_wconf 89' lang='lat' dir='ltr'><strong>nec</strong></span> 
     </span>
     <span class='ocr_line' id='line_1_18' title="bbox 360 1751 2364 1855; baseline 0 -39"><span class='ocrx_word' id='word_1_136' title='bbox 360 1754 734 1816; x_wconf 88' lang='lat' dir='ltr'><strong>constanter</strong></span> <span class='ocrx_word' id='word_1_137' title='bbox 785 1751 927 1815; x_wconf 89' lang='lat' dir='ltr'><strong>fieri</strong></span> <span class='ocrx_word' id='word_1_138' title='bbox 979 1756 1255 1835; x_wconf 88' lang='lat' dir='ltr'><strong>possunt</strong></span> <span class='ocrx_word' id='word_1_139' title='bbox 1304 1773 1511 1836; x_wconf 91' lang='lat' dir='ltr'><strong>neque</strong></span> <span class='ocrx_word' id='word_1_140' title='bbox 1565 1751 1685 1847; x_wconf 56' lang='lat' dir='ltr'><strong>iiss</strong></span> <span class='ocrx_word' id='word_1_141' title='bbox 1741 1753 1852 1837; x_wconf 89' lang='lat' dir='ltr'><strong>qui</strong></span> <span class='ocrx_word' id='word_1_142' title='bbox 1906 1751 2185 1855; x_wconf 66' lang='lat' dir='ltr'><strong>adsunt7</strong></span> <span class='ocrx_word' id='word_1_143' title='bbox 2220 1775 2364 1837; x_wconf 89' lang='lat' dir='ltr'><strong>pro-</strong></span> 
     </span>
     <span class='ocr_line' id='line_1_19' title="bbox 358 1838 2365 1936; baseline 0.001 -33"><span class='ocrx_word' id='word_1_144' title='bbox 358 1839 519 1903; x_wconf 89' lang='lat' dir='ltr'><strong>bari.</strong></span> <span class='ocrx_word' id='word_1_145' title='bbox 591 1838 897 1903; x_wconf 83' lang='lat' dir='ltr'><strong>Deforme</strong></span> <span class='ocrx_word' id='word_1_146' title='bbox 933 1839 1131 1903; x_wconf 88' lang='lat' dir='ltr'><strong>etiam</strong></span> <span class='ocrx_word' id='word_1_147' title='bbox 1168 1843 1269 1903; x_wconf 89' lang='lat' dir='ltr'><strong>est</strong></span> <span class='ocrx_word' id='word_1_148' title='bbox 1304 1840 1382 1904; x_wconf 87' lang='lat' dir='ltr'><strong>de</strong></span> <span class='ocrx_word' id='word_1_149' title='bbox 1419 1861 1488 1904; x_wconf 91' lang='lat' dir='ltr'><strong>se</strong></span> <span class='ocrx_word' id='word_1_150' title='bbox 1531 1839 1746 1924; x_wconf 90' lang='lat' dir='ltr'><strong>ipsum</strong></span> <span class='ocrx_word' id='word_1_151' title='bbox 1792 1840 2365 1936; x_wconf 61' lang='lat' dir='ltr'><strong>praedicaressalsa</strong></span> 
     </span>
     <span class='ocr_line' id='line_1_20' title="bbox 358 1927 2365 2020; baseline 0.001 -29"><span class='ocrx_word' id='word_1_152' title='bbox 358 1928 760 2020; x_wconf 74' lang='lat' dir='ltr'><strong>praesertim,</strong></span> <span class='ocrx_word' id='word_1_153' title='bbox 788 1932 853 1993; x_wconf 89' lang='lat' dir='ltr'><strong>et</strong></span> <span class='ocrx_word' id='word_1_154' title='bbox 897 1949 1043 1994; x_wconf 92' lang='lat' dir='ltr'><strong>cum</strong></span> <span class='ocrx_word' id='word_1_155' title='bbox 1088 1927 1395 1993; x_wconf 91' lang='lat' dir='ltr'><strong>inrisione</strong></span> <span class='ocrx_word' id='word_1_156' title='bbox 1451 1928 1845 1994; x_wconf 87' lang='lat' dir='ltr'><strong>audientium</strong></span> <span class='ocrx_word' id='word_1_157' title='bbox 1900 1928 2147 1995; x_wconf 89' lang='lat' dir='ltr'><strong>imitari</strong></span> <span class='ocrx_word' id='word_1_158' title='bbox 2199 1929 2365 1994; x_wconf 89' lang='lat' dir='ltr'><strong>mili-</strong></span> 
     </span>
     <span class='ocr_line' id='line_1_21' title="bbox 280 2016 914 2101; baseline -0.002 -21"><span class='ocrx_word' id='word_1_159' title='bbox 280 2033 332 2072; x_wconf 63' lang='grc'><strong>20</strong></span> <span class='ocrx_word' id='word_1_160' title='bbox 361 2022 495 2080; x_wconf 91' lang='lat' dir='ltr'><strong>tem</strong></span> <span class='ocrx_word' id='word_1_161' title='bbox 543 2016 914 2101; x_wconf 88' lang='lat' dir='ltr'><strong>gloriosum.</strong></span> 
     </span>
    </p>

    <p class='ocr_par' dir='ltr' id='par_1_5' title="bbox 360 2095 2366 2454">
     <span class='ocr_line' id='line_1_22' title="bbox 438 2095 2337 2191; baseline 0.002 -24"><span class='ocrx_word' id='word_1_162' title='bbox 438 2144 444 2149; x_wconf 95' lang='lat'><em>-</em></span> <span class='ocrx_word' id='word_1_163' title='bbox 491 2102 581 2168; x_wconf 87' lang='lat' dir='ltr'><strong>Et</strong></span> <span class='ocrx_word' id='word_1_164' title='bbox 627 2104 929 2187; x_wconf 91' lang='lat' dir='ltr'><strong>quoniam</strong></span> <span class='ocrx_word' id='word_1_165' title='bbox 975 2105 1195 2169; x_wconf 91' lang='lat' dir='ltr'><strong>omnia</strong></span> <span class='ocrx_word' id='word_1_166' title='bbox 1230 2095 1741 2190; x_wconf 57' lang='lat' dir='ltr'><strong>persequimurj(</strong></span> <span class='ocrx_word' id='word_1_167' title='bbox 1735 2107 2034 2171; x_wconf 91' lang='lat' dir='ltr'><strong>volumus</strong></span> <span class='ocrx_word' id='word_1_168' title='bbox 2082 2106 2337 2191; x_wconf 89' lang='lat' dir='ltr'><strong>quidem</strong></span> 
     </span>
     <span class='ocr_line' id='line_1_23' title="bbox 360 2189 2365 2286; baseline 0.001 -29"><span class='ocrx_word' id='word_1_169' title='bbox 360 2189 559 2286; x_wconf 64' lang='lat' dir='ltr'><strong>certe)</strong></span> <span class='ocrx_word' id='word_1_170' title='bbox 614 2192 947 2258; x_wconf 88' lang='lat' dir='ltr'><strong>dicendum</strong></span> <span class='ocrx_word' id='word_1_171' title='bbox 993 2197 1093 2258; x_wconf 90' lang='lat' dir='ltr'><strong>est</strong></span> <span class='ocrx_word' id='word_1_172' title='bbox 1148 2193 1386 2278; x_wconf 54' lang='lat' dir='ltr'><strong>etiamd</strong></span> <span class='ocrx_word' id='word_1_173' title='bbox 1431 2194 1689 2276; x_wconf 90' lang='lat' dir='ltr'><strong>qualem</strong></span> <span class='ocrx_word' id='word_1_174' title='bbox 1732 2193 2014 2258; x_wconf 91' lang='lat' dir='ltr'><strong>hominis</strong></span> <span class='ocrx_word' id='word_1_175' title='bbox 2060 2194 2365 2259; x_wconf 88' lang='lat' dir='ltr'><strong>honorati</strong></span> 
     </span>
     <span class='ocr_line' id='line_1_24' title="bbox 360 2280 2366 2367; baseline 0 -22"><span class='ocrx_word' id='word_1_176' title='bbox 360 2284 426 2345; x_wconf 90' lang='lat' dir='ltr'><strong>et</strong></span> <span class='ocrx_word' id='word_1_177' title='bbox 470 2280 781 2366; x_wconf 88' lang='lat' dir='ltr'><strong>principis</strong></span> <span class='ocrx_word' id='word_1_178' title='bbox 829 2281 1088 2345; x_wconf 90' lang='lat' dir='ltr'><strong>domum</strong></span> <span class='ocrx_word' id='word_1_179' title='bbox 1125 2281 1382 2365; x_wconf 90' lang='lat' dir='ltr'><strong>placeat</strong></span> <span class='ocrx_word' id='word_1_180' title='bbox 1426 2302 1595 2363; x_wconf 65' lang='lat' dir='ltr'><strong>esse,</strong></span> <span class='ocrx_word' id='word_1_181' title='bbox 1628 2280 1807 2345; x_wconf 90' lang='lat' dir='ltr'><strong>cuius</strong></span> <span class='ocrx_word' id='word_1_182' title='bbox 1851 2282 2000 2345; x_wconf 91' lang='lat' dir='ltr'><strong>finis</strong></span> <span class='ocrx_word' id='word_1_183' title='bbox 2048 2286 2148 2345; x_wconf 90' lang='lat' dir='ltr'><strong>est</strong></span> <span class='ocrx_word' id='word_1_184' title='bbox 2191 2304 2366 2367; x_wconf 87' lang='lat' dir='ltr'><strong>usus,</strong></span> 
     </span>
     <span class='ocr_line' id='line_1_25' title="bbox 361 2368 2364 2454; baseline 0.001 -22"><span class='ocrx_word' id='word_1_185' title='bbox 361 2368 442 2432; x_wconf 89' lang='lat' dir='ltr'><strong>ad</strong></span> <span class='ocrx_word' id='word_1_186' title='bbox 489 2389 677 2451; x_wconf 88' lang='lat' dir='ltr'><strong>quem</strong></span> <span class='ocrx_word' id='word_1_187' title='bbox 732 2368 1270 2435; x_wconf 89' lang='lat' dir='ltr'><strong>accommodanda</strong></span> <span class='ocrx_word' id='word_1_188' title='bbox 1313 2371 1415 2432; x_wconf 91' lang='lat' dir='ltr'><strong>est</strong></span> <span class='ocrx_word' id='word_1_189' title='bbox 1469 2368 1843 2434; x_wconf 87' lang='lat' dir='ltr'><strong>aedificandi</strong></span> <span class='ocrx_word' id='word_1_190' title='bbox 1899 2368 2243 2454; x_wconf 86' lang='lat' dir='ltr'><strong>descriptio</strong></span> <span class='ocrx_word' id='word_1_191' title='bbox 2299 2375 2364 2435; x_wconf 89' lang='lat' dir='ltr'><strong>et</strong></span> 
     </span>
    </p>

    <p class='ocr_par' dir='ltr' id='par_1_6' title="bbox 279 2455 2364 2895">
     <span class='ocr_line' id='line_1_26' title="bbox 279 2455 2362 2542; baseline 0 -22"><span class='ocrx_word' id='word_1_192' title='bbox 279 2472 331 2512; x_wconf 79' lang='lat'><strong>25</strong></span> <span class='ocrx_word' id='word_1_193' title='bbox 359 2461 581 2521; x_wconf 89' lang='lat' dir='ltr'><strong>tamen</strong></span> <span class='ocrx_word' id='word_1_194' title='bbox 617 2456 982 2521; x_wconf 88' lang='lat' dir='ltr'><strong>adhibenda</strong></span> <span class='ocrx_word' id='word_1_195' title='bbox 1008 2456 1486 2523; x_wconf 90' lang='lat' dir='ltr'><strong>commoditatis</strong></span> <span class='ocrx_word' id='word_1_196' title='bbox 1515 2455 1978 2542; x_wconf 86' lang='lat' dir='ltr'><strong>dignitatisque</strong></span> <span class='ocrx_word' id='word_1_197' title='bbox 2007 2456 2362 2541; x_wconf 88' lang='lat' dir='ltr'><strong>diligentia.</strong></span> 
     </span>
     <span class='ocr_line' id='line_1_27' title="bbox 360 2542 2362 2630; baseline 0 -21"><span class='ocrx_word' id='word_1_198' title='bbox 360 2542 474 2609; x_wconf 85' lang='lat' dir='ltr'><strong>Cn.</strong></span> <span class='ocrx_word' id='word_1_199' title='bbox 520 2544 808 2628; x_wconf 89' lang='lat' dir='ltr'><strong>Octavio,</strong></span> <span class='ocrx_word' id='word_1_200' title='bbox 854 2545 964 2628; x_wconf 91' lang='lat' dir='ltr'><strong>qui</strong></span> <span class='ocrx_word' id='word_1_201' title='bbox 1008 2545 1254 2630; x_wconf 89' lang='lat' dir='ltr'><strong>primus</strong></span> <span class='ocrx_word' id='word_1_202' title='bbox 1301 2567 1379 2609; x_wconf 87' lang='lat' dir='ltr'><strong>ex</strong></span> <span class='ocrx_word' id='word_1_203' title='bbox 1422 2545 1542 2609; x_wconf 90' lang='lat' dir='ltr'><strong>illa</strong></span> <span class='ocrx_word' id='word_1_204' title='bbox 1584 2544 1836 2608; x_wconf 87' lang='lat' dir='ltr'><strong>familia</strong></span> <span class='ocrx_word' id='word_1_205' title='bbox 1880 2545 2105 2610; x_wconf 92' lang='lat' dir='ltr'><strong>consul</strong></span> <span class='ocrx_word' id='word_1_206' title='bbox 2149 2544 2362 2610; x_wconf 85' lang='lat' dir='ltr'><strong>factus</strong></span> 
     </span>
     <span class='ocr_line' id='line_1_28' title="bbox 360 2632 2364 2732; baseline 0.001 -36"><span class='ocrx_word' id='word_1_207' title='bbox 360 2636 486 2715; x_wconf 90' lang='lat' dir='ltr'><strong>est,</strong></span> <span class='ocrx_word' id='word_1_208' title='bbox 530 2633 763 2697; x_wconf 90' lang='lat' dir='ltr'><strong>honori</strong></span> <span class='ocrx_word' id='word_1_209' title='bbox 805 2632 1005 2698; x_wconf 88' lang='lat' dir='ltr'><strong>fuisse</strong></span> <span class='ocrx_word' id='word_1_210' title='bbox 1051 2634 1410 2718; x_wconf 85' lang='lat' dir='ltr'><strong>accepimus</strong></span> <span class='ocrx_word' id='word_1_211' title='bbox 1404 2677 1457 2732; x_wconf 48' lang='grc' dir='ltr'><strong><em>χ</em></strong></span> <span class='ocrx_word' id='word_1_212' title='bbox 1492 2632 1663 2716; x_wconf 89' lang='lat' dir='ltr'><strong>quod</strong></span> <span class='ocrx_word' id='word_1_213' title='bbox 1705 2634 2105 2717; x_wconf 85' lang='lat' dir='ltr'><strong>praeclaram</strong></span> <span class='ocrx_word' id='word_1_214' title='bbox 2153 2634 2364 2699; x_wconf 89' lang='lat' dir='ltr'><strong>aedifi-</strong></span> 
     </span>
     <span class='ocr_line' id='line_1_29' title="bbox 359 2720 2363 2807; baseline 0.001 -23"><span class='ocrx_word' id='word_1_215' title='bbox 359 2724 570 2785; x_wconf 88' lang='lat' dir='ltr'><strong>casset</strong></span> <span class='ocrx_word' id='word_1_216' title='bbox 624 2720 694 2785; x_wconf 92' lang='lat' dir='ltr'><strong>in</strong></span> <span class='ocrx_word' id='word_1_217' title='bbox 745 2720 1001 2785; x_wconf 90' lang='lat' dir='ltr'><strong>Palatio</strong></span> <span class='ocrx_word' id='word_1_218' title='bbox 1056 2724 1122 2785; x_wconf 90' lang='lat' dir='ltr'><strong>et</strong></span> <span class='ocrx_word' id='word_1_219' title='bbox 1166 2722 1425 2806; x_wconf 88' lang='lat' dir='ltr'><strong>plenam</strong></span> <span class='ocrx_word' id='word_1_220' title='bbox 1472 2721 1811 2807; x_wconf 85' lang='lat' dir='ltr'><strong>dignitatis</strong></span> <span class='ocrx_word' id='word_1_221' title='bbox 1856 2721 2146 2805; x_wconf 84' lang='lat' dir='ltr'><strong>domum3</strong></span> <span class='ocrx_word' id='word_1_222' title='bbox 2201 2744 2363 2805; x_wconf 88' lang='lat' dir='ltr'><strong>quae</strong></span> 
     </span>
     <span class='ocr_line' id='line_1_30' title="bbox 359 2809 2364 2895; baseline 0 -23"><span class='ocrx_word' id='word_1_223' title='bbox 359 2831 505 2873; x_wconf 91' lang='lat' dir='ltr'><strong>cum</strong></span> <span class='ocrx_word' id='word_1_224' title='bbox 550 2809 749 2894; x_wconf 92' lang='lat' dir='ltr'><strong>vulgo</strong></span> <span class='ocrx_word' id='word_1_225' title='bbox 795 2809 1127 2891; x_wconf 81' lang='lat' dir='ltr'><strong>viseretur,</strong></span> <span class='ocrx_word' id='word_1_226' title='bbox 1174 2810 1530 2895; x_wconf 87' lang='lat' dir='ltr'><strong>suffragata</strong></span> <span class='ocrx_word' id='word_1_227' title='bbox 1567 2809 1847 2893; x_wconf 85' lang='lat' dir='ltr'><strong>domino,</strong></span> <span class='ocrx_word' id='word_1_228' title='bbox 1890 2831 2060 2875; x_wconf 88' lang='lat' dir='ltr'><strong>novo</strong></span> <span class='ocrx_word' id='word_1_229' title='bbox 2097 2810 2364 2893; x_wconf 90' lang='lat' dir='ltr'><strong>homini,</strong></span> 
     </span>
    </p>

    <p class='ocr_par' dir='ltr' id='par_1_7' title="bbox 280 2883 2364 3346">
     <span class='ocr_line' id='line_1_31' title="bbox 280 2883 2362 2981; baseline -0 -19"><span class='ocrx_word' id='word_1_230' title='bbox 280 2913 333 2953; x_wconf 78' lang='lat'><strong>³⁰</strong></span> <span class='ocrx_word' id='word_1_231' title='bbox 360 2896 442 2961; x_wconf 86' lang='lat' dir='ltr'><strong>ad</strong></span> <span class='ocrx_word' id='word_1_232' title='bbox 513 2898 917 2962; x_wconf 84' lang='lat' dir='ltr'><strong>consulatum</strong></span> <span class='ocrx_word' id='word_1_233' title='bbox 989 2898 1341 2981; x_wconf 90' lang='lat' dir='ltr'><strong>putabatur</strong></span> <span class='ocrx_word' id='word_1_234' title='bbox 1383 2951 1392 2967; x_wconf 81' lang='grc'><strong>.</strong></span> <span class='ocrx_word' id='word_1_235' title='bbox 1438 2883 1604 2962; x_wconf 77' lang='lat' dir='ltr'><strong>Hanc</strong></span> <span class='ocrx_word' id='word_1_236' title='bbox 1668 2895 1942 2962; x_wconf 88' lang='lat' dir='ltr'><strong>Scaurus</strong></span> <span class='ocrx_word' id='word_1_237' title='bbox 2016 2897 2362 2963; x_wconf 88' lang='lat' dir='ltr'><strong>demolitus</strong></span> 
     </span>
     <span class='ocr_line' id='line_1_32' title="bbox 360 2919 2363 3069; baseline 0 -20"><span class='ocrx_word' id='word_1_238' title='bbox 360 2985 789 3050; x_wconf 90' lang='lat' dir='ltr'><strong>accessionem</strong></span> <span class='ocrx_word' id='word_1_239' title='bbox 854 2986 1145 3050; x_wconf 85' lang='lat' dir='ltr'><strong>adiunxit</strong></span> <span class='ocrx_word' id='word_1_240' title='bbox 1209 2919 1490 3050; x_wconf 45' lang='lat' dir='ltr'><strong>aeditus,</strong></span> <span class='ocrx_word' id='word_1_241' title='bbox 1579 2984 1809 3069; x_wconf 88' lang='lat' dir='ltr'><strong>Itaque</strong></span> <span class='ocrx_word' id='word_1_242' title='bbox 1872 2986 1984 3049; x_wconf 92' lang='lat' dir='ltr'><strong>ille</strong></span> <span class='ocrx_word' id='word_1_243' title='bbox 2048 2986 2116 3049; x_wconf 89' lang='lat' dir='ltr'><strong>in</strong></span> <span class='ocrx_word' id='word_1_244' title='bbox 2175 3005 2363 3050; x_wconf 85' lang='lat' dir='ltr'><strong>suam</strong></span> 
     </span>
     <span class='ocr_line' id='line_1_33' title="bbox 360 3072 2362 3158; baseline 0 -21"><span class='ocrx_word' id='word_1_245' title='bbox 360 3072 620 3138; x_wconf 88' lang='lat' dir='ltr'><strong>domum</strong></span> <span class='ocrx_word' id='word_1_246' title='bbox 658 3073 1065 3139; x_wconf 90' lang='lat' dir='ltr'><strong>consulatum</strong></span> <span class='ocrx_word' id='word_1_247' title='bbox 1100 3072 1350 3158; x_wconf 88' lang='lat' dir='ltr'><strong>primus</strong></span> <span class='ocrx_word' id='word_1_248' title='bbox 1389 3074 1632 3157; x_wconf 84' lang='lat' dir='ltr'><strong>attulit,</strong></span> <span class='ocrx_word' id='word_1_249' title='bbox 1675 3072 1798 3156; x_wconf 91' lang='lat' dir='ltr'><strong>hic,</strong></span> <span class='ocrx_word' id='word_1_250' title='bbox 1845 3072 2079 3137; x_wconf 92' lang='lat' dir='ltr'><strong>summi</strong></span> <span class='ocrx_word' id='word_1_251' title='bbox 2127 3076 2193 3137; x_wconf 90' lang='lat' dir='ltr'><strong>et</strong></span> <span class='ocrx_word' id='word_1_252' title='bbox 2234 3073 2362 3139; x_wconf 86' lang='lat' dir='ltr'><strong>cla-</strong></span> 
     </span>
     <span class='ocr_line' id='line_1_34' title="bbox 358 3160 2364 3246; baseline 0 -22"><span class='ocrx_word' id='word_1_253' title='bbox 358 3160 599 3225; x_wconf 92' lang='lat' dir='ltr'><strong>rissimi</strong></span> <span class='ocrx_word' id='word_1_254' title='bbox 642 3162 767 3226; x_wconf 89' lang='lat' dir='ltr'><strong>viri</strong></span> <span class='ocrx_word' id='word_1_255' title='bbox 811 3162 1002 3244; x_wconf 85' lang='lat' dir='ltr'><strong>filius,</strong></span> <span class='ocrx_word' id='word_1_256' title='bbox 1046 3162 1116 3225; x_wconf 91' lang='lat' dir='ltr'><strong>in</strong></span> <span class='ocrx_word' id='word_1_257' title='bbox 1152 3162 1413 3227; x_wconf 87' lang='lat' dir='ltr'><strong>domum</strong></span> <span class='ocrx_word' id='word_1_258' title='bbox 1450 3162 1950 3245; x_wconf 88' lang='lat' dir='ltr'><strong>multiplicatam</strong></span> <span class='ocrx_word' id='word_1_259' title='bbox 1985 3182 2116 3225; x_wconf 93' lang='lat' dir='ltr'><strong>non</strong></span> <span class='ocrx_word' id='word_1_260' title='bbox 2153 3162 2364 3246; x_wconf 89' lang='lat' dir='ltr'><strong>repul-</strong></span> 
     </span>
     <span class='ocr_line' id='line_1_35' title="bbox 359 3248 2360 3346; baseline 0 -34"><span class='ocrx_word' id='word_1_261' title='bbox 359 3269 497 3313; x_wconf 88' lang='lat' dir='ltr'><strong>sam</strong></span> <span class='ocrx_word' id='word_1_262' title='bbox 537 3249 759 3315; x_wconf 60' lang='lat' dir='ltr'><strong>&#39;solum</strong></span> <span class='ocrx_word' id='word_1_263' title='bbox 802 3250 1091 3346; x_wconf 61' lang='lat' dir='ltr'><strong>rettulits</strong></span> <span class='ocrx_word' id='word_1_264' title='bbox 1121 3250 1235 3314; x_wconf 88' lang='lat' dir='ltr'><strong>sed</strong></span> <span class='ocrx_word' id='word_1_265' title='bbox 1277 3249 1703 3335; x_wconf 84' lang='lat' dir='ltr'><strong>ignominiam</strong></span> <span class='ocrx_word' id='word_1_266' title='bbox 1749 3249 1946 3314; x_wconf 90' lang='lat' dir='ltr'><strong>etiam</strong></span> <span class='ocrx_word' id='word_1_267' title='bbox 1992 3253 2058 3313; x_wconf 89' lang='lat' dir='ltr'><strong>et</strong></span> <span class='ocrx_word' id='word_1_268' title='bbox 2103 3248 2360 3313; x_wconf 93' lang='lat' dir='ltr'><strong>calami-</strong></span> 
     </span>
    </p>
   </div>
   <div class='ocr_carea' id='block_1_5' title="bbox 2369 2075 2469 2201">
    <p class='ocr_par' dir='ltr' id='par_1_8' title="bbox 2369 2075 2469 2201">
     <span class='ocr_line' id='line_1_36' title="bbox 2369 2075 2469 2201; baseline 0.01 -1"><span class='ocrx_word' id='word_1_269' title='bbox 2369 2075 2469 2201; x_wconf 63' lang='lat'><strong>32</strong></span> 
     </span>
    </p>
   </div>
   <div class='ocr_carea' id='block_1_6' title="bbox 279 3336 2464 3423">
    <p class='ocr_par' dir='ltr' id='par_1_9' title="bbox 279 3336 2464 3423">
     <span class='ocr_line' id='line_1_37' title="bbox 279 3336 2464 3423; baseline 0.001 -24"><span class='ocrx_word' id='word_1_270' title='bbox 279 3350 331 3391; x_wconf 76' lang='lat'><strong>⁸5</strong></span> <span class='ocrx_word' id='word_1_271' title='bbox 357 3340 580 3402; x_wconf 88' lang='lat' dir='ltr'><strong>tatem.</strong></span> <span class='ocrx_word' id='word_1_272' title='bbox 644 3336 947 3403; x_wconf 86' lang='lat' dir='ltr'><strong>Ornanda</strong></span> <span class='ocrx_word' id='word_1_273' title='bbox 975 3338 1146 3403; x_wconf 91' lang='lat' dir='ltr'><strong>enim</strong></span> <span class='ocrx_word' id='word_1_274' title='bbox 1174 3341 1275 3403; x_wconf 89' lang='lat' dir='ltr'><strong>est</strong></span> <span class='ocrx_word' id='word_1_275' title='bbox 1301 3338 1586 3423; x_wconf 85' lang='lat' dir='ltr'><strong>dignitas</strong></span> <span class='ocrx_word' id='word_1_276' title='bbox 1616 3337 1825 3421; x_wconf 84' lang='lat' dir='ltr'><strong>dom0,</strong></span> <span class='ocrx_word' id='word_1_277' title='bbox 1859 3359 1991 3402; x_wconf 93' lang='lat' dir='ltr'><strong>non</strong></span> <span class='ocrx_word' id='word_1_278' title='bbox 2029 3358 2106 3402; x_wconf 85' lang='lat' dir='ltr'><strong>ex</strong></span> <span class='ocrx_word' id='word_1_279' title='bbox 2143 3337 2331 3403; x_wconf 89' lang='lat' dir='ltr'><strong>domo</strong></span> <span class='ocrx_word' id='word_1_280' title='bbox 2364 3353 2464 3402; x_wconf 80' lang='lat'><strong>139</strong></span> 
     </span>
    </p>
   </div>
   <div class='ocr_carea' id='block_1_7' title="bbox 356 3424 2361 3602">
    <p class='ocr_par' dir='ltr' id='par_1_10' title="bbox 356 3424 2361 3602">
     <span class='ocr_line' id='line_1_38' title="bbox 356 3424 2360 3520; baseline 0 -31"><span class='ocrx_word' id='word_1_281' title='bbox 356 3428 499 3489; x_wconf 86' lang='lat' dir='ltr'><strong>tota</strong></span> <span class='ocrx_word' id='word_1_282' title='bbox 536 3426 915 3509; x_wconf 87' lang='lat' dir='ltr'><strong>quaerenda,</strong></span> <span class='ocrx_word' id='word_1_283' title='bbox 949 3447 1066 3491; x_wconf 89' lang='lat' dir='ltr'><strong>nec</strong></span> <span class='ocrx_word' id='word_1_284' title='bbox 1104 3426 1293 3490; x_wconf 90' lang='lat' dir='ltr'><strong>domo</strong></span> <span class='ocrx_word' id='word_1_285' title='bbox 1333 3426 1660 3520; x_wconf 74' lang='lat' dir='ltr'><strong>dominuss</strong></span> <span class='ocrx_word' id='word_1_286' title='bbox 1688 3425 1799 3489; x_wconf 90' lang='lat' dir='ltr'><strong>sed</strong></span> <span class='ocrx_word' id='word_1_287' title='bbox 1835 3424 2094 3489; x_wconf 84' lang='lat' dir='ltr'><strong>domino</strong></span> <span class='ocrx_word' id='word_1_288' title='bbox 2134 3425 2360 3491; x_wconf 91' lang='lat' dir='ltr'><strong>domus</strong></span> 
     </span>
     <span class='ocr_line' id='line_1_39' title="bbox 356 3511 2361 3602; baseline -0 -25"><span class='ocrx_word' id='word_1_289' title='bbox 356 3511 760 3578; x_wconf 88' lang='lat' dir='ltr'><strong>honestanda</strong></span> <span class='ocrx_word' id='word_1_290' title='bbox 805 3518 929 3597; x_wconf 90' lang='lat' dir='ltr'><strong>est,</strong></span> <span class='ocrx_word' id='word_1_291' title='bbox 982 3517 1077 3602; x_wconf 65' lang='lat' dir='ltr'><strong>et,</strong></span> <span class='ocrx_word' id='word_1_292' title='bbox 1128 3518 1204 3579; x_wconf 90' lang='lat' dir='ltr'><strong>ut</strong></span> <span class='ocrx_word' id='word_1_293' title='bbox 1254 3514 1324 3577; x_wconf 89' lang='lat' dir='ltr'><strong>in</strong></span> <span class='ocrx_word' id='word_1_294' title='bbox 1379 3514 1607 3579; x_wconf 89' lang='lat' dir='ltr'><strong>ceteris</strong></span> <span class='ocrx_word' id='word_1_295' title='bbox 1661 3513 1958 3579; x_wconf 90' lang='lat' dir='ltr'><strong>habenda</strong></span> <span class='ocrx_word' id='word_1_296' title='bbox 2010 3513 2179 3579; x_wconf 87' lang='lat' dir='ltr'><strong>ratio</strong></span> <span class='ocrx_word' id='word_1_297' title='bbox 2228 3534 2361 3578; x_wconf 93' lang='lat' dir='ltr'><strong>non</strong></span> 
     </span>
    </p>
   </div>
  </div>
 </body>
</html>
