2630 3913
242 980 307 1028 47

246 1950 314 2000 48

254 3152 335 3212 14

249 3228 316 3275 49

346 180 476 245 228
1189 180 1509 235 TIMAEUS

345 341 703 406 iunioribus
757 341 1079 427 permisit,
1137 346 1213 406 ut
1268 364 1541 427 corpora
1594 343 1901 407 mortalia
1955 342 2357 429 effingerent,

349 433 788 514 quantumque
835 435 1005 495 esset
1049 431 1370 513 reliquum
1416 452 1495 496 ex
1548 431 1829 495 humano
1886 431 2128 514 anim0,
2186 432 2357 515 quod

347 518 609 583 deberet
645 519 960 602 accedere,
996 519 1060 582 id
1099 541 1304 601 omne,
1344 521 1410 584 et
1446 540 1609 603 quae
1638 520 2095 603 consequentia
2123 524 2356 601 essent,

346 606 746 692 perpolirent
799 610 866 671 et
919 607 1358 689 absolverent3
1422 607 1646 671 deinde
1709 611 1784 673 ut
1836 608 1986 673 huic
2041 608 2357 673 animanti

346 696 669 779 principes
717 716 785 758 se
833 695 1149 779 ducesque
1193 696 1578 779 praeberent
1615 696 1944 779 vitamque
1982 697 2120 760 eius
2163 719 2357 781 quam
2413 724 2439 761 5

346 783 776 868 pulcherrime
804 787 1103 869 regerent
1131 788 1197 848 et
1224 785 1679 869 gubernarent,
1715 788 2031 868 quatenus
2059 806 2191 849 non
2218 785 2356 869 ipse

348 872 508 936 bene
554 870 764 936 factus
813 894 930 936 sua
974 872 1164 957 culpa
1201 872 1326 936 sibi
1371 871 1616 955 aliquid
1660 873 1956 937 miseriae
2005 878 2357 957 quaereret.

477 959 694 1044 Atque
739 960 796 1023 is
843 960 1116 1043 quidem,
1164 960 1273 1044 qui
1319 964 1549 1025 cuncta
1584 961 1942 1045 conposuit,
1988 966 2358 1027 constanter

347 1047 415 1111 in
461 1069 576 1112 suo
624 1049 929 1113 manebat
975 1053 1180 1131 statu3
1234 1049 1345 1133 qui
1390 1052 1608 1113 autem
1655 1055 1841 1114 erant
1887 1050 1968 1113 ab
2016 1072 2092 1114 eo
2140 1051 2358 1132 creati,

347 1158 493 1201 cum
529 1137 817 1220 parentis
855 1137 1143 1201 ordinem
1181 1137 1654 1222 cognovissent,
1698 1138 1868 1203 hunc
1906 1138 2357 1222 sequebantur.
2388 1165 2441 1203 ιο

348 1223 577 1309 Itaque
625 1247 771 1289 cum
817 1226 1214 1309 accepissent
1247 1225 1595 1290 inmortale
1633 1226 2020 1310 principium
2060 1227 2359 1291 mortalis

350 1313 718 1395 animantiS,
763 1313 1095 1377 imitantes
1144 1313 1503 1399 genitorem
1552 1317 1617 1378 et
1663 1314 2031 1379 effectorem
2077 1315 2177 1379 sui
2217 1338 2360 1400 par·

348 1401 582 1466 ticulas
637 1401 810 1486 ignis
866 1406 931 1465 et
985 1405 1196 1467 terrae
1242 1405 1308 1467 et
1356 1423 1560 1484 aquae
1606 1406 1674 1467 et
1719 1403 1971 1468 animae
2018 1426 2058 1468 a
2103 1405 2360 1486 mund0,

351 1511 510 1573 quas
565 1511 788 1554 rursus
843 1490 1208 1572 redderent,
1264 1491 1728 1555 mutuabantur
1785 1513 2019 1593 easque
2074 1492 2246 1558 inter
2292 1514 2360 1557 se

351 1578 743 1662 copulabant
789 1578 961 1642 haud
1004 1577 1208 1642 isdem
1253 1579 1502 1660 vincliS,
1548 1579 1783 1663 quibus
1828 1581 1956 1664 ipsi
1994 1586 2180 1645 erant
2216 1602 2360 1646 con·
2389 1606 2440 1645 15

350 1666 567 1750 ligati,
633 1666 742 1731 sed
798 1667 1067 1750 talibus,
1132 1689 1294 1749 quae
1348 1668 1522 1732 cerni
1583 1689 1715 1732 non
1768 1673 2035 1752 possent
2092 1673 2361 1753 propter

350 1755 767 1839 parvitatem,
823 1754 1066 1819 crebris
1112 1756 1298 1839 quasi
1344 1756 1630 1821 cuneolis
1676 1756 2111 1857 inliquefactis
2157 1779 2358 1820 unum

352 1843 720 1906 efficiebant
774 1864 851 1906 ex
907 1843 1204 1907 omnibus
1260 1865 1492 1928 corpus
1549 1848 1743 1928 atque
1798 1846 1866 1909 in
1920 1867 1991 1909 eo
2046 1844 2357 1908 influente

354 1935 547 2014 atque
593 1930 893 1996 effluente
940 1931 1139 1998 animi
1185 1932 1387 1996 divini
1433 1933 1716 1998 ambitus
1768 1933 2148 2019 inligabant.
2227 1932 2357 1997 Ita-

352 2042 475 2103 que
521 2019 623 2083 illi
666 2020 735 2083 in
779 2020 1018 2084 fiumen
1052 2021 1320 2086 inmersi
1355 2043 1560 2106 neque
1598 2024 1907 2088 tenebant
1940 2044 2147 2106 neque
2183 2025 2355 2086 tene·
2383 2045 2438 2085 20

351 2110 616 2189 bantur,
663 2109 775 2172 sed
819 2109 885 2173 vi
932 2130 1168 2195 magna
1213 2114 1355 2174 tum
1400 2109 1724 2193 ferebant,
1783 2116 1923 2176 tum
1967 2110 2357 2175 ferebantur.
2468 2118 2476 2127 “

350 2196 456 2260 Ita
518 2201 730 2261 totum
795 2198 1035 2262 animal
1099 2199 1481 2263 movebatur
1534 2199 1698 2263 illud
1755 2200 2039 2284 quidem,
2105 2199 2216 2264 sed
2268 2199 2361 2262 in-

353 2285 680 2350 moderate
729 2289 793 2350 et
841 2285 1130 2368 fortuito,
1174 2291 1248 2351 ut
1293 2308 1405 2351 sex
1445 2288 1731 2352 motibus
1768 2289 2127 2353 veheretur.
2189 2286 2361 2352 Nam

355 2379 420 2439 et
466 2378 616 2438 ante
662 2377 728 2438 et
772 2397 939 2459 pone
985 2379 1052 2441 et
1096 2375 1175 2440 ad
1224 2375 1475 2440 laevam
1522 2380 1586 2440 et
1631 2377 1712 2440 ad
1757 2376 2050 2441 dextram
2109 2381 2174 2440 et
2231 2399 2362 2440 sur-

354 2485 497 2527 sum
544 2469 609 2527 et
654 2462 979 2547 deorsum,
1026 2464 1216 2529 modo
1262 2464 1415 2546 huc,
1464 2464 1654 2528 modo
1701 2465 1855 2529 illuc
1903 2516 1915 2527 .
1963 2514 1978 2528 .
2027 2515 2041 2528 .
2089 2514 2103 2528 .
2389 2488 2443 2527 25

1168 2605 1202 2641 ³32
1514 2602 1553 2643 εκ

1341 2649 1377 2688 :fe

498 2741 656 2814 [Tres
683 2741 799 2796 fere
828 2741 1030 2796 desunt
1055 2741 1295 2810 paginae
1324 2741 1593 2795 orationis
1622 2741 1961 2797 Platonicae.
2019 2742 2206 2797 Verba
2233 2744 2363 2797 ante

352 2812 572 2867 hiatum
611 2813 811 2867 ultima
844 2812 987 2867 haec
1021 2816 1153 2866 sunt
1188 2829 1276 2882 ap.
1314 2811 1531 2866 Platon.
1571 2831 1624 2881 p.
1657 2819 1725 2867 43
1769 2811 1815 2864 B
1854 2812 1940 2866 ed
1980 2813 2114 2883 Step
2118 2814 2171 2867 h
2212 2811 2362 2868 κάτω

354 2904 412 2938 τε
460 2884 556 2938 καὶ
606 2880 724 2938 ἄνω
773 2884 868 2937 καὶ
919 2902 1119 2950 παντη.
1193 2882 1479 2951 Abruptae
1527 2882 1795 2937 orationis
1842 2883 1994 2937 filum
2043 2885 2131 2938 his
2183 2884 2367 2939 verbis

356 2973 443 3025 ap
499 2954 638 3008 Plat.
695 2972 752 3042 p
797 2960 866 3008 46
913 2955 961 3006 Α
1015 2970 1200 3006 rursus
1255 2953 1594 3008 adnectitur.
1652 2949 1780 3015 ἑνός
1831 2973 1888 3008 τε
1948 2976 2021 3008 av
2077 2955 2207 3024 περὶ
2260 2952 2362 3023 τὴν
2394 2969 2448 3007 30

354 3025 614 3094 λειότητα
653 3020 763 3079 κτὲ.
772 3025 789 3093 ]

489 3168 613 3234 Sed
659 3170 717 3233 si
761 3170 828 3232 in
874 3169 1214 3252 splendore
1259 3169 1575 3249 consedit,
1622 3173 1761 3232 tum
1807 3169 1911 3232 vel
1959 3170 2181 3234 eadem
2230 3192 2367 3253 spe·

355 3259 483 3323 cies
532 3259 633 3322 vel
679 3258 1002 3321 interdum
1045 3257 1370 3321 inmutata
1412 3257 1716 3339 redditur,
1763 3279 1907 3322 cum
1945 3258 2117 3342 ignis
2156 3259 2367 3322 oculo-

355 3369 499 3410 rum
546 3369 691 3410 cum
737 3368 810 3410 eo
858 3347 1034 3430 igne,
1091 3345 1202 3429 qui
1248 3350 1348 3410 est
1394 3346 1477 3409 ob
1525 3368 1596 3409 os
1644 3346 1886 3410 offusus
1898 3396 1914 3427 ‚
1964 3368 2030 3409 se
2077 3345 2365 3411 confudit

357 3438 422 3496 et
469 3434 761 3497 contulit.
835 3432 1079 3498 Dextra
1126 3437 1341 3498 autem
1388 3434 1702 3515 videntur,
1755 3456 1918 3518 quae
1965 3436 2150 3498 laeva
2195 3438 2365 3515 sunt,
2401 3453 2455 3517 3⁵

360 3520 510 3601 quia
566 3522 904 3584 contrariis
968 3522 1263 3606 partibus
1330 3520 1661 3587 oculoru'm
1725 3523 2083 3587 contrarias
2143 3526 2364 3607 partes
