2630 3913
923 186 1072 240 CAP.
1112 193 1161 255 3,
1199 194 1248 241 4.
1324 195 1353 252 ς
1395 193 1614 241 11-15,
2137 185 2263 249 167

256 347 516 433 quidem
563 346 778 411 deleta
823 351 941 429 est,
987 351 1126 412 tum
1173 348 1465 430 florebat,
1510 347 1827 413 institutis
1865 351 1931 411 et
1966 369 2263 432 praecep-

194 514 198 517 Α
255 437 342 500 tis
401 436 534 499 suis
592 434 990 519 erudierunt,
1069 436 1173 500 vel
1221 435 1383 514 eius,
1442 434 1553 519 qui
1606 434 1934 520 Apollinis
1999 435 2260 501 oraculo

260 523 777 608 sapientissimus
824 526 925 587 est
970 522 1288 589 iudicatus
1298 573 1315 606 ,
1362 522 1409 606 †
1429 522 1539 607 qui
1583 544 1715 588 non
1750 528 1889 588 tum
1925 523 2073 607 hoc,
2120 526 2260 588 tum

256 612 436 696 illud,
483 615 557 676 ut
600 611 670 675 in
713 610 1057 696 plerisque,
1099 612 1213 676 sed
1248 611 1419 676 idem
1457 633 1727 695 semper,
1772 611 2021 677 animos
2057 611 2262 676 homi-

201 717 229 757 ⁶
254 722 409 765 num
455 720 594 765 esse
641 698 913 783 divinos,
957 699 1182 784 iisque,
1219 722 1364 765 cum
1401 722 1478 764 ex
1516 721 1783 785 corpore
1819 700 2262 783 excessissent,

253 788 532 853 reditum
595 787 664 851 in
734 788 983 853 caelum
1036 791 1287 872 patere,
1353 787 1727 872 optimoque
1783 791 1849 852 et
1900 788 2258 853 iustissimo

253 876 479 961 cuique
517 875 1085 959 expeditissimum.
1158 874 1341 951 Quod
1377 875 1547 940 idem
1584 873 1867 960 Scipioni
1902 876 2262 960 videbatur,

255 965 364 1051 qui
410 963 686 1049 quidem,
732 964 917 1048 quasi
953 964 1375 1049 praesagiret,
1421 964 1757 1048 perpaucis
1796 967 1945 1029 ante
1981 968 2260 1030 mortem

258 1053 499 1136 diebus,
545 1074 691 1118 cum
736 1056 802 1116 et
845 1051 1072 1126 Philus
1120 1056 1185 1117 et
1230 1050 1535 1117 Manilius
1579 1052 1834 1117 adesset
1869 1057 1935 1117 et
1973 1052 2086 1118 alii
2120 1052 2261 1137 plu-

179 1158 230 1199 ιο
255 1163 380 1225 res,
423 1144 623 1224 tuque
670 1139 894 1224 etiam,
940 1138 1275 1222 Scaevola,
1322 1161 1572 1204 mecum
1616 1140 1929 1224 venisse,
1975 1140 2261 1205 triduum

257 1229 559 1294 disseruit
604 1228 682 1293 de
726 1249 796 1292 re
841 1228 1127 1312 publica3
1172 1228 1350 1293 cuius
1398 1227 1853 1312 disputationis
1893 1228 2020 1293 fuit
2057 1232 2261 1293 extre-

256 1339 434 1383 mum
467 1316 602 1381 fere
631 1316 708 1381 de
735 1316 1208 1381 inmortalitate
1236 1315 1615 1397 animorum,
1653 1338 1816 1400 quae
1844 1338 1913 1382 se
1949 1316 2016 1383 in
2046 1316 2261 1401 quiete

256 1427 372 1490 per
416 1404 626 1471 visum
672 1426 748 1469 ex
795 1403 1101 1470 Africano
1150 1404 1406 1469 audisse
1453 1403 1723 1470 dicebat.
1799 1404 1876 1468 Id
1922 1404 1978 1469 si
2013 1404 2108 1469 ita
2144 1408 2264 1488 est,

256 1497 332 1558 ut
376 1493 625 1577 optumi
670 1491 974 1576 cuiusque
1022 1492 1273 1558 animus
1319 1492 1389 1557 in
1442 1496 1650 1558 morte
1694 1493 2002 1559 facillime
2048 1494 2262 1558 evolet

178 1597 229 1638 1⁵
257 1586 592 1665 tamquam
637 1603 671 1646 e
717 1580 1011 1646 custodia
1054 1580 1411 1665 vinclisque
1448 1581 1734 1665 corporis
1791 1582 1892 1646 cui
1929 1603 2261 1647 censemus

256 1691 517 1736 cursum
554 1669 636 1734 ad
673 1669 825 1734 deos
861 1669 1220 1735 faciliorem
1255 1668 1458 1734 fuisse
1497 1691 1693 1753 quam
1720 1631 2048 1754 Scipioni?
2096 1668 2262 1745 Quo—

255 1759 424 1825 circa
469 1779 753 1822 maerere
798 1758 924 1823 hoc
967 1758 1104 1822 eius
1151 1761 1384 1823 eventu
1429 1779 1655 1823 vereor
1693 1780 1775 1823 ne
1811 1758 2013 1824 invidi
2050 1757 2262 1843 magis

255 1869 450 1932 quam
499 1845 688 1911 amici
735 1845 838 1911 sit.
920 1843 1035 1909 Sin
1081 1850 1295 1911 autem
1340 1846 1459 1910 illa
1502 1847 1783 1927 veriora,
1836 1851 1911 1911 ut
1954 1847 2125 1911 idem
2170 1846 2264 1910 in·

254 1935 487 2000 teritus
543 1934 631 1999 sit
693 1934 1053 1999 animorum
1109 1938 1175 1999 et
1227 1956 1570 2019 corporum
1630 1958 1747 2001 nec
1809 1936 1979 2001 ullus
2036 1956 2261 2001 sensus

176 2040 230 2080 2⁰
258 2027 544 2107 maneat,
607 2026 681 2087 ut
731 2023 894 2087 nihil
948 2023 1103 2089 boni
1158 2028 1258 2088 est
1311 2023 1381 2088 in
1435 2027 1670 2108 morte,
1726 2023 1819 2090 sic
1872 2028 2042 2090 certe
2096 2024 2264 2088 nihil

259 2111 445 2194 mali3
508 2132 700 2175 sensu
758 2111 929 2176 enim
989 2112 1226 2176 amisso
1272 2112 1349 2175 fit
1403 2112 1600 2195 idem,
1665 2112 1849 2198 quasi
1893 2117 2085 2177 natus
2129 2134 2264 2178 non

262 2201 435 2263 esset
480 2198 758 2277 omnino,
804 2221 995 2283 quem
1041 2204 1259 2264 tamen
1297 2221 1435 2264 esse
1480 2202 1707 2264 natum
1753 2204 1820 2264 et
1864 2221 1981 2265 nos
2031 2201 2262 2285 gaude-

260 2308 405 2351 mus
453 2289 519 2350 et
562 2286 721 2351 haec
766 2287 1019 2367 civitas,
1074 2288 1226 2351 dum
1271 2287 1413 2371 erit,
1459 2287 1825 2352 laetabitur.
1923 2286 2131 2363 Quam
2176 2289 2260 2353 ob

258 2397 399 2440 rem
435 2395 582 2440 cum
618 2373 733 2439 illo
772 2375 1045 2460 quidem,
1087 2380 1162 2440 ut
1189 2397 1386 2459 supra
1414 2374 1564 2458 dixi,
1611 2379 1825 2440 actum
1863 2375 2106 2459 optime
2144 2380 2263 2458 est,

175 2478 230 2518 2⁵
258 2484 511 2528 mecum
555 2462 1045 2548 incommodius,
1108 2485 1297 2550 quem
1340 2462 1554 2528 fuerat
1602 2463 1891 2547 aequius,
1955 2467 2027 2527 ut
2081 2463 2259 2546 prius

256 2550 654 2634 introieram,
699 2551 790 2617 sic
835 2552 1012 2636 prius
1061 2552 1232 2617 exire
1279 2551 1356 2616 de
1400 2550 1555 2616 vita.
1620 2549 1745 2616 Sed
1789 2554 2009 2616 tamen
2057 2572 2262 2616 recor-

258 2639 518 2704 datione
561 2643 824 2704 nostrae
872 2639 1194 2704 amicitiae
1249 2640 1342 2704 sic
1394 2638 1602 2724 fruor,
1654 2641 1729 2704 ut
1781 2640 1970 2705 beate
2024 2639 2261 2704 vixisse

257 2728 497 2812 videar,
544 2727 695 2811 quia
740 2749 882 2792 cum
930 2725 1225 2813 Scipione
1271 2728 1559 2812 vixerim,
1605 2750 1877 2814 quocum
1920 2728 2082 2793 mihi
2117 2750 2262 2794 con-

254 2815 477 2881 iuncta
522 2837 675 2880 cura
722 2815 800 2880 de
843 2815 1104 2900 publica
1148 2838 1217 2880 re
1263 2820 1329 2881 et
1376 2816 1452 2880 de
1496 2817 1755 2901 privata
1797 2817 1940 2895 fuit,
1988 2838 2261 2900 quocum

176 2917 229 2958 ³⁰
258 2907 325 2969 et
371 2904 599 2969 domus
642 2903 770 2967 fuit
814 2907 879 2968 et
925 2902 1161 2968 militia
1207 2904 1564 2969 communis
1611 2909 1701 2988 et,
1765 2905 1832 2969 id
1875 2905 1944 2970 in
1990 2926 2115 2989 quo
2164 2910 2263 2968 est

259 2991 470 3057 omnis
514 2991 614 3056 vis
671 2991 1020 3070 amicitiae,
1083 2992 1520 3076 voluntatum,
1568 2993 1951 3075 studiorum,
2012 2996 2261 3056 senten-

258 3081 502 3143 tiarum
560 3100 812 3144 summa
870 3079 1223 3145 consensio.
1311 3080 1540 3164 Itaque
1603 3102 1732 3146 non
1786 3084 1922 3144 tam
1977 3079 2106 3144 ista
2160 3101 2262 3144 me

258 3166 634 3252 sapientiae,
680 3188 876 3250 quam
921 3167 1111 3232 modo
1156 3167 1440 3232 Fannius
1488 3167 2042 3250 commemoravit,
2085 3166 2264 3232 fama

260 3256 566 3338 delectat,
625 3254 795 3319 falsa
848 3255 1256 3341 praesertim,
1311 3278 1506 3340 quam
1552 3256 1722 3341 quod
1777 3255 2097 3321 amicitiae
2149 3277 2263 3320 no-

177 3356 229 3398 85
257 3348 434 3408 strae
463 3343 842 3408 memoriam
869 3365 1057 3428 spero
1087 3343 1547 3429 sempiternam
1573 3345 1731 3429 fore,
1766 3344 1956 3428 idque
1995 3365 2069 3409 eo
2103 3343 2267 3408 mihi

256 3431 469 3518 magis
517 3435 617 3495 est
661 3431 864 3514 cordi,
929 3431 1100 3516 quod
1154 3455 1231 3497 ex
1286 3433 1583 3497 omnibus
1641 3432 1911 3498 saeculis
1966 3432 2075 3498 vix
2136 3431 2267 3498 tria

259 3524 376 3585 aut
421 3522 729 3603 quattuor
773 3519 1190 3585 nominantur
1234 3520 1420 3605 paria
1462 3521 1844 3605 amicorum3
1892 3542 2017 3607 quo
2053 3520 2124 3585 in
2150 3540 2267 3606 ge-

2300 889 2369 939 14
