2630 3913
754 185 889 240 LIB.
928 189 971 242 Ι.
1025 186 1176 242 CAP.
1219 193 1443 243 13—15.
1499 194 1530 254 ἃ
1566 192 1792 243 40-46.
2196 187 2273 252 17

272 368 673 433 quacumque
707 348 977 413 ratione.
1031 346 1108 412 Id
1153 352 1370 413 autem
1406 352 1663 413 tantum
1702 349 1888 413 abest
1925 349 2007 414 ab
2046 348 2294 433 officio,

269 439 343 501 ut
384 434 551 500 nihil
598 436 809 537 magis
855 435 1068 501 officio
1114 436 1325 520 possit
1371 458 1510 501 esse
1559 438 1972 502 contrarium.
2043 436 2276 502 Viden-

270 525 422 589 dum
467 526 569 588 est
612 523 855 610 igitur,
877 527 953 589 ut
998 546 1075 589 ea
1119 524 1513 589 liberalitate
1549 528 1823 609 utamur,
1871 547 2033 609 quae
2067 526 2278 610 prosit

270 611 524 694 amicis,
578 615 810 677 noceat
853 607 1111 677 nemini.
1201 611 1412 687 Quare
1457 611 1528 677 L.
1574 610 1819 697 Sullae,
1866 612 1934 678 C.
1981 611 2278 678 Caesaris

215 699 1083 853 ⁵¹331fi¹2ss¹¹535332512³¹z⁸11533ss
1122 700 1707 853 ”nssfffifflzsiffle‘ssffffss
1747 701 2278 874 {303215302333

268 898 401 942 non
444 875 617 941 idem
661 877 921 942 iustum.
1012 838 1202 941 Alter
1247 878 1427 942 locus
1476 881 1614 942 erat
1658 839 2125 961 cautionisq'ne
2170 878 2275 942 be-
2312 893 2382 943 44

268 964 557 1050 nignitas
599 965 806 1030 maior
850 969 1021 1030 esset
1066 988 1261 1049 quam
1303 965 1668 1049 facultates,
1715 967 1915 1050 quod,
1950 968 2059 1049 qui
2103 966 2277 1030 beni-

273 1053 528 1139 gniores
576 1054 806 1118 volunt
852 1075 1025 1137 esse,
1061 1075 1256 1137 quam
1300 1075 1402 1118 res
1449 1053 1715 1138 patitur,
1759 1054 2042 1139 primum
2086 1055 2156 1118 in
2201 1076 2276 1119 eo

194 1159 242 1198 ιο
269 1145 577 1225 peccant*
620 1142 791 1225 quod
835 1142 1131 1206 iniuriosi
1177 1145 1331 1206 sunt
1375 1142 1443 1205 in
1486 1142 1846 1226 proximos3
1901 1164 2059 1227 quas
2107 1143 2277 1207 enim

269 1229 489 1313 copias
534 1229 636 1294 his
684 1234 750 1294 et
795 1230 1194 1316 suppeditari
1240 1229 1505 1314 aequius
1553 1233 1654 1294 est
1699 1233 1766 1295 et
1808 1230 2112 1314 relinqui,
2168 1252 2276 1295 eas

268 1317 673 1381 transferunt
702 1318 783 1383 ad
814 1317 1079 1383 alienos.
1150 1316 1330 1382 Inest
1367 1321 1585 1382 autem
1621 1317 1689 1381 in
1724 1317 1847 1382 tali
1883 1318 2276 1383 liberalitate

268 1404 587 1490 cupiditas
624 1408 1002 1491 plerumque
1038 1407 1331 1491 rapiendi
1367 1410 1434 1470 et
1462 1405 1788 1470 auferendi
1815 1428 1931 1490 per
1956 1406 2278 1489 iniuriam,

270 1498 345 1558 ut
380 1493 462 1557 ad
497 1494 904 1580 largiendum
941 1498 1292 1580 suppetant
1329 1494 1567 1578 copiae.
1630 1493 1866 1558 Videre
1900 1495 2097 1558 etiam
2125 1495 2279 1559 licet

197 1597 247 1638 15
273 1582 612 1665 plerosque
638 1604 772 1648 non
794 1586 934 1647 tam
960 1587 1197 1647 natura
1220 1583 1523 1647 liberales
1545 1603 1739 1667 quam
1761 1582 2039 1666 quadam
2068 1583 2278 1668 gloria

275 1669 531 1753 ductos,
560 1674 637 1736 ut
679 1671 948 1736 benefici
992 1671 1348 1755 videantur,
1392 1671 1604 1736 facere
1649 1672 1892 1754 multa*
1927 1692 2089 1754 quae
2134 1692 2277 1755 pro-

270 1757 468 1823 ficisci
504 1758 588 1823 ab
623 1760 1056 1824 ostentatione
1094 1759 1303 1845 magis
1344 1780 1537 1842 quam
1575 1781 1615 1824 a
1649 1760 1987 1824 voluntate
2024 1758 2278 1824 videan-

270 1849 395 1910 tur.
485 1845 664 1911 Talis
721 1851 937 1912 autem
993 1847 1322 1912 simulatio
1381 1847 1659 1912 vanitati
1713 1851 1814 1911 est
1879 1847 2279 1912 coniunctior

271 1953 467 2019 quam
513 1939 626 2000 aut
669 1935 1052 2001 liberalitati
1098 1940 1212 2001 aut
1246 1935 1591 2002 honestati.
1664 1933 1955 2001 Tertium
1994 1940 2094 2000 est
2133 1958 2276 2020 pro·
2313 1947 2383 2001 45

188 2038 244 2078 8⁰
270 2023 598 2124 positum*
639 2028 714 2089 ut
767 2025 835 2089 in
887 2024 1309 2090 beneficentia
1365 2024 1635 2090 dilectus
1693 2028 1865 2090 esset
1911 2025 2278 2109 dignitatis3

269 2111 340 2174 in
386 2132 512 2194 quo
560 2116 626 2175 et
671 2134 882 2177 mores
929 2113 1065 2178 eius
1113 2116 1301 2177 erunt
1347 2112 1760 2196 spectandi,
1742 2136 1811 2177 1n
1858 2134 2048 2196 quem
2094 2113 2279 2177 bene-

269 2198 488 2264 ficium
525 2200 905 2284 conferetur,
933 2204 1000 2265 et
1035 2201 1288 2266 animus
1318 2222 1474 2284 erga
1499 2223 1640 2268 nos
1657 2204 1721 2264 et
1751 2201 2177 2265 communitas
2206 2222 2280 2266 ac

270 2287 551 2353 societas
596 2288 794 2370 vitae,
806 2294 873 2353 et
917 2289 999 2354 ad
1034 2292 1296 2354 nostras
1335 2279 1656 2353 utilitates
1697 2288 1910 2353 officia
1947 2293 2098 2352 ante
2136 2310 2282 2353 con-

269 2377 436 2458 lata3
470 2397 633 2459 quae
661 2380 736 2440 ut
775 2380 1159 2442 concurrant
1198 2376 1441 2458 omnia,
1471 2375 1760 2459 optabile
1788 2379 1919 2458 est;
1965 2376 2021 2440 si
2047 2376 2280 2460 minus,

192 2477 246 2519 8⁶
270 2465 490 2550 plures
539 2486 768 2529 causae
813 2465 1214 2548 maioresque
1260 2426 1563 2549 pond'eris
1608 2464 1755 2548 plus
1800 2463 2151 2528 habebunt.

364 2615 367 2628 .
404 2550 723 2627 Quoniam
769 2557 986 2618 autem
1029 2553 1270 2618 vivitur
1314 2573 1447 2616 non
1486 2573 1631 2616 cum
1665 2551 1969 2636 perfectis
2005 2550 2277 2617 homini·
2303 2529 2383 2595 15

272 2639 393 2704 bus
429 2640 747 2725 planeque
786 2641 1211 2726 sapientibuS,
1247 2641 1360 2705 sed
1395 2661 1540 2705 cum
1577 2639 1688 2722 iis,
1722 2640 1790 2704 in
1828 2639 2062 2724 quibus
2095 2661 2278 2726 prae·
2315 2607 2383 2658 ⁴⁶

224 2757 231 2760 ·
272 2728 445 2792 clare
491 2729 708 2815 agitur
753 2729 809 2793 si
855 2733 1008 2793 sunt
1055 2729 1400 2794 simulacra
1443 2728 1734 2811 virtutis,
1780 2729 1977 2793 etiam
2021 2729 2146 2794 hoc
2189 2728 2281 2793 in-

271 2817 710 2902 tellegendum
745 2817 1284 2901 putmzneminem
1321 2816 1584 2882 omnino
1624 2837 1763 2881 esse
1790 2817 2282 2903 neglegendum,

189 2921 242 2961 ω
269 2904 339 2967 in
385 2926 510 2988 quo
558 2905 778 2989 aliqua
823 2905 1212 2990 significatio
1257 2903 1521 2969 virtutis
1569 2910 1899 2990 appareat,
1944 2905 2281 2970 colendum

271 2997 488 3056 autem
534 3014 675 3058 esse
720 2994 817 3058 ita
862 3015 1177 3077 quemque
1222 2993 1526 3075 maxime,
1568 2996 1644 3057 ut
1688 2993 1958 3076 quisque
2004 2994 2281 3057 maxime

269 3080 622 3145 virtutibus
666 3081 771 3145 his
817 3081 1172 3147 lenioribus
1220 3082 1345 3145 erit
1390 3085 1685 3164 ornatus,
1734 3081 2080 3164 modestia,
2123 3084 2282 3145 tem-

268 3170 591 3254 perantia,
654 3169 776 3234 hac
839 3170 1010 3254 ipsa,
1078 3170 1155 3233 de
1219 3190 1347 3252 qua
1409 3170 1618 3233 multa
1679 3168 1812 3233 iam
1876 3168 2049 3233 dicta
2112 3172 2282 3252 sunt,

267 3256 538 3322 iustitia.
629 3256 799 3322 Nam
852 3258 1043 3323 fortis
1108 3258 1361 3322 animus
1426 3261 1493 3321 et
1554 3276 1831 3342 magnus
1890 3256 1958 3320 in
2020 3256 2281 3321 homine

191 3361 241 3401 ⁵⁵
269 3366 400 3409 non
452 3344 738 3429 perfecto
792 3367 909 3411 nec
971 3346 1261 3431 sapiente
1323 3344 1677 3411 ferventior
1730 3345 2108 3428 plerumque
2164 3349 2283 3429 est,

267 3433 422 3498 illae
470 3434 744 3498 virtutes
790 3434 1033 3499 bonum
1077 3436 1288 3499 virum
1334 3432 1633 3499 videntur
1677 3432 1898 3519 potius
1939 3433 2280 3519 attingere.

269 3522 485 3606 Atque
530 3523 689 3588 haec
735 3522 803 3586 in
847 3523 1159 3614 moribusg

373 3634 592 3676 cxc.1v.
632 3635 674 3678 ο.
1926 3630 1958 3679 2
