2630 3913
307 154 348 217 2
354 153 437 216 32
1094 151 1546 207 FRAGMENTA

295 304 421 398 itis,
473 318 544 379 ut
573 334 697 397 pro
754 315 1026 380 Vareno:
1081 312 1246 379 Cum
1300 314 1427 378 iter
1482 334 1596 398 per
1643 335 1837 399 agros
1883 316 1949 378 et
1995 314 2138 378 looa
2185 316 2330 379 sola

308 402 552 467 faceret
618 425 760 468 oum
822 402 1255 487 Pompuleno,
1328 401 1397 465 in
1459 402 1778 466 familiam
1843 401 2326 467 Ancharianam

309 491 610 556 incidisse
657 491 979 574 dixerunt,
1040 491 1264 555 deinde
1310 489 1782 574 Pompulenum
1830 490 2109 555 occisum
2156 512 2325 574 esse3

312 580 461 644 ilico
490 578 820 644 Varenum
848 579 1135 644 vinctum
1166 579 1597 661 adservatum,
1627 579 1779 643 dum
1805 578 1911 643 hic
1941 579 2326 662 ostenderet,

313 668 465 752 quid
512 668 589 732 de
636 690 710 732 eo
756 668 898 732 fieri
944 668 1158 732 vellet.
2381 687 2404 726 5

446 756 505 820 6.
554 755 809 835 Quintil.
859 756 1000 820 VII
1028 762 1084 820 1.
1122 761 1164 821 8
1181 776 1267 837 sq.
1325 754 1402 821 Si
1435 755 1878 837 explorandum
1911 761 2015 833 est,
2050 756 2157 820 ubi
2190 776 2325 821 con-

315 845 607 909 troversia
641 845 915 927 incipiat,
952 849 1010 909 et
1042 845 1418 909 considerari
1451 844 1630 921 debet,
1666 844 1819 925 quid
1839 845 2118 925 primam
2143 864 2322 925 quae-

311 934 569 997 stionem
590 932 802 1013 faciat.
856 932 1125 997 Intentio
1151 932 1443 1014 simplex:
1478 893 1727 997 Occidit
1755 927 2173 996 Saturninum
2201 931 2323 996 Ra-

314 1019 537 1104 biriuS,
571 1023 924 1085 coniuncta:
960 1020 1135 1107 Lege
1172 1020 1250 1085 de
1279 1019 1529 1084 sicariis
1558 1019 1884 1085 commisit
1911 1019 1979 1083 L.
2003 1018 2326 1101 Varenus3

313 1131 465 1172 nam
512 1112 579 1172 et
623 1107 692 1174 O
720 1108 1049 1174 Varenum
1096 1109 1509 1174 occidendum
1556 1111 1622 1171 et
1667 1106 1780 1172 Cn
1816 1106 2144 1172 Varenum
2192 1109 2323 1173 vul·
2356 1129 2410 1167 ιο

317 1197 671 1261 nerandum
719 1201 784 1261 et
830 1194 1153 1262 Salarium
1197 1197 1358 1261 item
1402 1195 1816 1261 occidendum
1861 1196 2127 1261 curavit.

450 1287 507 1351 7.
569 1286 824 1366 Quintil.
883 1286 1025 1351 VII
1059 1289 1124 1352 2.
1177 1290 1270 1351 22
1321 1286 1459 1350 Aut
1508 1289 1697 1349 totam
1747 1304 2001 1350 causam
2051 1277 2328 1350 nostram

314 1394 453 1439 cum
497 1378 623 1438 tota
665 1375 1006 1439 adversarii
1046 1393 1238 1439 causa
1271 1374 1686 1455 componimus
1718 1378 1831 1437 aut
1861 1374 2111 1455 sinyula
2144 1393 2325 1455 arqu-

316 1466 520 1527 menta
561 1482 700 1527 cum
741 1464 1021 1546 sinyulis.
1097 1462 1372 1542 Quorum
1413 1466 1625 1526 utrum
1667 1461 1752 1527 sit
1786 1460 2157 1563 faciendum,
2201 1483 2327 1527 non

310 1556 504 1632 potest
551 1552 679 1616 nisi
730 1571 803 1616 ex
866 1552 1062 1633 ipsius
1125 1551 1253 1616 litis
1312 1550 1580 1614 utilitate
1640 1550 1933 1651 coquom,
1994 1555 2067 1614 ut
2120 1549 2326 1616 Cicero
2359 1569 2409 1609 15

313 1639 561 1741 sinyula
599 1659 720 1720 pro
777 1639 1015 1704 Vareno
1067 1644 1384 1721 comparat
1432 1639 1505 1702 in
1545 1639 1755 1720 primo
1808 1638 2095 1715 criminc;
2151 1638 2199 1720 †
2242 1644 2329 1703 est

315 1729 478 1793 enim
531 1728 809 1809 superior
859 1728 1024 1791 enim
1063 1747 1335 1810 persona
1385 1726 1578 1791 alieni
1620 1747 1760 1791 cum
1795 1746 2062 1809 persona
2107 1727 2326 1791 matris

318 1822 531 1879 temere
573 1820 1046 1897 compararetur.

448 1904 506 1969 8.
556 1902 810 1983 Quintil.
845 1904 962 1969 IV
986 1909 1040 1969 1.
1081 1907 1165 1969 73
1181 1923 1264 1986 sq.
1310 1901 1554 1969 Iudices
1589 1907 1647 1968 et
1684 1904 1755 1968 in
1797 1904 2153 1968 narratione
2195 1921 2322 1966 non

316 2013 653 2074 numquam
696 1997 754 2057 et
793 1994 864 2057 in
909 1994 1311 2075 aryumentis,
1363 1997 1435 2056 ut
1485 1993 1805 2056 attendant
1845 1997 1904 2056 et
1944 1997 2016 2056 ut
2053 1991 2321 2073 faveant,
2347 2010 2402 2050 πο

316 2100 604 2161 roqamus
634 2117 731 2158 ——,
765 2082 945 2162 quale
978 2086 1096 2146 est:
1134 2079 1300 2144 Tum
1330 2078 1398 2145 O.
1426 2078 1739 2164 VarenuS,
1774 2080 1833 2145 is
1872 2079 1982 2163 qui
2010 2102 2050 2144 a
2074 2079 2325 2144 familia

318 2169 734 2233 Anchariana
780 2168 1024 2234 occisus
1073 2173 1173 2234 est
1218 2207 1303 2214 —
1349 2168 1500 2252 hoc,
1557 2190 1821 2252 quaeso,
1874 2168 2141 2252 iudiceS,
2187 2167 2326 2232 dili-

317 2261 547 2343 genter
593 2258 922 2322 attendite.
976 2294 1051 2304 —
1099 2256 1275 2323 Idem
1317 2258 1499 2339 frym.
1544 2257 1658 2321 IX
1696 2261 1761 2324 2.
1805 2259 1904 2322 56.

449 2345 510 2411 9.
558 2345 812 2427 Quintil.
860 2345 1004 2412 VII
1027 2349 1092 2413 2.
1127 2352 1170 2411 9
1205 2344 1532 2410 Interdum
1565 2347 1636 2409 in
1670 2346 1949 2426 aliquam
1975 2364 2327 2427 personam,

315 2455 471 2517 quae
521 2439 699 2500 extra
741 2436 1067 2500 discrimen
1108 2435 1328 2500 iudicii
1369 2438 1479 2517 est,
1537 2434 1902 2514 transfertur
1945 2433 2327 2516 (accusatio),
2354 2450 2406 2491 25

316 2528 374 2587 et
415 2523 579 2588 alias
621 2527 872 2606 certam,
926 2524 1092 2588 alias
1134 2524 1462 2600 incertam‚·
1516 2527 1574 2587 et
1613 2541 1754 2587 cum
1797 2525 2049 2605 certam,
2102 2527 2217 2586 aut
2258 2524 2329 2585 in

316 2612 657 2676 extrariam
701 2616 814 2675 aut
854 2612 926 2676 in
967 2611 1181 2693 ipsius,
1225 2613 1335 2692 qui
1366 2610 1576 2693 periit,
1619 2610 2006 2675 voluntatem.
2066 2609 2155 2674 In
2196 2611 2327 2691 qui·

317 2700 429 2764 bus
469 2699 698 2764 similis
738 2704 919 2781 atque
959 2700 1032 2763 in
1076 2693 1592 2784 ἄντικατηγορίᾳ
1624 2717 2061 2780 personarum,
2113 2718 2327 2763 causa·

315 2808 474 2866 rum,
518 2791 845 2852 ceterorum
889 2788 1261 2870 comparatio
1305 2791 1410 2865 est,
1452 2791 1526 2851 ut
1566 2785 1772 2852 Cicero
1804 2807 1924 2868 pro
1975 2786 2214 2852 Vareno
2257 2788 2329 2851 in

312 2875 630 2958 familiam
656 2875 1146 2957 Ancharianam,
1162 2896 1283 2957 pro
1310 2875 1544 2941 Scauro
1570 2876 1732 2941 circa
1759 2880 2011 2940 mortem
2036 2874 2329 2941 Bostaris
2354 2892 2405 2932 ³⁰

316 2967 388 3031 in
431 2969 688 3029 matrem
731 2969 1005 3032 avertens
1046 2965 1276 3029 crimen
1315 2965 1487 3045 facit.

456 3050 555 3118 10.
609 3052 916 3118 Priscian.
969 3052 1105 3118 III
1141 3058 1201 3117 7.
1245 3058 1331 3117 40
1372 3075 1441 3135 p.
1486 3056 1627 3117 112.
1671 3055 1761 3118 20
1814 3051 1902 3116 Η.
1957 3050 2162 3117 Cicero
2211 3071 2330 3132 pro

329 3142 607 3208 Vareno:
660 3140 733 3220 L.
784 3142 899 3207 ille
944 3138 1298 3226 Septimius
1355 3140 1595 3205 diceret
1650 3140 1917 3223 (etenim
1972 3144 2072 3204 est
2132 3139 2212 3204 ad
2258 3138 2328 3202 L.

317 3230 540 3296 Crassi
596 3229 1030 3314 eloquentiam
1087 3229 1306 3316 gravis
1362 3231 1430 3293 et
1482 3229 1825 3294 vehemens
1880 3232 1947 3294 et
1995 3227 2331 3309 volubilis3

313 3318 608 3471 {IIIa}
637 3317 763 3470 ΙΞΞ
787 3322 1009 3384 noster
1045 3317 1471 3383 Antoniaster
1509 3316 1717 3402 θεὼ..
1834 3354 1918 3364 -
1950 3316 2043 3398 Of.
2075 3316 2328 3398 Quintil.
2356 3331 2405 3373 ³⁶

455 3493 554 3556 11.
607 3491 912 3559 Priscian.
959 3495 1118 3561 XII
1154 3500 1211 3560 6.
1254 3499 1344 3560 29
1385 3515 1453 3576 p.
1497 3496 1636 3559 595.
1684 3500 1761 3559 11
1816 3495 1903 3558 Η.
1961 3493 2166 3559 Cicero
2208 3512 2330 3574 pro
