2630 3913
269 544 333 595 56

374 190 456 253 76
1142 189 1240 244 DE
1278 187 1579 244 OFFICIIS

370 354 519 435 11113,
574 352 873 418 ludorum
926 352 1470 436 venationumque
1527 355 1844 436 apparatu
1889 351 2192 435 pecunias
2237 373 2383 436 pro·

371 441 649 506 fundunt
699 442 770 505 in
824 462 932 504 eas
988 462 1123 525 res,
1187 463 1460 525 quarum
1515 440 1892 505 memoriam
1948 444 2061 504 aut
2120 441 2382 505 brevem

374 535 489 594 aut
523 531 771 594 1111118111
810 529 1070 593 0111111110
1118 530 1250 593 sint
1286 528 1604 613 relicturi,
1640 528 1944 593 liberales
1992 533 2226 612 autem,
2272 528 2383 613 qui

373 619 508 684 suis
552 618 977 683 facultatibus
1037 622 1151 682 aut
1204 621 1429 701 captos
1487 640 1526 681 a
1579 616 2012 700 praedonibus
2057 617 2384 681 redimunt

375 711 489 772 aut
534 729 643 771 aes
690 706 974 771 alienum
1021 706 1381 790 suscipiunt
1426 705 1779 771 amicorum
1828 710 1941 769 aut
1984 705 2053 769 in
2097 705 2381 769 filiarum
2439 722 2466 763 s

371 794 799 860 collocatione
845 795 1153 859 adiuvant
1199 798 1312 858 aut
1359 794 1765 878 opitulantur
1810 794 1880 858 in
1924 816 1993 857 re
2038 793 2144 858 vel
2191 816 2383 878 quae·

267 891 379 959 (56)
418 883 617 948 renda
661 884 766 948 vel
812 883 1123 968 augenda.
1212 882 1441 967 Itaque
1487 882 1704 965 miror,
1770 881 1923 966 quid
1976 881 2046 945 in
2099 886 2381 946 mentem

271 2755 336 2804 5⁵1

373 972 624 1036 venerit
686 971 1137 1056 Theophrasto
1202 972 1272 1035 in
1337 993 1411 1036 eo
1476 971 1673 1054 libro,
1745 992 1934 1054 quem
2000 970 2075 1034 (16
2138 970 2382 1035 divitiis

374 1060 664 1145 scripsit3
725 1061 796 1125 in
851 1082 978 1161 quo
1035 1061 1245 1125 multa
1297 1060 1656 1145 praeclare,
1708 1059 1872 1123 illud
1918 1058 2219 1124 absurde:
2282 1064 2384 1123 est

374 1149 546 1213 enim
591 1149 892 1214 multus
873 1170 943 1212 1n
976 1149 1300 1214 laudanda
1337 1148 1821 1234 magnificentia
1856 1151 1922 1211 et
1959 1147 2382 1231 apparatione
2413 1165 2467 1205 ιο

353 1237 786 1322 ¹popularium
822 1259 1160 1303 munerum
1196 1237 1555 1321 taliumque
1593 1240 1968 1321 sumptuum
2002 1235 2381 1300 facultatem

371 1326 656 1391 fructum
719 1326 1093 1391 divitiarum
1146 1330 1355 1411 putat.
1453 1324 1615 1390 Mihi
1679 1329 1896 1389 autem
1959 1324 2072 1387 1116
2133 1324 2381 1389 fructus

374 1415 820 1498 liberalitatis,
884 1415 1063 1480 cuius
1128 1437 1336 1498 pauca
1397 1414 1692 1496 exempla
1755 1413 1970 1497 posui,
2042 1413 2250 1477 multo
2317 1418 2384 1476 et

373 1504 581 1569 maior
625 1503 880 1568 videtur
925 1506 991 1567 et
1037 1503 1289 1568 certior.
1379 1500 1634 1576 Quanto
1680 1501 2071 1565 Aristoteles
2119 1500 2381 1587 gravius

374 1596 441 1657 et
485 1592 698 1657 verius
743 1613 863 1656 nos
900 1590 1337 1676 reprehendit!
1376 1590 1487 1675 qui
1522 1590 1642 1654 has
1678 1590 2092 1674 pecuniarum
2129 1589 2381 1654 effusio·
2414 1607 2465 1648 15

371 1703 489 1745 nes
541 1702 674 1745 non
728 1680 1136 1762 admiremur,
1190 1700 1353 1762 quae
1408 1679 1574 1743 fiunt
1628 1679 1709 1743 ad
1754 1677 2236 1742 multitudinem
2281 1678 2384 1742 de-

373 1769 742 1833 liniendam.
841 1768 959 1832 Ait
1014 1767 1210 1849 enim,
1258 1766 1417 1852 ‘qui
1475 1767 1566 1832 ab
1622 1767 1845 1832 hoste
1909 1767 2383 1850 obsidentur,

375 1857 441 1921 si
505 1878 749 1920 emere
816 1878 1056 1940 aquae
1129 1856 1555 1921 sextarium
1618 1859 2082 1941 cogerentur
2153 1855 2382 1939 mina,

373 1945 516 2011 hoc
559 1945 807 2031 primo
853 1945 1321 2010 incredibile
1366 1944 1592 2010 nobis
1639 1944 1913 2027 videri,
1968 1966 2381 2028 omnesque

374 2035 668 2112 mirari,
721 2034 852 2098 sed
909 2056 1072 2099 cum
1128 2034 1636 2117 attenderint,
1700 2034 1998 2098 veniam
2050 2033 2382 2098 necessi·
2410 2051 2466 2091 ao

373 2123 526 2187 tati
572 2123 775 2206 dare,
831 2123 908 2186 in
961 2123 1080 2187 his
1135 2122 1578 2187 inmanibus
1631 2122 1958 2186 iacturis
2002 2120 2381 2186 infinitis-

375 2234 515 2296 que
581 2211 1015 2296 sumptibus
1078 2211 1279 2276 nihil
1352 2232 1488 2275 nos
1561 2232 2024 2296 magnopere
2088 2210 2381 2292 mirari,

374 2323 540 2366 cum
587 2300 1052 2385 praesertim
1096 2321 1340 2384 neque
1376 2298 1837 2364 necessitati
1876 2298 2382 2363 subveniatur

372 2411 508 2455 nec
554 2388 899 2475 dignitas
946 2392 1322 2473 augeatur
1368 2388 1696 2473 ipsaque
1751 2387 1898 2451 illa
1952 2387 2379 2452 delectatio

374 2477 909 2543 multitudinis
997 2478 1088 2541 ad
1169 2477 1399 2541 breve
1491 2477 1996 2560 exiguumque
2078 2479 2465 2560 tempuszs

371 2568 674 2649 capiatur,
720 2588 958 2650 eaque
1006 2587 1046 2630 8
1090 2565 1513 2629 levissumo
1562 2586 1885 2648 quoque,
1938 2564 2017 2627 in
2073 2584 2217 2648 quo
2263 2567 2381 2627 ta-

374 2676 541 2719 men
583 2655 758 2738 ipso
814 2675 962 2717 una
1017 2676 1177 2717 cum
1235 2654 1606 2717 satietate
1661 2652 2027 2716 memoria
2084 2674 2381 2736 quoque

374 2742 752 2808 moriatur
805 2740 1286 2825 voluptatis?
1377 2739 1552 2805 Bene
1608 2742 1805 2805 etiam
1862 2741 2118 2826 colligit
2163 2740 2380 2806 ‘haec

372 2831 634 2917 pueris
700 2834 776 2894 et
834 2829 1319 2895 mulierculis
1395 2833 1469 2893 et
1533 2830 1781 2893 servis
1846 2833 1921 2893 et
1986 2850 2380 2894 servorum

374 2919 805 2984 simillimis
859 2918 1137 2983 liberis
1194 2940 1360 2983 esse
1417 2922 1671 3004 grata,
1736 2918 1957 3003 gravi
2011 2939 2190 2983 vero
2245 2917 2467 2981 ho-ao

372 3009 558 3074 mini
612 3012 691 3072 et
745 3029 857 3085 ea,
921 3029 1111 3091 quae
1165 3007 1395 3090 fiunt,
1459 3005 1745 3071 iudicio
1814 3010 2029 3070 certo
2097 3004 2382 3090 ponde-

371 3097 583 3161 ranti
644 3096 961 3198 probari
1026 3117 1258 3180 posse
1322 3095 1540 3160 nullo
1605 3094 1866 3159 modo?
1976 3093 2382 3178 Quamquam

369 3186 683 3271 intellego
756 3186 826 3248 in
895 3188 1124 3249 nostra
1194 3184 1457 3249 civitate
1530 3183 1925 3248 inveterasse
1997 3184 2131 3247 iam
2193 3183 2380 3247 bonis

369 3274 772 3359 temporibus
780 3324 800 3357 ‚
852 3277 928 3338 ut
978 3272 1285 3357 splendor
1331 3272 1737 3337 aedilitatum
1783 3273 1865 3336 ab
1914 3271 2178 3356 optimis
2223 3271 2381 3335 viris

369 3362 755 3445 postuletur.
844 3360 1074 3445 Itaque
1121 3365 1188 3425 et
1230 3360 1301 3426 P.
1348 3360 1621 3427 Crassus
1667 3383 1811 3425 cum
1859 3359 2241 3446 cognomine
2288 3357 2466 3424 111-85

369 3470 499 3532 veS‚
543 3453 685 3513 tum
732 3450 933 3533 copiis
979 3450 1238 3514 functus
1285 3453 1386 3514 est
1431 3447 1725 3514 aedilicio
1773 3448 2055 3513 maximo
2102 3469 2382 3531 munere,

371 3540 437 3599 et
479 3538 675 3620 paulo
721 3541 874 3622 post
918 3537 988 3601 L.
1019 3536 1290 3603 Crassus
1339 3560 1484 3603 cum
1531 3537 1820 3603 omnium
1866 3536 2201 3601 hominum
2246 3558 2381 3601 mo·
