2630 3913
760 224 1287 279 EPISTULARUM.
1328 224 1389 279 E.
1427 223 1502 278 IX
1539 225 1735 279 3—X1
1777 233 1823 280 6.
2163 226 2290 290 303

283 387 532 465 valebat,
577 392 780 451 tamen
814 386 1264 468 adsequebatur,
1308 388 1472 467 quod
1498 386 1781 467 probaret
1788 408 1811 464 ;
1857 388 2082 451 multae
2116 393 2291 452 erant

284 481 343 541 et
374 476 712 540 reconditae
747 477 997 551 litterae,
1041 476 1134 539 vis
1166 494 1292 539 non
1338 479 1500 550 erat;
1546 476 1632 539 ad
1672 495 1808 539 eam
1850 475 2043 558 iyitur
2076 476 2288 540 adhor-

286 565 479 629 tabar.
543 564 629 628 In
664 565 979 628 excitando
1014 567 1215 626 autem
1249 567 1309 626 et
1342 564 1413 626 in
1447 564 1713 627 acuendo
1736 564 2085 644 plurimum
2119 565 2291 646 valet,

284 656 342 718 si
386 653 596 717 laudes
638 672 776 716 eum
783 702 801 735 ,
845 671 1020 734 quem
1065 651 1377 714 cohortere.

233 762 260 799 5
419 741 479 804 3.
524 739 771 806 Nonius
801 761 870 822 p.
914 744 1058 804 469.
1093 744 1175 803 10
1222 736 1424 804 Cicero
1468 740 1555 803 ad
1598 737 1884 803 Calvum:
1929 739 2294 803 Praesentit

286 829 537 895 animus
603 833 668 893 et
732 830 1010 913 augurat
1075 826 1353 911 quodam
1416 826 1631 908 mode,
1698 848 1860 910 quae
1923 827 2143 891 futura
2207 828 2295 891 sit

287 917 594 982 suavitas,

639 1131 740 1191 XI.
803 1131 915 1188 AD
960 1129 1030 1200 Q.
1072 1129 1333 1188 AXIUM
1379 1130 1485 1201 (V.
1520 1150 1587 1205 p.
1633 1132 1769 1189 301.
1814 1132 1942 1205 21).

429 1260 481 1322 1.
525 1258 652 1323 Iul.
709 1258 913 1322 Victor
954 1262 1045 1323 27
1077 1279 1146 1339 Ρ.
1191 1262 1339 1322 448.
1384 1263 1424 1322 1
1467 1257 1682 1321 Halm.
1746 1258 1831 1322 In
1872 1259 2296 1339 familiaribus

212 1367 264 1406 10
292 1347 509 1413 litteris
547 1347 750 1427 primo
795 1346 1054 1410 brevitas
1097 1345 1501 1422 observanda,·
1555 1348 1835 1427 ipsarum
1886 1367 2116 1428 quoque
2166 1368 2295 1413 sen-

292 1437 625 1500 tentiarum
667 1454 744 1498 ne
781 1435 891 1498 diu
926 1435 1408 1517 circumferatur,
1451 1436 1614 1514 quod
1647 1433 1796 1499 Cato
1831 1437 1939 1517 ait,
1984 1435 2295 1518 ‘ambitio’‚

289 1525 396 1590 sed
419 1525 510 1587 ita
535 1523 901 1604 recidantur,
937 1527 1008 1586 ut
1039 1542 1377 1603 numquam
1411 1523 1574 1586 verbi
1607 1522 1848 1603 aliquid
1878 1524 2070 1588 deesse
2098 1525 2295 1588 videa-

291 1618 410 1677 tur.
512 1610 717 1677 Unum
772 1609 869 1674 ‘te
882 1608 900 1636 ’
954 1611 1202 1693 scilicet,
1256 1611 1419 1691 quod
1468 1611 1873 1693 intelleqentia
1924 1612 2294 1693 suppleatur,

291 1702 359 1765 in
403 1699 670 1782 epistolis
717 1699 1028 1764 Tullianis
1071 1700 1157 1763 ad
1190 1699 1467 1762 Atticum
1510 1703 1567 1762 et
1608 1699 1846 1764 Axium
1884 1699 2289 1782 frequentissi-

211 1806 263 1847 15
289 1810 461 1853 mum
505 1793 606 1853 est.

1076 1869 1173 1924 EX
1209 1869 1427 1924 LIBRO
1466 1872 1504 1925 Ι.

423 1975 483 2038 2.
530 1974 889 2038 Arusianus
933 1972 1203 2037 Messius
1235 1993 1301 2053 p.
1349 1976 1482 2036 212
1525 1973 1710 2037 Lind.
1774 1973 1932 2038 Adit
1972 1974 2058 2038 ad
2097 1974 2294 2038 illum.

293 2060 497 2128 C'icero
542 2061 628 2124 ad
669 2060 949 2124 Auxium
995 2060 1093 2125 lib.
1141 2058 1214 2123 I:
1261 2060 1343 2123 ad
1387 2059 1471 2123 M.
1516 2058 1821 2125 Bibulum
1870 2062 2179 2126 adierunt.

429 2148 488 2212 3.
521 2148 696 2212 Idem
719 2169 786 2228 Ρ.
813 2152 940 2211 213
966 2149 1206 2212 Adiuta
1239 2148 1349 2212 hoc
1384 2149 1536 2212 illos.
1567 2146 1770 2214 Cicero
1805 2152 1890 2215 ad
1912 2150 2195 2215 Anxium
2221 2150 2293 2214 I:

211 2255 268 2295 20
296 2237 354 2300 si
397 2239 472 2300 tu
515 2256 635 2299 nos
681 2235 926 2318 aliquid
973 2235 1261 2299 adiutare
1306 2240 1512 2320 potes,

1067 2389 1163 2442 EX
1199 2389 1414 2445 LIBRO
1450 2390 1519 2445 II.

425 2491 485 2555 4.
523 2490 687 2555 Non.
720 2511 789 2572 Ρ.
824 2492 966 2554 509.
1002 2495 1084 2554 19
1118 2490 1214 2555 M.
1247 2490 1490 2555 Tullius
1527 2527 1606 2537 —
1645 2492 1732 2555 ad
1763 2491 2001 2555 Axium
2042 2491 2141 2555 lib.
2176 2491 2293 2555 II:

291 2579 544 2644 Invitus
601 2578 853 2642 litteras
907 2582 1054 2642 tuas
1115 2578 1495 2661 scinderem3
1558 2579 1655 2643 ita
1717 2583 1866 2643 sunt
1930 2579 2295 2643 humaniter

293 2668 591 2752 scriptae.

209 2764 266 2806 25
933 2750 1031 2804 EX
1065 2750 1281 2804 LIBRO
1319 2749 1653 2804 INCERTO.

426 2852 485 2917 5.
538 2850 782 2917 Sueton.
834 2853 953 2916 div.
998 2850 1124 2915 Iul.
1170 2857 1211 2915 9
1264 2849 1366 2914 De
1416 2851 1529 2914 hac
1580 2850 2057 2936 (coniuratione)
2109 2853 2296 2934 siqni-

290 2941 478 3023 ficare
526 2942 763 3005 videtur
814 2945 874 3004 et
916 2937 1121 3004 Cicero
1175 2940 1243 3003 in
1295 2940 1565 3020 quadam
1618 2938 1704 3001 ad
1743 2938 1985 3003 Axium
2038 2940 2297 3021 epistula

185 3083 188 3086 .
291 3029 555 3108 referens
599 3028 918 3093 Caesarem
967 3029 1036 3090 in
1088 3027 1404 3091 consulatu
1457 3026 1845 3106 confirmasse
1895 3047 2171 3109 reynum,
2226 3030 2298 3092 de

291 3138 408 3199 quo
453 3118 669 3181 aedilis
712 3118 1025 3199 coyitarat.

210 3225 266 3264 30
426 3205 485 3270 6.
512 3203 738 3270 Seneca
771 3206 843 3270 de
872 3205 1024 3269 brev.
1060 3204 1161 3266 vit.
1190 3204 1246 3266 5.
1273 3206 1321 3267 2
1351 3201 1550 3281 Quam
1576 3201 1799 3282 flebiles
1824 3222 1987 3267 voces
2011 3204 2300 3284 exprimit

291 3290 559 3376 (Cicero)
601 3294 673 3357 in
723 3294 993 3375 quadam
1045 3292 1132 3355 ad
1171 3290 1411 3354 Axium
1454 3290 1714 3371 epistula
1756 3291 1888 3353 iam
1930 3291 2082 3354 victo
2116 3296 2298 3372 patre

290 3381 597 3463 PompeiO,
640 3381 838 3445 adhuc
870 3381 1003 3463 filio
1036 3380 1108 3443 in
1142 3378 1464 3459 Hispania
1504 3379 1709 3458 fracta
1746 3398 1929 3442 arma
1971 3379 2296 3458 refovente:

292 3467 459 3544 Quid
506 3490 715 3554 agam,
760 3470 978 3552 inquit,
1025 3466 1150 3548 hic,
1196 3466 1471 3549 quaeris.
1557 3465 1777 3530 Moror
1819 3465 1890 3531 in
1934 3466 2295 3533 Tusculano

295 3578 436 3622 meo
484 3557 825 3622 semiliber.
