<?xml version="1.0" encoding="UTF-8"?>
<!DOCTYPE html PUBLIC "-//W3C//DTD XHTML 1.0 Transitional//EN"
    "http://www.w3.org/TR/xhtml1/DTD/xhtml1-transitional.dtd">
<html xmlns="http://www.w3.org/1999/xhtml" xml:lang="en" lang="en">
 <head>
  <title>
</title>
<meta http-equiv="Content-Type" content="text/html;charset=utf-8" />
  <meta name='ocr-system' content='tesseract 3.04.00' />
  <meta name='ocr-capabilities' content='ocr_page ocr_carea ocr_par ocr_line ocrx_word'/>
</head>
<body>
  <div class='ocr_page' id='page_1' title='image "./scriptaquaemans01cicegoog_0199.png"; bbox 0 0 2630 3913; ppageno 0'>
   <div class='ocr_carea' id='block_1_1' title="bbox 739 213 2318 280">
    <p class='ocr_par' dir='ltr' id='par_1_1' title="bbox 739 213 2318 280">
     <span class='ocr_line' id='line_1_1' title="bbox 739 213 2318 280; baseline 0.006 -11"><span class='ocrx_word' id='word_1_1' title='bbox 739 214 874 269; x_wconf 85' lang='lat' dir='ltr'><strong>LIB.</strong></span> <span class='ocrx_word' id='word_1_2' title='bbox 912 214 1008 269; x_wconf 88' lang='lat'>111.</span> <span class='ocrx_word' id='word_1_3' title='bbox 1083 213 1233 267; x_wconf 80' lang='lat' dir='ltr'><strong>GAP.</strong></span> <span class='ocrx_word' id='word_1_4' title='bbox 1272 220 1498 269; x_wconf 81' lang='lat'>28-30,</span> <span class='ocrx_word' id='word_1_5' title='bbox 1570 220 1601 280; x_wconf 70' lang='lat' dir='ltr'>s</span> <span class='ocrx_word' id='word_1_6' title='bbox 1640 221 1931 271; x_wconf 80' lang='lat'><strong>103-109.</strong></span> <span class='ocrx_word' id='word_1_7' title='bbox 2193 215 2318 278; x_wconf 81' lang='lat'>125</span> 
     </span>
    </p>
   </div>
   <div class='ocr_carea' id='block_1_2' title="bbox 244 372 2425 3631">
    <p class='ocr_par' dir='ltr' id='par_1_2' title="bbox 298 372 2319 725">
     <span class='ocr_line' id='line_1_2' title="bbox 406 372 2081 460; baseline 0 -19"><span class='ocrx_word' id='word_1_8' title='bbox 406 375 678 460; x_wconf 73' lang='lat' dir='ltr'>Neque</span> <span class='ocrx_word' id='word_1_9' title='bbox 725 373 896 440; x_wconf 89' lang='lat' dir='ltr'>dedi</span> <span class='ocrx_word' id='word_1_10' title='bbox 938 396 1188 459; x_wconf 89' lang='lat' dir='ltr'>neque</span> <span class='ocrx_word' id='word_1_11' title='bbox 1234 374 1325 440; x_wconf 94' lang='lat' dir='ltr'>do</span> <span class='ocrx_word' id='word_1_12' title='bbox 1371 373 1687 440; x_wconf 77' lang='lat' dir='ltr'>infideli</span> <span class='ocrx_word' id='word_1_13' title='bbox 1732 372 2081 459; x_wconf 75' lang='lat' dir='ltr'>cuiquam</span> 
     </span>
     <span class='ocr_line' id='line_1_3' title="bbox 316 463 2317 550; baseline 0 -20"><span class='ocrx_word' id='word_1_14' title='bbox 316 464 554 530; x_wconf 89' lang='lat' dir='ltr'>idcirco</span> <span class='ocrx_word' id='word_1_15' title='bbox 601 466 774 528; x_wconf 90' lang='lat' dir='ltr'>recte</span> <span class='ocrx_word' id='word_1_16' title='bbox 820 485 859 528; x_wconf 90' lang='lat' dir='ltr'>a</span> <span class='ocrx_word' id='word_1_17' title='bbox 910 467 1130 548; x_wconf 67' lang='lat' dir='ltr'>poeta,</span> <span class='ocrx_word' id='word_1_18' title='bbox 1184 463 1366 547; x_wconf 91' lang='lat' dir='ltr'>quia,</span> <span class='ocrx_word' id='word_1_19' title='bbox 1422 485 1566 529; x_wconf 92' lang='lat' dir='ltr'>cum</span> <span class='ocrx_word' id='word_1_20' title='bbox 1617 466 2009 528; x_wconf 74' lang='lat' dir='ltr'>tractaretur</span> <span class='ocrx_word' id='word_1_21' title='bbox 2063 464 2317 550; x_wconf 79' lang='lat' dir='ltr'>Atreus,</span> 
     </span>
     <span class='ocr_line' id='line_1_4' title="bbox 320 549 2319 638; baseline 0 -20"><span class='ocrx_word' id='word_1_22' title='bbox 320 574 632 638; x_wconf 81' lang='lat' dir='ltr'>personae</span> <span class='ocrx_word' id='word_1_23' title='bbox 692 551 1097 616; x_wconf 86' lang='lat' dir='ltr'>serviendum</span> <span class='ocrx_word' id='word_1_24' title='bbox 1158 551 1302 616; x_wconf 82' lang='lat' dir='ltr'>fuit.</span> <span class='ocrx_word' id='word_1_25' title='bbox 1392 549 1516 616; x_wconf 84' lang='lat' dir='ltr'>Sed</span> <span class='ocrx_word' id='word_1_26' title='bbox 1571 551 1628 615; x_wconf 86' lang='lat' dir='ltr'>si</span> <span class='ocrx_word' id='word_1_27' title='bbox 1690 552 1812 617; x_wconf 90' lang='lat' dir='ltr'>hoc</span> <span class='ocrx_word' id='word_1_28' title='bbox 1870 552 1996 617; x_wconf 88' lang='lat' dir='ltr'>sibi</span> <span class='ocrx_word' id='word_1_29' title='bbox 2049 557 2319 638; x_wconf 86' lang='lat' dir='ltr'>sument,</span> 
     </span>
     <span class='ocr_line' id='line_1_5' title="bbox 298 639 2319 725; baseline 0 -19"><span class='ocrx_word' id='word_1_30' title='bbox 298 640 567 706; x_wconf 77' lang='lat' dir='ltr'>&#39;nullam</span> <span class='ocrx_word' id='word_1_31' title='bbox 613 660 754 704; x_wconf 88' lang='lat' dir='ltr'>esse</span> <span class='ocrx_word' id='word_1_32' title='bbox 798 639 1016 724; x_wconf 89' lang='lat' dir='ltr'>fidem,</span> <span class='ocrx_word' id='word_1_33' title='bbox 1061 661 1225 723; x_wconf 90' lang='lat' dir='ltr'>quae</span> <span class='ocrx_word' id='word_1_34' title='bbox 1268 639 1512 704; x_wconf 90' lang='lat' dir='ltr'>infideli</span> <span class='ocrx_word' id='word_1_35' title='bbox 1557 639 1709 704; x_wconf 90' lang='lat' dir='ltr'>data</span> <span class='ocrx_word' id='word_1_36' title='bbox 1752 640 1860 724; x_wconf 89' lang='lat' dir='ltr'>sit,</span> <span class='ocrx_word' id='word_1_37' title='bbox 1901 640 2189 725; x_wconf 86' lang='lat' dir='ltr'>videant,</span> <span class='ocrx_word' id='word_1_38' title='bbox 2240 663 2319 707; x_wconf 90' lang='lat' dir='ltr'>ne</span> 
     </span>
    </p>

    <p class='ocr_par' dir='ltr' id='par_1_3' title="bbox 267 727 2421 1166">
     <span class='ocr_line' id='line_1_6' title="bbox 267 727 2421 814; baseline 0.001 -20"><span class='ocrx_word' id='word_1_39' title='bbox 267 748 292 787; x_wconf 78' lang='lat'><strong>⁶</strong></span> <span class='ocrx_word' id='word_1_40' title='bbox 322 731 670 814; x_wconf 83' lang='lat' dir='ltr'>quaeratur</span> <span class='ocrx_word' id='word_1_41' title='bbox 698 728 951 792; x_wconf 89' lang='lat' dir='ltr'>latebra</span> <span class='ocrx_word' id='word_1_42' title='bbox 976 727 1274 813; x_wconf 89' lang='lat' dir='ltr'>periurio.</span> <span class='ocrx_word' id='word_1_43' title='bbox 1346 727 1497 808; x_wconf 83' lang='lat' dir='ltr'>[Est</span> <span class='ocrx_word' id='word_1_44' title='bbox 1532 731 1747 793; x_wconf 89' lang='lat' dir='ltr'>autem</span> <span class='ocrx_word' id='word_1_45' title='bbox 1783 728 1882 793; x_wconf 92' lang='lat' dir='ltr'>ius</span> <span class='ocrx_word' id='word_1_46' title='bbox 1929 729 2126 793; x_wconf 88' lang='lat' dir='ltr'>etiam</span> <span class='ocrx_word' id='word_1_47' title='bbox 2162 730 2294 795; x_wconf 91' lang='lat' dir='ltr'>bel·</span> <span class='ocrx_word' id='word_1_48' title='bbox 2325 745 2421 796; x_wconf 72' lang='lat'>10⁷</span> 
     </span>
     <span class='ocr_line' id='line_1_7' title="bbox 321 815 2318 900; baseline 0.001 -19"><span class='ocrx_word' id='word_1_49' title='bbox 321 819 517 883; x_wconf 90' lang='lat' dir='ltr'>licum</span> <span class='ocrx_word' id='word_1_50' title='bbox 552 816 837 899; x_wconf 89' lang='lat' dir='ltr'>fidesque</span> <span class='ocrx_word' id='word_1_51' title='bbox 873 815 1032 880; x_wconf 88' lang='lat' dir='ltr'>iuris</span> <span class='ocrx_word' id='word_1_52' title='bbox 1067 815 1322 880; x_wconf 91' lang='lat' dir='ltr'>iurandi</span> <span class='ocrx_word' id='word_1_53' title='bbox 1346 838 1537 900; x_wconf 88' lang='lat' dir='ltr'>saepe</span> <span class='ocrx_word' id='word_1_54' title='bbox 1573 838 1716 881; x_wconf 91' lang='lat' dir='ltr'>cum</span> <span class='ocrx_word' id='word_1_55' title='bbox 1744 815 1932 881; x_wconf 89' lang='lat' dir='ltr'>hoste</span> <span class='ocrx_word' id='word_1_56' title='bbox 1961 818 2318 899; x_wconf 77' lang='lat' dir='ltr'>servanda]</span> 
     </span>
     <span class='ocr_line' id='line_1_8' title="bbox 323 904 2322 989; baseline 0.001 -19"><span class='ocrx_word' id='word_1_57' title='bbox 323 905 506 981; x_wconf 86' lang='lat' dir='ltr'>Quod</span> <span class='ocrx_word' id='word_1_58' title='bbox 552 904 722 969; x_wconf 87' lang='lat' dir='ltr'>enim</span> <span class='ocrx_word' id='word_1_59' title='bbox 768 904 863 968; x_wconf 87' lang='lat' dir='ltr'>ita</span> <span class='ocrx_word' id='word_1_60' title='bbox 907 905 1188 968; x_wconf 90' lang='lat' dir='ltr'>iuratum</span> <span class='ocrx_word' id='word_1_61' title='bbox 1236 907 1362 989; x_wconf 88' lang='lat' dir='ltr'>est,</span> <span class='ocrx_word' id='word_1_62' title='bbox 1416 908 1490 969; x_wconf 93' lang='lat' dir='ltr'>ut</span> <span class='ocrx_word' id='word_1_63' title='bbox 1543 926 1722 968; x_wconf 89' lang='lat' dir='ltr'>mens</span> <span class='ocrx_word' id='word_1_64' title='bbox 1774 905 2137 989; x_wconf 89' lang='lat' dir='ltr'>conciperet</span> <span class='ocrx_word' id='word_1_65' title='bbox 2181 907 2322 971; x_wconf 88' lang='lat' dir='ltr'>fieri</span> 
     </span>
     <span class='ocr_line' id='line_1_9' title="bbox 323 992 2321 1078; baseline 0.001 -20"><span class='ocrx_word' id='word_1_66' title='bbox 323 996 641 1078; x_wconf 82' lang='lat' dir='ltr'>oportere,</span> <span class='ocrx_word' id='word_1_67' title='bbox 685 992 752 1056; x_wconf 92' lang='lat' dir='ltr'>id</span> <span class='ocrx_word' id='word_1_68' title='bbox 785 992 1170 1057; x_wconf 81' lang='lat' dir='ltr'>servandum</span> <span class='ocrx_word' id='word_1_69' title='bbox 1216 996 1341 1076; x_wconf 83' lang='lat' dir='ltr'>est3</span> <span class='ocrx_word' id='word_1_70' title='bbox 1388 992 1559 1075; x_wconf 92' lang='lat' dir='ltr'>quod</span> <span class='ocrx_word' id='word_1_71' title='bbox 1605 992 1811 1076; x_wconf 87' lang='lat' dir='ltr'>aliter,</span> <span class='ocrx_word' id='word_1_72' title='bbox 1855 992 1922 1056; x_wconf 95' lang='lat' dir='ltr'>id</span> <span class='ocrx_word' id='word_1_73' title='bbox 1969 993 2023 1057; x_wconf 90' lang='lat' dir='ltr'>si</span> <span class='ocrx_word' id='word_1_74' title='bbox 2068 1016 2199 1059; x_wconf 92' lang='lat' dir='ltr'>non</span> <span class='ocrx_word' id='word_1_75' title='bbox 2233 994 2321 1059; x_wconf 88' lang='lat' dir='ltr'>fe-</span> 
     </span>
     <span class='ocr_line' id='line_1_10' title="bbox 322 1079 2321 1166; baseline 0.001 -20"><span class='ocrx_word' id='word_1_76' title='bbox 322 1082 498 1164; x_wconf 90' lang='lat' dir='ltr'>cerit,</span> <span class='ocrx_word' id='word_1_77' title='bbox 524 1081 776 1145; x_wconf 93' lang='lat' dir='ltr'>nullum</span> <span class='ocrx_word' id='word_1_78' title='bbox 805 1084 905 1144; x_wconf 89' lang='lat' dir='ltr'>est</span> <span class='ocrx_word' id='word_1_79' title='bbox 939 1081 1307 1165; x_wconf 88' lang='lat' dir='ltr'>periurium.</span> <span class='ocrx_word' id='word_1_80' title='bbox 1371 1079 1479 1163; x_wconf 92' lang='lat' dir='ltr'>Ut,</span> <span class='ocrx_word' id='word_1_81' title='bbox 1510 1079 1565 1144; x_wconf 92' lang='lat' dir='ltr'>si</span> <span class='ocrx_word' id='word_1_82' title='bbox 1591 1080 2021 1165; x_wconf 86' lang='lat' dir='ltr'>praedonibus</span> <span class='ocrx_word' id='word_1_83' title='bbox 2059 1087 2321 1166; x_wconf 91' lang='lat' dir='ltr'>pactum</span> 
     </span>
    </p>

    <p class='ocr_par' dir='ltr' id='par_1_4' title="bbox 246 1167 2422 1606">
     <span class='ocr_line' id='line_1_11' title="bbox 246 1167 2322 1254; baseline 0.003 -26"><span class='ocrx_word' id='word_1_84' title='bbox 246 1189 296 1228; x_wconf 80' lang='grc' dir='ltr'>ιο</span> <span class='ocrx_word' id='word_1_85' title='bbox 324 1191 441 1254; x_wconf 91' lang='lat' dir='ltr'>pro</span> <span class='ocrx_word' id='word_1_86' title='bbox 488 1169 697 1253; x_wconf 89' lang='lat' dir='ltr'>capite</span> <span class='ocrx_word' id='word_1_87' title='bbox 742 1168 1021 1252; x_wconf 89' lang='lat' dir='ltr'>pretium</span> <span class='ocrx_word' id='word_1_88' title='bbox 1065 1189 1198 1234; x_wconf 91' lang='lat' dir='ltr'>non</span> <span class='ocrx_word' id='word_1_89' title='bbox 1242 1167 1573 1252; x_wconf 90' lang='lat' dir='ltr'>attuleris,</span> <span class='ocrx_word' id='word_1_90' title='bbox 1632 1168 1813 1233; x_wconf 93' lang='lat' dir='ltr'>nulla</span> <span class='ocrx_word' id='word_1_91' title='bbox 1856 1168 2035 1233; x_wconf 83' lang='lat' dir='ltr'>fraus</span> <span class='ocrx_word' id='word_1_92' title='bbox 2084 1171 2197 1254; x_wconf 92' lang='lat' dir='ltr'>sit,</span> <span class='ocrx_word' id='word_1_93' title='bbox 2242 1192 2322 1234; x_wconf 89' lang='lat' dir='ltr'>ne</span> 
     </span>
     <span class='ocr_line' id='line_1_12' title="bbox 324 1254 2322 1341; baseline 0.001 -19"><span class='ocrx_word' id='word_1_94' title='bbox 324 1257 381 1322; x_wconf 84' lang='lat' dir='ltr'>si</span> <span class='ocrx_word' id='word_1_95' title='bbox 424 1257 673 1322; x_wconf 89' lang='lat' dir='ltr'>iuratus</span> <span class='ocrx_word' id='word_1_96' title='bbox 722 1256 979 1340; x_wconf 87' lang='lat' dir='ltr'>quidem</span> <span class='ocrx_word' id='word_1_97' title='bbox 1023 1254 1091 1321; x_wconf 92' lang='lat' dir='ltr'>id</span> <span class='ocrx_word' id='word_1_98' title='bbox 1134 1277 1265 1321; x_wconf 93' lang='lat' dir='ltr'>non</span> <span class='ocrx_word' id='word_1_99' title='bbox 1307 1255 1565 1340; x_wconf 79' lang='lat' dir='ltr'>feceri83</span> <span class='ocrx_word' id='word_1_100' title='bbox 1610 1278 1762 1321; x_wconf 90' lang='lat' dir='ltr'>nam</span> <span class='ocrx_word' id='word_1_101' title='bbox 1807 1257 2023 1341; x_wconf 87' lang='lat' dir='ltr'>pirata</span> <span class='ocrx_word' id='word_1_102' title='bbox 2054 1279 2186 1323; x_wconf 93' lang='lat' dir='ltr'>non</span> <span class='ocrx_word' id='word_1_103' title='bbox 2222 1262 2322 1322; x_wconf 89' lang='lat' dir='ltr'>est</span> 
     </span>
     <span class='ocr_line' id='line_1_13' title="bbox 326 1343 2320 1428; baseline 0.001 -20"><span class='ocrx_word' id='word_1_104' title='bbox 326 1367 403 1409; x_wconf 82' lang='lat' dir='ltr'>ex</span> <span class='ocrx_word' id='word_1_105' title='bbox 447 1344 870 1428; x_wconf 86' lang='lat' dir='ltr'>perduellium</span> <span class='ocrx_word' id='word_1_106' title='bbox 914 1366 1180 1409; x_wconf 91' lang='lat' dir='ltr'>numero</span> <span class='ocrx_word' id='word_1_107' title='bbox 1220 1343 1538 1428; x_wconf 77' lang='lat' dir='ltr'>definituS,</span> <span class='ocrx_word' id='word_1_108' title='bbox 1574 1344 1685 1408; x_wconf 88' lang='lat' dir='ltr'>sed</span> <span class='ocrx_word' id='word_1_109' title='bbox 1722 1344 2074 1410; x_wconf 86' lang='lat' dir='ltr'>communis</span> <span class='ocrx_word' id='word_1_110' title='bbox 2111 1345 2320 1410; x_wconf 85' lang='lat' dir='ltr'>hostis</span> 
     </span>
     <span class='ocr_line' id='line_1_14' title="bbox 327 1431 2321 1516; baseline 0 -18"><span class='ocrx_word' id='word_1_111' title='bbox 327 1432 636 1516; x_wconf 83' lang='lat' dir='ltr'>omnium3</span> <span class='ocrx_word' id='word_1_112' title='bbox 699 1454 845 1498; x_wconf 90' lang='lat' dir='ltr'>cum</span> <span class='ocrx_word' id='word_1_113' title='bbox 898 1432 1021 1497; x_wconf 93' lang='lat' dir='ltr'>hoc</span> <span class='ocrx_word' id='word_1_114' title='bbox 1077 1453 1195 1497; x_wconf 93' lang='lat' dir='ltr'>nec</span> <span class='ocrx_word' id='word_1_115' title='bbox 1239 1431 1396 1496; x_wconf 90' lang='lat' dir='ltr'>fides</span> <span class='ocrx_word' id='word_1_116' title='bbox 1445 1431 1634 1496; x_wconf 89' lang='lat' dir='ltr'>debet</span> <span class='ocrx_word' id='word_1_117' title='bbox 1677 1454 1793 1498; x_wconf 91' lang='lat' dir='ltr'>nec</span> <span class='ocrx_word' id='word_1_118' title='bbox 1836 1433 1937 1497; x_wconf 90' lang='lat' dir='ltr'>ius</span> <span class='ocrx_word' id='word_1_119' title='bbox 1982 1433 2321 1498; x_wconf 90' lang='lat' dir='ltr'>iurandum</span> 
     </span>
     <span class='ocr_line' id='line_1_15' title="bbox 326 1519 2422 1606; baseline 0.001 -20"><span class='ocrx_word' id='word_1_120' title='bbox 326 1541 467 1586; x_wconf 88' lang='lat' dir='ltr'>esse</span> <span class='ocrx_word' id='word_1_121' title='bbox 494 1542 843 1587; x_wconf 89' lang='lat' dir='ltr'>commune.</span> <span class='ocrx_word' id='word_1_122' title='bbox 907 1519 1057 1586; x_wconf 92' lang='lat' dir='ltr'>Non</span> <span class='ocrx_word' id='word_1_123' title='bbox 1084 1520 1254 1585; x_wconf 88' lang='lat' dir='ltr'>enim</span> <span class='ocrx_word' id='word_1_124' title='bbox 1290 1520 1529 1585; x_wconf 88' lang='lat' dir='ltr'>falsum</span> <span class='ocrx_word' id='word_1_125' title='bbox 1567 1521 1778 1585; x_wconf 90' lang='lat' dir='ltr'>iurare</span> <span class='ocrx_word' id='word_1_126' title='bbox 1812 1520 2140 1606; x_wconf 86' lang='lat' dir='ltr'>periurare</span> <span class='ocrx_word' id='word_1_127' title='bbox 2178 1526 2295 1604; x_wconf 83' lang='lat' dir='ltr'>est,</span> <span class='ocrx_word' id='word_1_128' title='bbox 2327 1538 2422 1588; x_wconf 78' lang='lat'>108</span> 
     </span>
    </p>

    <p class='ocr_par' dir='ltr' id='par_1_5' title="bbox 248 1608 2321 1870">
     <span class='ocr_line' id='line_1_16' title="bbox 248 1608 2320 1693; baseline 0 -19"><span class='ocrx_word' id='word_1_129' title='bbox 248 1626 299 1667; x_wconf 71' lang='grc' dir='ltr'>ιε»</span> <span class='ocrx_word' id='word_1_130' title='bbox 327 1609 455 1693; x_wconf 86' lang='lat' dir='ltr'>sed,</span> <span class='ocrx_word' id='word_1_131' title='bbox 491 1608 661 1693; x_wconf 91' lang='lat' dir='ltr'>quod</span> <span class='ocrx_word' id='word_1_132' title='bbox 695 1627 792 1674; x_wconf 77' lang='lat' dir='ltr'>Ex</span> <span class='ocrx_word' id='word_1_133' title='bbox 826 1627 1025 1674; x_wconf 57' lang='lat' dir='ltr'>amm</span> <span class='ocrx_word' id='word_1_134' title='bbox 1060 1627 1177 1673; x_wconf 70' lang='lat' dir='ltr'>&#39;rm</span> <span class='ocrx_word' id='word_1_135' title='bbox 1214 1626 1604 1674; x_wconf 66' lang='lat' dir='ltr'>sumnum</span> <span class='ocrx_word' id='word_1_136' title='bbox 1635 1608 1887 1692; x_wconf 56' lang='lat' dir='ltr'>iuram,</span> <span class='ocrx_word' id='word_1_137' title='bbox 1915 1609 2080 1674; x_wconf 87' lang='lat' dir='ltr'>sicut</span> <span class='ocrx_word' id='word_1_138' title='bbox 2108 1610 2320 1675; x_wconf 84' lang='lat' dir='ltr'>verbis</span> 
     </span>
     <span class='ocr_line' id='line_1_17' title="bbox 325 1696 2321 1783; baseline -0.001 -19"><span class='ocrx_word' id='word_1_139' title='bbox 325 1698 683 1783; x_wconf 90' lang='lat' dir='ltr'>concipitur</span> <span class='ocrx_word' id='word_1_140' title='bbox 727 1719 906 1762; x_wconf 94' lang='lat' dir='ltr'>more</span> <span class='ocrx_word' id='word_1_141' title='bbox 947 1700 1203 1781; x_wconf 89' lang='lat' dir='ltr'>nostro,</span> <span class='ocrx_word' id='word_1_142' title='bbox 1260 1697 1328 1761; x_wconf 94' lang='lat' dir='ltr'>id</span> <span class='ocrx_word' id='word_1_143' title='bbox 1380 1719 1511 1762; x_wconf 94' lang='lat' dir='ltr'>non</span> <span class='ocrx_word' id='word_1_144' title='bbox 1554 1696 1762 1761; x_wconf 88' lang='lat' dir='ltr'>facere</span> <span class='ocrx_word' id='word_1_145' title='bbox 1806 1696 2158 1782; x_wconf 89' lang='lat' dir='ltr'>periurium</span> <span class='ocrx_word' id='word_1_146' title='bbox 2204 1701 2321 1763; x_wconf 88' lang='lat' dir='ltr'>est.</span> 
     </span>
     <span class='ocr_line' id='line_1_18' title="bbox 324 1784 1120 1870; baseline -0.003 -19"><span class='ocrx_word' id='word_1_147' title='bbox 324 1784 495 1853; x_wconf 87' lang='lat' dir='ltr'>Scite</span> <span class='ocrx_word' id='word_1_148' title='bbox 540 1785 712 1850; x_wconf 90' lang='lat' dir='ltr'>enim</span> <span class='ocrx_word' id='word_1_149' title='bbox 754 1785 1120 1870; x_wconf 86' lang='lat' dir='ltr'>Euripides:</span> 
     </span>
    </p>

    <p class='ocr_par' dir='ltr' id='par_1_6' title="bbox 323 1872 2321 2049">
     <span class='ocr_line' id='line_1_19' title="bbox 409 1872 2099 1960; baseline -0.001 -21"><span class='ocrx_word' id='word_1_150' title='bbox 409 1874 669 1939; x_wconf 76' lang='lat' dir='ltr'>Iuravi</span> <span class='ocrx_word' id='word_1_151' title='bbox 715 1873 1014 1960; x_wconf 90' lang='lat' dir='ltr'>lingua,</span> <span class='ocrx_word' id='word_1_152' title='bbox 1059 1875 1389 1938; x_wconf 74' lang='lat' dir='ltr'>mentem</span> <span class='ocrx_word' id='word_1_153' title='bbox 1433 1872 1854 1938; x_wconf 70' lang='lat' dir='ltr'>iniuratam</span> <span class='ocrx_word' id='word_1_154' title='bbox 1903 1895 2099 1960; x_wconf 92' lang='lat' dir='ltr'>gero.</span> 
     </span>
     <span class='ocr_line' id='line_1_20' title="bbox 323 1960 2321 2049; baseline 0 -21"><span class='ocrx_word' id='word_1_155' title='bbox 323 1963 612 2049; x_wconf 88' lang='lat' dir='ltr'>Regulus</span> <span class='ocrx_word' id='word_1_156' title='bbox 685 1984 837 2028; x_wconf 86' lang='lat' dir='ltr'>vero</span> <span class='ocrx_word' id='word_1_157' title='bbox 907 1984 1039 2027; x_wconf 94' lang='lat' dir='ltr'>non</span> <span class='ocrx_word' id='word_1_158' title='bbox 1111 1962 1333 2026; x_wconf 91' lang='lat' dir='ltr'>debuit</span> <span class='ocrx_word' id='word_1_159' title='bbox 1390 1960 1793 2027; x_wconf 81' lang='lat' dir='ltr'>condiciones</span> <span class='ocrx_word' id='word_1_160' title='bbox 1864 1963 2321 2049; x_wconf 90' lang='lat' dir='ltr'>pactionesque</span> 
     </span>
    </p>

    <p class='ocr_par' dir='ltr' id='par_1_7' title="bbox 246 2049 2322 2224">
     <span class='ocr_line' id='line_1_21' title="bbox 246 2049 2321 2134; baseline 0.002 -23"><span class='ocrx_word' id='word_1_161' title='bbox 246 2069 299 2109; x_wconf 81' lang='lat'>20</span> <span class='ocrx_word' id='word_1_162' title='bbox 324 2052 592 2116; x_wconf 91' lang='lat' dir='ltr'>bellicas</span> <span class='ocrx_word' id='word_1_163' title='bbox 658 2054 724 2116; x_wconf 91' lang='lat' dir='ltr'>et</span> <span class='ocrx_word' id='word_1_164' title='bbox 773 2050 1047 2116; x_wconf 88' lang='lat' dir='ltr'>hostiles</span> <span class='ocrx_word' id='word_1_165' title='bbox 1100 2051 1481 2134; x_wconf 88' lang='lat' dir='ltr'>perturbare</span> <span class='ocrx_word' id='word_1_166' title='bbox 1533 2050 1835 2134; x_wconf 89' lang='lat' dir='ltr'>periurio.</span> <span class='ocrx_word' id='word_1_167' title='bbox 1925 2049 2087 2116; x_wconf 83' lang='lat' dir='ltr'>Cum</span> <span class='ocrx_word' id='word_1_168' title='bbox 2146 2051 2321 2117; x_wconf 90' lang='lat' dir='ltr'>iusto</span> 
     </span>
     <span class='ocr_line' id='line_1_22' title="bbox 328 2138 2322 2224; baseline 0.001 -21"><span class='ocrx_word' id='word_1_169' title='bbox 328 2140 497 2203; x_wconf 90' lang='lat' dir='ltr'>enim</span> <span class='ocrx_word' id='word_1_170' title='bbox 544 2143 610 2203; x_wconf 93' lang='lat' dir='ltr'>et</span> <span class='ocrx_word' id='word_1_171' title='bbox 653 2139 944 2223; x_wconf 91' lang='lat' dir='ltr'>legitimo</span> <span class='ocrx_word' id='word_1_172' title='bbox 989 2138 1178 2203; x_wconf 89' lang='lat' dir='ltr'>hoste</span> <span class='ocrx_word' id='word_1_173' title='bbox 1223 2159 1326 2203; x_wconf 93' lang='lat' dir='ltr'>res</span> <span class='ocrx_word' id='word_1_174' title='bbox 1373 2138 1735 2224; x_wconf 85' lang='lat' dir='ltr'>gerebatur,</span> <span class='ocrx_word' id='word_1_175' title='bbox 1781 2138 2085 2203; x_wconf 86' lang='lat' dir='ltr'>adversus</span> <span class='ocrx_word' id='word_1_176' title='bbox 2134 2161 2322 2223; x_wconf 91' lang='lat' dir='ltr'>quem</span> 
     </span>
    </p>

    <p class='ocr_par' dir='ltr' id='par_1_8' title="bbox 294 2225 2323 2469">
     <span class='ocr_line' id='line_1_23' title="bbox 294 2225 2323 2292; baseline 0 -1"><span class='ocrx_word' id='word_1_177' title='bbox 294 2230 393 2291; x_wconf 83' lang='lat' dir='ltr'>et</span> <span class='ocrx_word' id='word_1_178' title='bbox 436 2230 649 2292; x_wconf 89' lang='lat' dir='ltr'>totum</span> <span class='ocrx_word' id='word_1_179' title='bbox 692 2226 791 2292; x_wconf 92' lang='lat' dir='ltr'>ius</span> <span class='ocrx_word' id='word_1_180' title='bbox 849 2226 1071 2291; x_wconf 89' lang='lat' dir='ltr'>fetiale</span> <span class='ocrx_word' id='word_1_181' title='bbox 1129 2229 1194 2290; x_wconf 89' lang='lat' dir='ltr'>et</span> <span class='ocrx_word' id='word_1_182' title='bbox 1256 2225 1465 2290; x_wconf 92' lang='lat' dir='ltr'>multa</span> <span class='ocrx_word' id='word_1_183' title='bbox 1527 2230 1678 2291; x_wconf 89' lang='lat' dir='ltr'>sunt</span> <span class='ocrx_word' id='word_1_184' title='bbox 1739 2227 1881 2290; x_wconf 91' lang='lat' dir='ltr'>iura</span> <span class='ocrx_word' id='word_1_185' title='bbox 1944 2228 2323 2292; x_wconf 88' lang='lat' dir='ltr'>communia.</span> 
     </span>
     <span class='ocr_line' id='line_1_24' title="bbox 326 2313 2323 2399; baseline 0.001 -19"><span class='ocrx_word' id='word_1_186' title='bbox 326 2313 512 2391; x_wconf 81' lang='lat' dir='ltr'>Quod</span> <span class='ocrx_word' id='word_1_187' title='bbox 547 2314 616 2378; x_wconf 95' lang='lat' dir='ltr'>ni</span> <span class='ocrx_word' id='word_1_188' title='bbox 650 2315 744 2379; x_wconf 82' lang='lat' dir='ltr'>ita</span> <span class='ocrx_word' id='word_1_189' title='bbox 782 2319 969 2398; x_wconf 90' lang='lat' dir='ltr'>esset,</span> <span class='ocrx_word' id='word_1_190' title='bbox 1003 2336 1354 2399; x_wconf 87' lang='lat' dir='ltr'>numquam</span> <span class='ocrx_word' id='word_1_191' title='bbox 1397 2314 1606 2378; x_wconf 91' lang='lat' dir='ltr'>claros</span> <span class='ocrx_word' id='word_1_192' title='bbox 1646 2313 1820 2378; x_wconf 83' lang='lat' dir='ltr'>viros</span> <span class='ocrx_word' id='word_1_193' title='bbox 1857 2317 2118 2379; x_wconf 88' lang='lat' dir='ltr'>senatus</span> <span class='ocrx_word' id='word_1_194' title='bbox 2154 2315 2323 2381; x_wconf 82' lang='lat' dir='ltr'>vinc-</span> 
     </span>
     <span class='ocr_line' id='line_1_25' title="bbox 325 2402 1180 2469; baseline -0.001 -1"><span class='ocrx_word' id='word_1_195' title='bbox 325 2408 431 2469; x_wconf 86' lang='lat' dir='ltr'>tos</span> <span class='ocrx_word' id='word_1_196' title='bbox 476 2402 772 2468; x_wconf 89' lang='lat' dir='ltr'>hostibus</span> <span class='ocrx_word' id='word_1_197' title='bbox 818 2402 1180 2468; x_wconf 89' lang='lat' dir='ltr'>dedidisset.</span> 
     </span>
    </p>

    <p class='ocr_par' dir='ltr' id='par_1_9' title="bbox 244 2470 2425 2839">
     <span class='ocr_line' id='line_1_26' title="bbox 244 2470 2425 2595; baseline 0.002 -46"><span class='ocrx_word' id='word_1_198' title='bbox 244 2508 297 2549; x_wconf 75' lang='lat'>85</span> <span class='ocrx_word' id='word_1_199' title='bbox 449 2491 542 2555; x_wconf 90' lang='lat' dir='ltr'>At</span> <span class='ocrx_word' id='word_1_200' title='bbox 585 2512 735 2556; x_wconf 86' lang='lat' dir='ltr'>vero</span> <span class='ocrx_word' id='word_1_201' title='bbox 773 2490 844 2555; x_wconf 88' lang='grc' dir='ltr'>Τ.</span> <span class='ocrx_word' id='word_1_202' title='bbox 870 2490 1178 2555; x_wconf 89' lang='lat' dir='ltr'>Veturius</span> <span class='ocrx_word' id='word_1_203' title='bbox 1216 2494 1281 2554; x_wconf 87' lang='lat' dir='ltr'>et</span> <span class='ocrx_word' id='word_1_204' title='bbox 1319 2488 1426 2576; x_wconf 85' lang='lat' dir='ltr'>Sp.</span> <span class='ocrx_word' id='word_1_205' title='bbox 1460 2488 1831 2555; x_wconf 89' lang='lat' dir='ltr'>Postumius</span> <span class='ocrx_word' id='word_1_206' title='bbox 1878 2510 2021 2554; x_wconf 91' lang='lat' dir='ltr'>cum</span> <span class='ocrx_word' id='word_1_207' title='bbox 2059 2488 2294 2554; x_wconf 88' lang='lat' dir='ltr'>iterum</span> <span class='ocrx_word' id='word_1_208' title='bbox 2327 2470 2425 2595; x_wconf 48' lang='grc' dir='ltr'>ἐξ</span> 
     </span>
     <span class='ocr_line' id='line_1_27' title="bbox 325 2574 2323 2663; baseline -0.002 -18"><span class='ocrx_word' id='word_1_209' title='bbox 325 2580 621 2645; x_wconf 88' lang='lat' dir='ltr'>consules</span> <span class='ocrx_word' id='word_1_210' title='bbox 660 2583 893 2663; x_wconf 88' lang='lat' dir='ltr'>essent,</span> <span class='ocrx_word' id='word_1_211' title='bbox 931 2580 1097 2662; x_wconf 86' lang='lat' dir='ltr'>quia,</span> <span class='ocrx_word' id='word_1_212' title='bbox 1144 2601 1288 2644; x_wconf 93' lang='lat' dir='ltr'>cum</span> <span class='ocrx_word' id='word_1_213' title='bbox 1335 2579 1505 2643; x_wconf 93' lang='lat' dir='ltr'>male</span> <span class='ocrx_word' id='word_1_214' title='bbox 1548 2580 1909 2663; x_wconf 88' lang='lat' dir='ltr'>pugnatum</span> <span class='ocrx_word' id='word_1_215' title='bbox 1956 2575 2126 2661; x_wconf 92' lang='lat' dir='ltr'>apud</span> <span class='ocrx_word' id='word_1_216' title='bbox 2161 2574 2323 2643; x_wconf 82' lang='lat' dir='ltr'>Gau·</span> 
     </span>
     <span class='ocr_line' id='line_1_28' title="bbox 326 2665 2322 2754; baseline 0 -22"><span class='ocrx_word' id='word_1_217' title='bbox 326 2666 502 2733; x_wconf 92' lang='lat' dir='ltr'>dium</span> <span class='ocrx_word' id='word_1_218' title='bbox 542 2671 731 2750; x_wconf 89' lang='lat' dir='ltr'>esset,</span> <span class='ocrx_word' id='word_1_219' title='bbox 777 2668 1141 2754; x_wconf 85' lang='lat' dir='ltr'>legionibus</span> <span class='ocrx_word' id='word_1_220' title='bbox 1169 2667 1410 2733; x_wconf 88' lang='lat' dir='ltr'>nostris</span> <span class='ocrx_word' id='word_1_221' title='bbox 1440 2666 1812 2752; x_wconf 89' lang='lat' dir='ltr'>subiugum</span> <span class='ocrx_word' id='word_1_222' title='bbox 1847 2665 2062 2731; x_wconf 89' lang='lat' dir='ltr'>missis</span> <span class='ocrx_word' id='word_1_223' title='bbox 2098 2688 2322 2751; x_wconf 88' lang='lat' dir='ltr'>pacem</span> 
     </span>
     <span class='ocr_line' id='line_1_29' title="bbox 324 2754 2322 2839; baseline -0.002 -17"><span class='ocrx_word' id='word_1_224' title='bbox 324 2778 469 2821; x_wconf 91' lang='lat' dir='ltr'>cum</span> <span class='ocrx_word' id='word_1_225' title='bbox 499 2754 897 2821; x_wconf 85' lang='lat' dir='ltr'>Samnitibus</span> <span class='ocrx_word' id='word_1_226' title='bbox 942 2754 1246 2839; x_wconf 86' lang='lat' dir='ltr'>fecerant,</span> <span class='ocrx_word' id='word_1_227' title='bbox 1291 2754 1490 2819; x_wconf 88' lang='lat' dir='ltr'>dediti</span> <span class='ocrx_word' id='word_1_228' title='bbox 1526 2758 1678 2819; x_wconf 91' lang='lat' dir='ltr'>sunt</span> <span class='ocrx_word' id='word_1_229' title='bbox 1712 2754 1825 2839; x_wconf 80' lang='lat' dir='ltr'>iis3</span> <span class='ocrx_word' id='word_1_230' title='bbox 1868 2754 2116 2819; x_wconf 86' lang='lat' dir='ltr'>iniussu</span> <span class='ocrx_word' id='word_1_231' title='bbox 2153 2754 2322 2819; x_wconf 89' lang='lat' dir='ltr'>enim</span> 
     </span>
    </p>

    <p class='ocr_par' dir='ltr' id='par_1_10' title="bbox 248 2842 2324 3369">
     <span class='ocr_line' id='line_1_30' title="bbox 248 2842 2324 3015; baseline -0.002 -18"><span class='ocrx_word' id='word_1_232' title='bbox 248 2948 298 2989; x_wconf 64' lang='grc' dir='ltr'>,ο</span> <span class='ocrx_word' id='word_1_233' title='bbox 325 2842 1117 3008; x_wconf 50' lang='lat' dir='ltr'>ssfflssiussencssmffissiiuf}</span> <span class='ocrx_word' id='word_1_234' title='bbox 1120 2865 1308 3015; x_wconf 57' lang='lat'>⁰53?</span> <span class='ocrx_word' id='word_1_235' title='bbox 1310 2842 1778 2996; x_wconf 34' lang='lat' dir='ltr'>tummim?</span> <span class='ocrx_word' id='word_1_236' title='bbox 1780 2865 1857 3015; x_wconf 62' lang='lat'>{1</span> <span class='ocrx_word' id='word_1_237' title='bbox 1876 2842 2324 3015; x_wconf 40' lang='grc' dir='ltr'>ὓὲἑῖξῖῐζῃῖἓ</span> 
     </span>
     <span class='ocr_line' id='line_1_31' title="bbox 327 2980 2321 3104; baseline -0.002 -19"><span class='ocrx_word' id='word_1_238' title='bbox 327 3041 549 3085; x_wconf 89' lang='lat' dir='ltr'>eorum</span> <span class='ocrx_word' id='word_1_239' title='bbox 594 2982 982 3085; x_wconf 62' lang='lat' dir='ltr'>auctoritate</span> <span class='ocrx_word' id='word_1_240' title='bbox 1026 2981 1154 3104; x_wconf 61' lang='lat' dir='ltr'>pa&#39;x</span> <span class='ocrx_word' id='word_1_241' title='bbox 1200 3023 1342 3083; x_wconf 89' lang='lat' dir='ltr'>erat</span> <span class='ocrx_word' id='word_1_242' title='bbox 1384 3018 1575 3102; x_wconf 84' lang='lat' dir='ltr'>facta,</span> <span class='ocrx_word' id='word_1_243' title='bbox 1623 3018 1818 3083; x_wconf 89' lang='lat' dir='ltr'>dediti</span> <span class='ocrx_word' id='word_1_244' title='bbox 1866 3022 2042 3101; x_wconf 92' lang='lat' dir='ltr'>sunt,</span> <span class='ocrx_word' id='word_1_245' title='bbox 2087 2980 2161 3082; x_wconf 75' lang='lat' dir='ltr'>iit</span> <span class='ocrx_word' id='word_1_246' title='bbox 2196 3041 2321 3102; x_wconf 88' lang='lat' dir='ltr'>pax</span> 
     </span>
     <span class='ocr_line' id='line_1_32' title="bbox 326 3105 2323 3193; baseline -0.002 -20"><span class='ocrx_word' id='word_1_247' title='bbox 326 3106 712 3173; x_wconf 87' lang='lat' dir='ltr'>Samnitium</span> <span class='ocrx_word' id='word_1_248' title='bbox 756 3107 1231 3193; x_wconf 85' lang='lat' dir='ltr'>repudiaretur3</span> <span class='ocrx_word' id='word_1_249' title='bbox 1291 3111 1485 3191; x_wconf 92' lang='lat' dir='ltr'>atque</span> <span class='ocrx_word' id='word_1_250' title='bbox 1536 3107 1726 3171; x_wconf 88' lang='lat' dir='ltr'>huius</span> <span class='ocrx_word' id='word_1_251' title='bbox 1783 3105 2124 3171; x_wconf 90' lang='lat' dir='ltr'>deditionis</span> <span class='ocrx_word' id='word_1_252' title='bbox 2182 3106 2323 3190; x_wconf 88' lang='lat' dir='ltr'>ipse</span> 
     </span>
     <span class='ocr_line' id='line_1_33' title="bbox 325 3191 2321 3280; baseline -0.001 -19"><span class='ocrx_word' id='word_1_253' title='bbox 325 3195 715 3279; x_wconf 88' lang='lat' dir='ltr'>Postumius,</span> <span class='ocrx_word' id='word_1_254' title='bbox 764 3196 873 3280; x_wconf 90' lang='lat' dir='ltr'>qui</span> <span class='ocrx_word' id='word_1_255' title='bbox 915 3195 1281 3278; x_wconf 88' lang='lat' dir='ltr'>dedebatur,</span> <span class='ocrx_word' id='word_1_256' title='bbox 1322 3217 1547 3259; x_wconf 88' lang='lat' dir='ltr'>suasor</span> <span class='ocrx_word' id='word_1_257' title='bbox 1583 3198 1648 3259; x_wconf 89' lang='lat' dir='ltr'>et</span> <span class='ocrx_word' id='word_1_258' title='bbox 1685 3198 1908 3259; x_wconf 89' lang='lat' dir='ltr'>auctor</span> <span class='ocrx_word' id='word_1_259' title='bbox 1942 3193 2085 3258; x_wconf 80' lang='lat' dir='ltr'>fuit.</span> <span class='ocrx_word' id='word_1_260' title='bbox 2140 3191 2321 3269; x_wconf 87' lang='lat' dir='ltr'>Quod</span> 
     </span>
     <span class='ocr_line' id='line_1_34' title="bbox 327 3280 2322 3369; baseline -0.001 -22"><span class='ocrx_word' id='word_1_261' title='bbox 327 3282 495 3349; x_wconf 90' lang='lat' dir='ltr'>idem</span> <span class='ocrx_word' id='word_1_262' title='bbox 540 3283 766 3349; x_wconf 89' lang='lat' dir='ltr'>multis</span> <span class='ocrx_word' id='word_1_263' title='bbox 812 3284 996 3349; x_wconf 88' lang='lat' dir='ltr'>annis</span> <span class='ocrx_word' id='word_1_264' title='bbox 1042 3287 1194 3369; x_wconf 89' lang='lat' dir='ltr'>post</span> <span class='ocrx_word' id='word_1_265' title='bbox 1238 3282 1307 3349; x_wconf 81' lang='lat' dir='ltr'>G.</span> <span class='ocrx_word' id='word_1_266' title='bbox 1349 3282 1700 3367; x_wconf 91' lang='lat' dir='ltr'>Mancinus,</span> <span class='ocrx_word' id='word_1_267' title='bbox 1748 3282 1883 3366; x_wconf 92' lang='lat' dir='ltr'>qui,</span> <span class='ocrx_word' id='word_1_268' title='bbox 1929 3285 2003 3346; x_wconf 90' lang='lat' dir='ltr'>ut</span> <span class='ocrx_word' id='word_1_269' title='bbox 2038 3280 2322 3346; x_wconf 91' lang='lat' dir='ltr'>Numan-</span> 
     </span>
    </p>

    <p class='ocr_par' dir='ltr' id='par_1_11' title="bbox 248 3369 2323 3631">
     <span class='ocr_line' id='line_1_35' title="bbox 248 3369 2322 3456; baseline -0.001 -19"><span class='ocrx_word' id='word_1_270' title='bbox 248 3389 298 3429; x_wconf 70' lang='grc'>35</span> <span class='ocrx_word' id='word_1_271' title='bbox 325 3372 508 3456; x_wconf 82' lang='lat' dir='ltr'>tinis,</span> <span class='ocrx_word' id='word_1_272' title='bbox 570 3373 951 3456; x_wconf 90' lang='lat' dir='ltr'>quibuscum</span> <span class='ocrx_word' id='word_1_273' title='bbox 1006 3372 1143 3437; x_wconf 92' lang='lat' dir='ltr'>sine</span> <span class='ocrx_word' id='word_1_274' title='bbox 1197 3374 1457 3435; x_wconf 89' lang='lat' dir='ltr'>senatus</span> <span class='ocrx_word' id='word_1_275' title='bbox 1519 3371 1903 3436; x_wconf 89' lang='lat' dir='ltr'>auctoritate</span> <span class='ocrx_word' id='word_1_276' title='bbox 1956 3369 2180 3435; x_wconf 85' lang='lat' dir='ltr'>foedus</span> <span class='ocrx_word' id='word_1_277' title='bbox 2234 3369 2322 3435; x_wconf 88' lang='lat' dir='ltr'>fe-</span> 
     </span>
     <span class='ocr_line' id='line_1_36' title="bbox 326 3457 2323 3546; baseline 0 -21"><span class='ocrx_word' id='word_1_278' title='bbox 326 3463 519 3542; x_wconf 87' lang='lat' dir='ltr'>cerat,</span> <span class='ocrx_word' id='word_1_279' title='bbox 566 3459 919 3544; x_wconf 89' lang='lat' dir='ltr'>dederetur,</span> <span class='ocrx_word' id='word_1_280' title='bbox 964 3460 1369 3546; x_wconf 86' lang='lat' dir='ltr'>rogationem</span> <span class='ocrx_word' id='word_1_281' title='bbox 1416 3459 1622 3524; x_wconf 88' lang='lat' dir='ltr'>suasit</span> <span class='ocrx_word' id='word_1_282' title='bbox 1666 3480 1826 3543; x_wconf 88' lang='lat' dir='ltr'>eam,</span> <span class='ocrx_word' id='word_1_283' title='bbox 1874 3480 2066 3543; x_wconf 89' lang='lat' dir='ltr'>quam</span> <span class='ocrx_word' id='word_1_284' title='bbox 2102 3457 2171 3524; x_wconf 91' lang='lat' dir='ltr'>L.</span> <span class='ocrx_word' id='word_1_285' title='bbox 2203 3457 2323 3525; x_wconf 85' lang='lat' dir='ltr'>Fu-</span> 
     </span>
     <span class='ocr_line' id='line_1_37' title="bbox 328 3546 2321 3631; baseline 0.001 -19"><span class='ocrx_word' id='word_1_286' title='bbox 328 3549 477 3631; x_wconf 88' lang='lat' dir='ltr'>rius,</span> <span class='ocrx_word' id='word_1_287' title='bbox 542 3547 682 3614; x_wconf 83' lang='lat' dir='ltr'>Sex.</span> <span class='ocrx_word' id='word_1_288' title='bbox 730 3548 972 3613; x_wconf 90' lang='lat' dir='ltr'>Atilius</span> <span class='ocrx_word' id='word_1_289' title='bbox 1031 3570 1106 3613; x_wconf 83' lang='lat' dir='ltr'>ex</span> <span class='ocrx_word' id='word_1_290' title='bbox 1154 3551 1414 3613; x_wconf 88' lang='lat' dir='ltr'>senatus</span> <span class='ocrx_word' id='word_1_291' title='bbox 1469 3548 1762 3613; x_wconf 91' lang='lat' dir='ltr'>consulto</span> <span class='ocrx_word' id='word_1_292' title='bbox 1812 3546 2134 3630; x_wconf 82' lang='lat' dir='ltr'>ferebant3</span> <span class='ocrx_word' id='word_1_293' title='bbox 2199 3569 2321 3631; x_wconf 83' lang='lat' dir='ltr'>qua</span> 
     </span>
    </p>
   </div>
  </div>
 </body>
</html>
