2630 3913
847 233 1270 288 ADNOTATIO
1311 234 1504 290 CRITI
1511 232 1616 288 CA.
2017 230 2248 285 XXXIX

237 391 412 460 yliscit
455 392 677 460 Patrio„
734 392 916 448 Halm.
970 392 1308 462 ‘Beitraege’
1360 413 1413 462 p.
1464 401 1529 447 3ss
1555 411 1653 461 sq.,
1711 392 1854 447 Bait.
1901 423 1974 433 -
2018 392 2077 445 P.
2127 386 2245 442 323.

239 468 298 515 31
324 479 403 529 sq.
434 463 795 534 Aeqyptium,
833 482 984 531 acre;
1033 466 1286 531 alteriuS,
1323 465 1464 519 sicut
1501 465 1601 518 mel
1636 463 1705 516 H
1741 464 1997 530 mettium,
2032 461 2251 533 [dulce]

237 534 461 588 dicimus
489 533 765 601 Quicher.,
802 537 882 590 sic
917 537 1154 602 acidum,
1190 543 1253 589 ut
1289 541 1497 590 acetum
1525 536 1657 605 Aeq.
1739 533 1867 588 ahn.
1904 533 2245 601 ‘Beitraege'

237 623 287 672 p.
329 609 397 657 38
423 621 514 673 sq.,
561 605 786 672 melius,
833 607 898 658 ut
936 606 1156 675 opinor,
1198 604 1414 675 priores
1452 607 1531 660 sic
1566 606 1746 672 dulce,
1792 612 1855 659 ut
1891 622 1971 661 ac.
2009 606 2145 674 Aey.
2184 635 2249 641 -ω

237 675 296 729 Ρ.
337 680 455 729 324.
491 684 556 732 27
595 678 787 733 horum
824 694 1052 746 corpora
1085 683 1147 730 ut
1182 677 1331 741 viva,
1375 694 1426 731 v.
1468 683 1535 731 28
1575 676 1843 730 artissime
1877 676 2141 742 BernayS.
2181 674 2251 727 de

237 745 445 813 dialog.
476 746 640 802 Arist.
680 766 733 816 p.
770 754 885 802 144.
928 780 993 786 —-
1030 746 1090 801 P.
1124 753 1241 802 325.
1275 754 1341 801 18
1378 749 1521 817 quod
1556 751 1816 801 scutimus
1851 746 2085 815 August.
2125 745 2248 799 edd.

240 848 305 856 —
336 815 415 870 Ib.
455 823 513 870 et
542 820 614 885 si,
655 836 706 872 v.
737 824 804 872 26
833 819 1250 886 implicaverint,
1288 835 1341 872 v.
1373 824 1439 871 29
1476 819 1774 886 repetendo,
1812 835 1864 871 v.
1901 824 1963 871 31
2007 818 2249 881 artubus,

237 904 289 941 V.
329 893 396 941 32
436 891 726 955 paululum
772 888 866 957 (ad
904 907 955 958 p.
998 895 1112 942 143.
1155 892 1211 955 4)
1251 887 1443 942 Claud.
1490 889 1651 943 Taur.
1693 920 1757 927 —
1796 888 1856 942 P.
1896 895 2108 943 326.‘n.
2153 894 2251 941 103

239 957 366 1012 add.
405 957 626 1014 Usener.
665 976 804 1014 muS.
843 959 1021 1014 Rhen.
1060 958 1294 1011 XXVIII
1331 978 1383 1028 p.
1416 965 1533 1012 391.
1593 957 1754 1021 Quod
1790 959 2081 1028 praeterea
2115 958 2254 1012 Hor-

239 1028 422 1082 tensio
469 1029 780 1083 vindicavit
824 1030 985 1098 frgm.
1034 1028 1206 1082 Devit
1252 1028 1524 1083 ‘Sentent
1572 1028 1645 1080 M.
1694 1029 1912 1082 Terent.
1961 1029 2249 1083 Varronis’

239 1101 432 1154 Patav.
476 1104 612 1153 1843
645 1121 698 1170 p.
738 1108 824 1168 81,
862 1101 1119 1154 Vincent.
1158 1099 1373 1154 Bellov.
1415 1099 1572 1169 Spec.
1622 1099 1857 1152 doctrin.
1897 1099 1974 1153 IV
2014 1107 2079 1154 13
2123 1102 2255 1169 (non

238 1169 290 1220 V
330 1177 393 1223 12
444 1169 505 1222 in
550 1170 724 1224 tribus
769 1170 839 1224 iis
879 1171 1021 1238 edd„
1071 1188 1208 1238 quas
1254 1170 1494 1237 inspexi)
1532 1169 1591 1224 Τ.
1631 1169 1684 1221 Π
1721 1189 1774 1238 p.
1814 1177 1916 1224 309
1956 1171 2041 1225 ed.
2080 1169 2252 1224 Duae.

239 1257 286 1294 a.
321 1247 459 1295 1624
503 1241 713 1296 Tullius
746 1243 811 1296 in
847 1244 1064 1311 dialoyo
1102 1243 1175 1295 ad
1202 1242 1585 1295 Hortensium:
1624 1239 1801 1294 Nulla
1837 1242 2050 1309 quidem
2083 1243 2257 1296 virtus

238 1329 346 1366 esse
372 1318 569 1381 potest,
606 1313 717 1366 uisi
750 1316 999 1383 yratuita
1033 1315 1106 1366 sit
1113 1334 1134 1379 ;
1182 1329 1313 1366 uam
1350 1329 1486 1380 quac
1521 1312 1795 1378 voluptate
1830 1314 1992 1380 quasi
2026 1314 2258 1366 mercede

240 1384 429 1452 aliqua
457 1384 532 1436 ad
564 1384 803 1449 officium
838 1384 1155 1452 impellitur,
1194 1399 1307 1437 uon
1334 1389 1411 1436 est
1436 1383 1629 1448 virtus,
1665 1383 1758 1435 sed
1783 1383 1965 1448 fallax
1991 1384 2257 1451 quaedam

239 1454 468 1508 mutatio
507 1455 791 1519 (mutuatio
805 1457 850 1520 ?)
888 1472 955 1508 ac
988 1455 1264 1508 simulatio
1300 1453 1548 1520 virtutis,
1592 1451 1873 1520 ‘dialogus
1912 1452 1984 1505 ad
2020 1453 2258 1506 Horten-

241 1523 404 1577 sium’
439 1538 553 1576 non
590 1524 678 1576 est
709 1523 1098 1591 ‘Hortensius',
1137 1524 1236 1577 sed
1264 1522 1626 1588 Academica,
1665 1540 1717 1577 V.
1747 1522 1952 1578 Baiter.
1989 1541 2043 1593 p.
2074 1529 2159 1578 56.
2190 1554 2256 1562 —

240 1596 296 1649 P.
328 1601 449 1649 330.
481 1601 512 1647 3
544 1611 578 1648 a
607 1597 906 1665 coqu-itione
934 1593 1041 1663 Or„
1071 1595 1216 1649 Bait.
1254 1627 1312 1633 —-
1345 1594 1405 1649 P.
1438 1600 1556 1648 332.
1589 1600 1747 1661 20sq.
1779 1611 1991 1648 aeream
2020 1597 2260 1649 leaenam

242 1664 541 1734 Spengelio
581 1667 805 1718 auctore
839 1665 1006 1719 Orell.
1047 1667 1105 1718 et
1140 1664 1283 1719 Bait.
1322 1664 1447 1719 fals.
1491 1696 1555 1704 -—
1592 1662 1637 1716 P
1686 1670 1805 1719 334.
1838 1672 1867 1719 7
1899 1667 2192 1734 praefatus
2230 1682 2259 1718 e

241 1737 360 1791 cod.
390 1737 722 1791 Emmerano
741 1735 921 1790 Halm.
947 1735 1284 1804 ‘Beitraege’
1315 1755 1369 1805 p.
1400 1741 1485 1802 32,
1505 1737 1766 1804 profatus
1795 1735 1918 1790 edd.
1950 1767 2017 1776 —-
2045 1734 2108 1791 P.
2139 1742 2256 1792 334.

244 1814 305 1860 11
337 1813 494 1861 tenet
523 1805 691 1859 scribi
721 1808 1017 1875 oporteret,
1057 1806 1105 1860 si
1135 1807 1418 1860 constaret
1453 1805 1626 1859 verba
1651 1822 1764 1859 non
1791 1806 2050 1875 pendere.
2085 1838 2150 1846 —
2178 1807 2252 1860 Ib.

240 1877 496 1933 acHalm.
520 1875 555 1929 1.
578 1876 615 1931 1.
639 1893 707 1929 ex
727 1878 922 1930 eodem
943 1878 1081 1944 cod.,
1103 1877 1268 1943 Bait,
1289 1882 1389 1931 aut
1407 1875 1557 1945 vulg.
1580 1908 1647 1916 —
1667 1875 1725 1931 P.
1744 1884 1864 1931 334.
1885 1877 2141 1932 19Halm.
2163 1877 2199 1932 1.
2220 1877 2257 1932 1.

240 1969 289 2019 p.
323 1955 390 2003 33
421 1966 451 2002 e
491 1947 612 2002 cod.
642 1946 838 2015 Emm,
875 1967 1037 2019 quam
1055 1950 1298 2018 primum
1334 1949 1475 2002 mori
1509 1953 1559 2002 et
1596 1953 1870 2017 tamquam
1906 1966 1974 2003 ex
2008 1950 2262 2005 incendio

241 2023 470 2092 effuqere
514 2020 829 2073 violentiam
872 2023 1126 2086 fortuuae
1170 2018 1321 2087 vulg.
1371 2021 1428 2072 et
1474 2018 1555 2072 sic
1592 2018 1736 2073 Bait.
1786 2018 1893 2073 del.
1932 2021 2258 2075 violentiam.

245 2123 307 2131 —
345 2092 405 2145 P.
448 2095 568 2143 335.
610 2097 676 2143 27
714 2092 1040 2159 Amphionis
1075 2089 1219 2156 Alci,
1269 2089 1455 2156 Orell.,
1504 2089 1596 2144 all.
1638 2121 1703 2127 —
1742 2089 1802 2144 P.
1843 2096 1962 2145 337.
2004 2098 2035 2144 6
2076 2091 2263 2145 Gallos

244 2161 385 2228 edd,
428 2160 590 2227 Gajos
627 2160 816 2226 codd.;
856 2178 905 2215 V.
947 2160 1017 2214 acl
1053 2180 1107 2230 p.
1150 2166 1266 2214 148.
1298 2167 1381 2214 34.
1423 2191 1484 2199 --
1527 2159 1584 2215 P.
1626 2167 1743 2214 337.
1776 2166 1842 2214 36
1881 2161 1985 2230 frg.
2029 2168 2091 2216 17
2132 2161 2259 2215 add.

240 2232 418 2285 Halm.
465 2231 804 2299 ‘Beitraege’
853 2250 907 2301 p.
948 2237 1039 2296 343
1089 2232 1187 2284 sed
1226 2230 1437 2283 Seneca
1482 2230 1551 2284 de
1598 2233 1777 2298 tranq.
1826 2247 1913 2286 an.
1956 2237 2037 2285 11.
2078 2239 2112 2284 4
2150 2247 2261 2284 non

243 2301 654 2356 Consolationis
699 2302 909 2369 locum,
958 2302 1055 2355 sed
1101 2318 1201 2370 pro
1242 2300 1360 2354 Mil.
1402 2306 1486 2353 34.
1527 2307 1592 2353 92
1642 2300 1976 2369 expressisse
2022 2301 2259 2355 videtur.

245 2406 306 2413 -—
345 2374 404 2427 P.
445 2378 565 2426 339.
606 2378 673 2425 27
712 2374 987 2442 psalteria
1019 2373 1137 2425 ΙΙΙ
1171 2370 1329 2424 nefas
1377 2370 1511 2423 (luxi
1546 2370 1667 2423 viro
1712 2370 1926 2438 optimo
1962 2370 2261 2425 Vincentio

243 2444 454 2514 eripere
502 2444 561 2496 et
606 2441 944 2496 substituere
994 2459 1119 2495 cum
1164 2440 1390 2494 Baitero
1435 2440 1619 2493 levem
1664 2439 1912 2508 aliquam
1949 2442 2260 2510 psaltriam.

247 2547 309 2553 —
345 2514 406 2569 P.
437 2519 538 2567 341
571 2514 726 2566 Inter
764 2512 1101 2582 ‘fragmenta
1135 2512 1408 2565 librorum
1446 2510 1863 2579 deperditorum
1897 2510 2261 2581 philosopho·

242 2586 383 2637 rum'
433 2583 657 2637 rettulit
690 2582 947 2637 Baiterus
990 2602 1046 2664 p.
1087 2590 1295 2637 77-83
1333 2600 1387 2637 n.
1425 2582 1529 2636 XV
1576 2581 1754 2636 ‘locos
1799 2581 2264 2652 philosophorum

244 2654 583 2709 Graecorum
620 2670 655 2706 a
685 2652 948 2707 Cicerone
986 2672 1045 2707 1n
1072 2653 1335 2707 Latinum
1364 2653 1714 2718 conversos’3
1753 2670 1892 2721 quos
1922 2653 2263 2707 omittendos

242 2725 440 2796 putavi
484 2741 600 2778 non
645 2727 787 2792 tam,
840 2724 990 2793 quod
1036 2741 1150 2777 non
1195 2726 1326 2778 sunt
1375 2723 1712 2792 ‘fragmenta
1756 2724 2024 2778 librorum
2071 2724 2266 2794 deper-

244 2797 509 2851 ditorum'
562 2798 711 2862 (nam
748 2794 998 2848 carmina
1032 2795 1356 2862 Homerica,
1404 2794 1718 2861 Aeschylea
1763 2797 1867 2848 cet.
1907 2812 2020 2849 non
2056 2795 2264 2849 rectius

243 2866 299 2920 in
337 2866 622 2921 Ciceronis
663 2865 992 2934 fragmentis
1038 2867 1436 2935 numerantur),
1486 2881 1652 2932 quam
1698 2865 1847 2933 quod
1893 2866 2011 2918 tam
2054 2881 2263 2935 paucos

243 2938 479 3007 seligere
514 2936 674 2990 nulla
708 2936 856 2989 ratio
895 2938 995 2990 est.
1035 2967 1100 2975 —
1139 2935 1200 2991 P.
1243 2943 1361 2989 344.
1403 2942 1472 2989 24
1508 2938 1684 2990 stasiri
1719 2936 1925 3005 Haupt.
1967 2953 2053 3005 op.
2093 2936 2173 2989 ΙΙΙ
2209 2954 2247 3004 p

243 3015 360 3076 480,
409 3009 448 3078 †
491 3010 733 3076 sapasim
777 3006 978 3075 Halm,
1030 3009 1127 3076 qui
1170 3024 1291 3061 cum
1336 3009 1398 3060 irc
1446 3008 1690 3061 Pansam
1736 3006 1887 3074 vulg.
1928 3037 1994 3047 -
2041 3006 2102 3060 P.
2144 3010 2262 3060 345.

244 3086 309 3134 34
330 3098 410 3147 sq.
449 3095 502 3133 v.
541 3077 813 3132 Ritschel.
854 3093 940 3147 op.
982 3078 1057 3132 IV
1094 3096 1148 3147 p.
1187 3083 1306 3131 251.

381 3150 442 3204 P.
475 3155 579 3204 360
601 3166 720 3216 sqq.
758 3149 824 3201 In
853 3147 1013 3203 Groti
1042 3147 1444 3217 supplementis
1473 3147 1877 3201 Arateorum
1910 3162 2077 3214 quam
2104 3146 2265 3215 potui

242 3219 661 3274 accuratissime
700 3220 923 3273 secutus
953 3236 1074 3273 sum
1102 3219 1278 3288 ipsius
1320 3219 1711 3286 ‘syntagma
1738 3217 1943 3271 Arate
1959 3218 2171 3270 orum’
2215 3234 2263 3271 a.

245 3298 404 3357 160ος
434 3290 607 3344 reieci
626 3289 815 3359 igitur,
842 3292 899 3343 et
917 3305 1058 3358 quae
1082 3289 1313 3359 ‘passim
1335 3287 1703 3342 emendanda)
1728 3288 2062 3340 censuerunt
2078 3289 2266 3357 poste-

238 3362 412 3416 riores
442 3360 713 3428 editoreS‚
754 3363 811 3414 et
844 3376 984 3428 quae
1011 3359 1295 3414 tralaticio
1327 3375 1507 3412 errore
1538 3360 1935 3428 propagarunt,
1972 3357 2086 3411 nisi
2123 3374 2265 3426 quae

240 3432 361 3501 ipso
385 3431 583 3486 Grotio
604 3432 784 3485 invito
804 3433 1040 3500 peccata
1059 3430 1409 3496 videbantur,
1438 3429 1596 3482 velut
1613 3429 1819 3483 Phaen.
1841 3445 1893 3482 v.
1916 3435 1982 3483 32
2011 3430 2263 3496 nitidas,

238 3504 440 3572 Progn.
473 3520 524 3557 v.
557 3508 625 3556 25
655 3502 845 3570 Nosce,
873 3519 925 3557 v.
948 3509 1050 3555 227
1081 3519 1194 3556 ora.
1223 3499 1396 3554 Orelli
1426 3501 1484 3553 et
1511 3499 1720 3553 Baiteri
1753 3516 2072 3553 communes
2102 3516 2265 3566 quos-

238 3573 369 3626 dam
398 3589 610 3627 errores
640 3574 862 3642 (Progn.
895 3578 996 3626 202
1035 3574 1211 3640 varia,
1251 3577 1353 3624 246
1374 3586 1730 3639 purpuream,
1771 3576 1874 3623 336
1901 3571 1953 3624 si
1978 3572 2129 3638 friy.)
2166 3570 2265 3620 aut
