2630 3913
717 231 850 287 LIB.
889 232 931 285 Ι.
1006 231 1158 287 ΟΑΡ.
1197 238 1422 288 26-28,
1497 238 1527 297 §
1565 239 1794 288 90—97.
2169 231 2258 297 33

249 393 614 459 continetur
635 392 733 476 1(1,
748 392 918 476 quod
946 391 1072 459 dici
1097 392 1329 459 Latine
1357 394 1711 459 decorum
1739 397 1984 479 potest3
2013 392 2256 459 Graece

248 484 419 546 enim
455 477 710 565 πρέπον
748 480 996 545 dicitur.
1068 480 1278 546 Huius
1314 482 1415 547 vis
1453 504 1529 547 ea
1570 486 1688 566 est,
1734 485 1808 546 ut
1853 482 1935 546 ab
1981 482 2255 548 honesto

247 591 380 633 non
416 571 611 653 queat
647 569 962 654 separari3
1006 591 1157 634 nam
1194 573 1298 654 etr
1324 569 1495 654 quod
1532 569 1742 654 decet
1775 569 2120 635 honestum
2156 574 2280 661 est>
2292 584 2368 634 94

251 662 350 746 et,
381 656 552 741 quod
595 657 939 721 honestum
979 662 1107 741 est
1143 658 1349 742 decet3
1394 658 1605 742 qualis
1644 662 1861 723 autem
1898 620 2280 723 differentia

196 763 223 805 ⁵
253 709 350 810 sit
382 745 641 810 honesti
683 749 748 809 et
794 745 1022 831 decori,
1066 746 1324 811 facilius
1360 747 1658 832 intellegi
1694 769 1888 830 quam
1925 747 2258 832 explanari

249 836 485 918 potest.
548 831 863 917 Quicquid
892 838 991 899 est
1019 835 1190 899 enim
1176 834 1413 922 ,quod
1441 834 1679 919 deceat,
1705 834 1773 899 id
1800 839 1941 900 tum
1970 838 2259 936 apparet,

251 944 397 987 cum
453 925 830 1007 antegressa
886 926 986 986 est
1036 886 1362 988 honestas,
1452 922 1682 1007 Itaque
1738 945 1869 988 non
1924 925 2134 990 solum
2190 925 2259 988 in

251 1011 373 1075 hac
407 1014 593 1095 parte
630 1010 1022 1096 honestatis
1047 1010 1123 1074 (10
1163 1032 1290 1094 qua
1325 1011 1448 1076 hoc
1484 1012 1627 1077 1000
1666 1012 2103 1077 disserendum
2141 1017 2259 1096 est,

253 1098 366 1162 sed
410 1099 607 1162 etiam
652 1098 722 1162 in
765 1099 975 1163 tribus
1019 1099 1458 1183 superioribus
1503 1099 1657 1184 quid
1705 1100 1925 1166 deceat
1970 1105 2259 1187 apparet.

173 1207 224 1247 ιο
250 1185 425 1252 Nam
471 1190 538 1251 et
582 1187 831 1252 ratione
867 1188 966 1251 uti
1003 1191 1197 1271 atque
1235 1188 1526 1253 oratione
1562 1188 1909 1273 prudenter
1946 1192 2012 1253 et
2048 1210 2278 1274 ageres,

253 1274 425 1359 quod
480 1296 680 1361 agas„
718 1276 1141 1357 considerate,
1171 1275 1473 1359 omnique
1527 1276 1597 1340 in
1649 1297 1718 1340 re
1774 1234 1926 1359 quid
1982 1277 2070 1340 sit
2123 1278 2260 1341 veri

251 1363 468 1429 videre
515 1369 580 1428 et
624 1365 793 1428 tueri
839 1364 1037 1448 decet3
1083 1368 1433 1449 contraque
1474 1364 1637 1448 falli,
1682 1386 1913 1447 errare,
1957 1364 2112 1447 labi,
2159 1364 2262 1429 de·

251 1452 381 1536 cipi
416 1455 555 1516 tam
600 1451 861 1517 dedecet
897 1474 1090 1537 quam
1128 1452 1402 1518 delirare
1440 1456 1506 1516 et
1543 1456 1757 1517 mente
1794 1474 1933 1517 esse
1970 1456 2260 1554 captum3

252 1544 320 1605 et
364 1540 539 1605 iusta
584 1540 800 1605 omnia
846 1540 1076 1606 decora
1121 1545 1289 1624 sunt,
1334 1540 1578 1606 iniusta
1622 1545 1884 1642 contras
1911 1545 1985 1606 ut
2024 1541 2276 1626 turpias

176 1647 226 1688 ιε
254 1629 348 1694 310
381 1628 698 1694 indecora.
771 1626 1015 1694 Similis
1054 1632 1154 1693 est
1189 1630 1358 1694 ratio
1394 1629 1813 1694 fortitudinis.
1878 1627 2061 1704 Quod
2090 1630 2261 1694 enim

252 1716 530 1781 viriliter
577 1717 918 1801 animoque
964 1739 1201 1802 magno
1248 1719 1342 1800 fit,
1385 1717 1453 1781 id
1499 1718 1764 1804 dignum
1801 1718 1940 1782 viro
1978 1722 2044 1782 et
2082 1718 2261 1783 deco-

253 1828 399 1870 rum
442 1804 715 1888 videtur3
761 1805 932 1890 quod
977 1810 1220 1890 contra,
1263 1806 1331 1870 id
1376 1811 1449 1870 ut
1493 1811 1712 1895 turpe
1745 1806 1837 1871 sic
1871 1806 2258 1872 indecorum.

254 1893 466 1970 Quare
493 1894 774 1979 pertinet
802 1893 1059 1979 quidem
1087 1894 1168 1960 ad
1197 1916 1452 1960 omnem
1478 1857 1883 1961 honestatem
1911 1895 2064 1984 11001
2090 1895 2255 1981 quod
2297 1908 2366 1959 95

253 1983 429 2069 dicu,
462 1983 788 2067 decorum,
835 1988 900 2047 et
944 1984 1039 2048 ita
1082 1984 1410 2069 pertinet
1441 1988 1516 2049 ut
1559 2005 1691 2049 non
1734 1985 2064 2049 recondita
2110 2006 2254 2068 qua-

174 2090 226 2131 20
255 2071 405 2136 dam
450 2070 701 2136 ratione
747 2075 1076 2156 cernatur
1109 2071 1220 2136 sed
1266 2072 1354 2136 sit
1396 2072 1468 2137 in
1511 2077 1835 2156 promptu.
1920 2072 2044 2136 Est
2089 2073 2259 2137 enim

255 2159 578 2245 quiddam,
623 2158 814 2244 idque
859 2160 1264 2246 intellegitur
1307 2161 1377 2224 in
1423 2161 1598 2224 omni
1634 2160 1893 2243 virtute,
1940 2160 2109 2244 quod
2155 2160 2259 2224 de—

254 2251 425 2331 ceat3
480 2247 650 2332 quod
703 2248 1097 2334 cogitatione
1151 2249 1362 2334 magis
1419 2271 1458 2312 a
1502 2248 1743 2312 virtute
1796 2252 2016 2334 potest
2065 2271 2260 2331 quam

252 2359 322 2401 re
371 2337 675 2437 separari.
762 2336 857 2402 Ut
899 2340 1203 2402 venustas
1250 2340 1317 2400 et
1368 2335 1781 2421 pulchritudo
1833 2335 2119 2419 corporis
2168 2357 2260 2400 se·

254 2425 432 2490 cerni
475 2447 606 2489 non
651 2428 868 2509 potest
915 2448 954 2488 a
997 2360 1411 2506 valetudinep
1438 2424 1530 2489 sic
1575 2424 1727 2512 hoc
1760 2423 1838 2488 de
1885 2445 2011 2507 quo
2057 2424 2260 2507 loqui-

170 2531 225 2571 25
255 2536 443 2597 111111]
491 2513 790 2578 decorum
844 2517 1056 2578 totum
1108 2513 1272 2577 illud
1328 2512 1585 2597 quidem
1649 2515 1749 2576 est
1810 2533 1955 2577 cum
2018 2511 2259 2577 virtute

255 2601 613 2686 confusum,
659 2602 770 2667 sed
816 2605 1029 2666 mente
1076 2605 1143 2665 et
1186 2601 1580 2687 cogitatione
1628 2600 2066 2686 distinguitur.
2137 2599 2261 2666 Est
2296 2614 2370 2665 96

256 2694 476 2755 autem
523 2691 657 2755 eius
706 2690 1039 2774 discriptio
1088 2689 1349 2775 duplex3
1402 2712 1554 2754 nam
1609 2693 1674 2754 et
1720 2690 2019 2775 generale
2065 2689 2262 2774 quod·

257 2780 406 2843 dam
463 2778 762 2844 decorum
814 2778 1280 2863 intellegimus,
1345 2778 1517 2861 quod
1570 2777 1638 2841 in
1693 2778 1868 2842 omni
1921 2778 2263 2844 honestate

256 2871 578 2950 versatur,
635 2871 702 2932 et
756 2866 932 2932 aliud
986 2866 1135 2931 huic
1191 2866 1574 2949 subiectum,
1630 2865 1800 2950 quod
1852 2867 2135 2951 pertinet
2181 2866 2262 2931 ad

174 2969 229 3010 ³⁰
257 2956 550 3041 singulas
603 2960 823 3040 partes
878 2955 1259 3019 honestatis.
1350 2954 1567 3039 Atque
1621 2954 1784 3019 illud
1831 2956 2123 3038 superius
2171 2955 2262 3019 sic

254 3043 391 3108 fere
447 3044 695 3108 definiri
751 3044 942 3109 solet:
1009 3043 1361 3108 decorum
1413 3043 1481 3107 id
1541 3064 1705 3126 esse,
1770 3044 1941 3126 quod
2004 3064 2263 3108 consen·

254 3137 520 3199 taneum
565 3132 653 3197 sit
696 3131 976 3196 hominis
1023 3131 1436 3196 excellentiae
1480 3132 1551 3196 in
1595 3153 1669 3195 eo
1669 3177 1722 3211 ,κ
1742 3130 1811 3194 111
1856 3152 1981 3213 quo
2027 3135 2264 3195 natura

257 3221 391 3285 eius
431 3244 470 3284 a
507 3221 772 3305 reliquis
811 3220 1249 3285 animantibus
1287 3220 1561 3284 differat.
1633 3217 1809 3294 Quae
1848 3223 2065 3283 autem
2110 3240 2261 3303 pars

257 3310 546 3374 subiecta
594 3309 814 3393 generi
860 3313 978 3391 est,
1025 3330 1166 3373 eam
1213 3308 1304 3373 sic
1351 3308 1687 3389 definiunt,
1732 3310 1807 3371 ut
1850 3306 1917 3371 id
1964 3306 2263 3373 decorum

172 3410 229 3451 ³5
256 3397 462 3462 velint
508 3419 665 3479 esse,
710 3397 882 3482 quod
925 3397 1021 3461 ita
1062 3400 1333 3460 naturae
1380 3399 1880 3461 consentaneum
1928 3396 2053 3478 Sissr
2076 3399 2151 3460 ut
2194 3395 2260 3460 in

255 3507 332 3550 00
371 3486 727 3551 moderatio
766 3489 831 3550 et
866 3485 1298 3571 temperantia
1336 3488 1646 3569 appareat
1683 3505 1827 3548 cum
1867 3484 2074 3569 specie
2111 3506 2261 3567 qua·
2280 3529 2365 3593 28

257 3572 408 3637 dam
452 3574 725 3638 liberali.
796 3572 975 3639 Haec
1018 3573 1115 3638 ita
1163 3573 1459 3657 intellegi
1503 3594 1844 3657 possumus
1892 3573 2260 3638 existimare
2298 3608 2365 3655 97

365 3685 475 3727 010.
502 3687 583 3728 tv.
612 3688 652 3727 ³.
1910 3683 1942 3731 3
