2630 3913
317 180 447 243 298
1101 179 1550 234 FRAGMENTA

320 363 592 424 quorum
650 342 863 426 erupit
915 341 1031 406 illa
1085 363 1237 425 vox,
1302 341 1380 405 de
1436 363 1563 425 qua
1617 364 1738 428 ego
1795 364 1870 406 ex
1925 347 1990 407 te
2046 343 2326 428 primum

321 430 624 514 quiddam
670 430 1087 494 inaudieram.

810 583 910 639 AD
949 583 1258 638 EUNDEM
1294 584 1512 641 EPIST.
1550 585 1684 641 LIB.
1721 587 1819 641 111.

451 694 509 759 3.
565 694 728 758 Nou.
770 714 839 776 Ρ.
884 698 988 759 92.
1033 698 1118 758 21
1175 692 1379 760 OEcero
1430 732 1506 741 —
1562 697 1649 760 ad
1689 695 1966 761 Pansam
2022 695 2122 760 lib.
2166 695 2326 761 III:

319 803 437 847 nos
483 780 891 845 Ventidianis
938 782 1303 847 rumoribus
1351 783 1719 847 ealfieimur.
2388 804 2415 843 5

715 936 812 992 AD
850 936 1159 991 EUNDEM
1195 936 1293 991 EX
1330 936 1545 993 LIBRO
1584 937 1916 995 INCERTO.

450 1048 510 1111 4.
567 1046 845 1112 Gramm.
899 1048 1016 1112 inc.
1069 1048 1142 1111 de
1197 1048 1333 1111 dub.
1386 1068 1546 1111 uom.
1597 1048 1666 1111 T.
1724 1047 1786 1111 V
1806 1069 1873 1129 Ρ.
1919 1052 2067 1114 572.
2108 1054 2196 1113 17
2238 1050 2327 1112 K.

318 1134 606 1201 Barones
652 1137 1002 1218 dicendum,
1048 1136 1205 1200 sieut
1249 1134 1455 1201 Cicero
1499 1137 1585 1200 ad
1626 1135 1920 1201 Pansam.

601 1439 735 1498 VII.
801 1440 912 1498 AD
958 1440 1029 1498 A.
1075 1440 1422 1499 HIRTIUM
1469 1441 1710 1503 EPIST.
1757 1442 1909 1503 LIB.
1953 1440 2030 1501 ΙΙ.

454 1579 510 1641 1.
547 1577 793 1642 Nouius
815 1597 883 1657 Ρ.
914 1580 1062 1640 204.
1098 1580 1180 1639 14
1216 1576 1311 1641 M.
1353 1576 1594 1642 Tullius
1629 1579 1716 1643 ad
1746 1578 2033 1642 Hirtium
2071 1577 2169 1641 lib.
2206 1577 2324 1642 II:
2358 1599 2414 1637 ιο

318 1663 460 1740 Qua
504 1664 573 1728 in
616 1685 687 1728 re
733 1664 790 1727 si
836 1664 1244 1728 mediocriter
1288 1664 1510 1748 lapsus
1557 1687 1718 1750 sum,
1765 1665 2063 1731 defendes
2109 1687 2324 1732 meum

321 1752 663 1819 tolerabile
711 1756 1012 1816 erratum.

825 1907 922 1961 AD
961 1906 1270 1961 EUNDEM
1306 1906 1526 1964 EPIST.
1563 1907 1697 1965 LIB.
1735 1908 1801 1964 V.

450 2019 508 2082 2.
545 2017 708 2082 Nou.
733 2037 800 2099 Ρ.
837 2022 939 2082 37.
974 2021 1063 2082 24
1099 2018 1194 2082 M.
1236 2018 1480 2083 Tullius
1521 2055 1598 2064 —
1637 2021 1723 2084 ad
1753 2020 2042 2084 Hirtium
2089 2021 2191 2084 lib.
2240 2020 2321 2084 V.-

318 2111 384 2171 et
429 2106 782 2188 quoniam‚·
812 2108 887 2169 ut
930 2105 1055 2170 hoe
1099 2109 1354 2191 tempus
1403 2109 1529 2190 est,
1572 2107 1734 2170 nihil
1781 2108 2015 2191 habeo,
2070 2109 2316 2193 patriae
2345 2124 2398 2164 15

319 2195 489 2279 quod
532 2194 917 2279 impertiam.

795 2349 894 2404 AD
933 2349 1243 2404 EUNDEM
1279 2350 1499 2405 EPIST.
1537 2349 1672 2403 LIB.
1709 2350 1828 2405 VII.

450 2459 508 2524 3.
547 2459 709 2524 Nori.
736 2480 803 2541 Ρ.
839 2463 985 2523 437.
1020 2464 1109 2525 29
1144 2460 1239 2522 M.
1280 2459 1526 2524 Tullius
1565 2461 1652 2525 ad
1683 2460 1971 2525 Hirtium
2017 2460 2115 2525 lib.
2156 2460 2324 2524 VII:

317 2546 479 2612 Cum
528 2547 698 2611 enim
736 2547 1047 2611 nobilitas
1092 2547 1258 2611 nihil
1306 2548 1482 2611 aliud
1528 2547 1615 2611 sit
1661 2569 1854 2631 quam
1900 2548 2163 2634 cognita
2200 2548 2325 2612 vir·

315 2639 421 2699 tus
432 2685 449 2717 ‚
498 2635 641 2718 quis
684 2634 754 2698 in
800 2657 894 2717 eo,
942 2656 1129 2719 quem
1175 2637 1755 2700 inveterascentem
1798 2636 2016 2701 videat
2060 2637 2144 2702 ad
2187 2637 2325 2722 glo·
2357 2655 2417 2694 2⁰

316 2723 508 2806 riam,
555 2722 810 2808 generis
858 2722 1318 2806 antiquitatem
1364 2723 1725 2788 desideret?

814 2879 912 2932 AD
952 2877 1262 2932 EUNDEM
1298 2878 1516 2934 EPIST.
1555 2878 1688 2935 LIB.
1729 2880 1820 2935 IX.

446 2989 506 3052 4.
535 2988 697 3053 Nou.
714 3009 782 3069 Ρ.
804 2990 943 3052 450.
963 2989 1122 3053 2Μ
1148 2989 1390 3054 Tullius
1425 3025 1495 3034 —
1531 2990 1916 3054 adHirtium
1946 2990 2044 3055 lib.
2075 2990 2327 3054 VIIII:

314 3077 491 3160 diois,
529 3076 715 3159 quasi
741 3076 909 3140 istuc
935 3076 1230 3139 intereat.
1284 3075 1541 3155 Nesei0‚
1576 3078 1704 3141 nisi
1740 3081 1960 3142 tamen
1997 3082 2136 3142 erat
2165 3078 2328 3142 mihi

274 3215 278 3218 -
313 3165 658 3231 iucundum
676 3163 723 3246 †
749 3164 1059 3229 severitus
1087 3187 1168 3228 ne
1193 3165 1301 3248 qui
1337 3187 1556 3230 casum
1583 3167 1928 3250 perimeret
1956 3165 2326 3251 superioria
2364 3184 2423 3226 25

707 3320 805 3374 AD
846 3319 1155 3375 EUNDEM
1191 3320 1291 3374 EX
1326 3320 1543 3376 LIBRO
1582 3320 1916 3376 INCERTO.

446 3427 505 3490 5.
553 3427 714 3492 Nou.
749 3450 817 3509 Ρ.
864 3434 1011 3495 212.
1057 3434 1139 3494 14
1191 3428 1469 3494 ‘Lutum'
1508 3451 1722 3512 yeuere
1764 3436 2009 3508 ueutr0,·
2054 3436 2114 3496 et
2154 3433 2330 3514 apud

314 3509 656 3577 Ciceronem
716 3517 786 3578 in
854 3518 1130 3597 epistulis
1190 3519 1276 3581 ad
1336 3519 1626 3583 Hirtium
1691 3520 1905 3583 lectum
1961 3525 2049 3585 est
2086 3519 2337 3601 plurali
