2630 3913
886 200 1036 257 CAP.
1079 208 1302 260 17-19.
1371 208 1402 268 s
1441 209 1666 257 64—70.
2149 202 2275 265 185

398 361 643 426 Existit
689 367 904 427 autem
949 363 1072 428 hoc
1118 364 1260 428 loco
1313 363 1631 448 quaedam
1686 365 1979 447 quaestio
2036 364 2273 428 subdif·
2301 336 2377 461 ¹32

267 451 473 534 ficilis,
517 471 673 514 num
721 451 974 534 quando
1023 452 1213 517 amici
1257 452 1429 535 novi,
1476 451 1654 538 digni
1698 453 2002 537 amicitia,
2046 454 2274 517 veteri-

266 541 386 604 bus
435 539 568 603 sint
614 539 1070 624 anteponendi,
1125 545 1200 604 ut
1256 540 1438 624 equis
1494 539 1728 605 vetulis
1788 545 2042 606 teneros
2100 545 2273 605 ante-

264 649 502 713 ponere
549 627 849 692 solemus.
910 626 1187 714 Indigna
1224 628 1487 693 homine
1525 629 1870 694 dubitatio!
1918 628 2068 693 Non
2105 630 2272 693 enim

215 736 240 777 ⁵
268 716 504 780 debent
549 736 689 780 esse
736 715 1168 781 amicitiarum
1215 717 1384 782 sicut
1429 717 1705 782 aliarum
1756 739 1970 782 rerum
2017 718 2275 781 satieta-

264 807 398 888 tes3
441 804 789 868 veterrima
835 825 1150 888 quaeque,
1204 809 1279 869 ut
1326 825 1403 868 ea
1447 805 1626 889 vina,
1672 827 1835 889 quae
1882 809 2274 870 vetustatem

264 892 508 976 ferunt,
573 913 712 956 esse
778 892 967 956 debet
1031 892 1442 975 suavissima3
1519 914 1866 976 verumque
1929 894 2091 958 illud
2156 897 2273 975 est,

266 981 437 1065 quod
483 979 733 1063 dicitur,
777 981 1020 1046 multos
1067 980 1315 1045 modios
1364 981 1520 1045 salis
1568 981 1761 1045 simul
1800 981 2077 1047 edendos
2116 1003 2274 1064 esse,

265 1073 340 1133 ut
385 1068 709 1134 amicitiae
756 1090 988 1133 munus
1035 1071 1361 1152 expletum
1410 1070 1513 1133 sit.
1577 1068 1924 1134 Novitates
1962 1074 2179 1134 autem
2219 1071 2273 1133 si
2314 1089 2377 1140 σε

190 1178 239 1216 ιο
268 1178 448 1242 spem
496 1156 820 1240 adferunt,
871 1162 944 1221 ut
988 1161 1324 1241 tamquam
1370 1157 1438 1221 in
1481 1157 1703 1221 herbis
1750 1179 1882 1223 non
1930 1157 2273 1223 fallacibus

265 1245 513 1311 fructus
562 1249 899 1329 appareat,
945 1266 1076 1310 non
1123 1250 1273 1309 sunt
1319 1245 1473 1310 illae
1521 1245 1777 1329 quidem
1823 1246 2274 1330 repudiandae,

267 1337 558 1398 vetustas
621 1338 841 1397 tamen
906 1355 1022 1398 suo
1087 1334 1230 1399 loco
1293 1334 1757 1416 conservanda3
1831 1335 2113 1398 maxima
2176 1338 2277 1398 est

270 1422 442 1489 enim
487 1422 585 1486 vis
631 1422 979 1486 vetustatis
1027 1426 1093 1485 et
1133 1422 1634 1487 consuetudinis.
1708 1421 1876 1497 Quin
1911 1423 2054 1506 ipso
2093 1443 2276 1505 equ0,

269 1510 448 1575 cuius
511 1509 701 1574 modo
756 1510 879 1575 feci
945 1510 1367 1594 mentionem,
1431 1511 1487 1574 si
1550 1511 1734 1574 nulla
1787 1532 1888 1574 res
1943 1510 2275 1594 impediat,

188 1616 239 1658 1⁵
266 1620 455 1663 nemo
511 1602 637 1681 est,
702 1599 859 1681 quin
914 1620 1015 1681 eo,
1080 1620 1207 1681 quo
1254 1599 1615 1683 consuevit,
1680 1598 1988 1663 libentius
2053 1602 2276 1663 utatur

268 1709 462 1771 quam
506 1686 860 1751 intractato
909 1690 974 1751 et
1009 1708 1196 1752 novo.
1266 1685 1403 1752 Nec
1449 1708 1601 1751 vero
1656 1687 1726 1751 in
1778 1687 1929 1770 hoc,
1969 1687 2140 1771 quod
2178 1692 2278 1751 est

267 1775 527 1857 animal,
574 1774 687 1839 sed
730 1775 800 1838 in
844 1775 924 1838 iis
973 1775 1188 1859 etiam,
1235 1796 1399 1859 quae
1446 1779 1598 1839 sunt
1642 1776 1958 1858 inanima,
2019 1796 2275 1840 consue·

265 1864 420 1929 tudo
477 1864 680 1945 valet,
743 1884 937 1946 quom
1004 1864 1158 1928 locis
1213 1864 1374 1949 ipsis
1433 1863 1850 1947 delectemur,
1915 1865 2276 1929 montuosis

267 1953 464 2018 etiam
529 1954 596 2017 et
658 1950 1093 2035 silvestribus,
1157 1952 1225 2016 in
1290 1952 1525 2036 quibus
1590 1952 1829 2018 diutius
1895 1953 2277 2019 commorati

186 2059 240 2099 *ο
268 2061 507 2105 sumus.

402 2126 525 2193 Sed
571 2129 922 2193 maximum
959 2133 1059 2194 est
1094 2131 1163 2193 in
1201 2130 1487 2193 amicitia
1529 2151 1753 2213 parem
1793 2151 1932 2194 esse
1968 2129 2276 2196 inferiori.
2316 2149 2381 2197 69

269 2215 475 2300 Saepe
531 2217 701 2281 enim
754 2216 1170 2282 excellentiae
1235 2217 1552 2301 quaedam
1617 2221 1794 2300 sunt,
1859 2219 2072 2300 qualis
2139 2224 2279 2283 erat

269 2302 587 2388 Scipionis
634 2304 701 2368 in
743 2309 998 2389 nostro,
1057 2308 1131 2369 ut
1175 2306 1271 2369 ita
1317 2305 1551 2387 dicam,
1599 2325 1812 2389 grege.
1904 2303 2277 2389 Numquam

268 2414 337 2458 se
383 2393 497 2457 ille
542 2392 758 2476 Philo,
802 2415 1156 2478 numquam
1211 2392 1503 2477 Rupilio,
1556 2413 1908 2475 numquam
1963 2392 2277 2458 Mummio

183 2500 238 2540 25
267 2481 659 2565 anteposuit,
693 2502 1048 2565 numquam
1084 2481 1409 2546 inferioris
1448 2480 1691 2545 ordinis
1730 2481 1972 2559 amicis,
2020 2479 2091 2555 Q.
2124 2503 2276 2547 vero

264 2569 620 2635 Maximum
664 2568 963 2652 fratrem,
1018 2570 1353 2671 egregium
1380 2569 1608 2634 ·virum
1655 2569 1944 2652 omnino,
2004 2569 2129 2634 sibi
2173 2591 2278 2634 ne-

268 2680 592 2742 quaquam
638 2679 890 2742 parem,
955 2659 1125 2742 quod
1178 2659 1234 2722 is
1292 2658 1585 2722 anteibat
1644 2662 1885 2741 aetate,
1944 2661 2279 2742 tamquam

267 2746 665 2831 superiorem
713 2746 969 2811 colebat
1015 2768 1294 2831 suosque
1343 2767 1564 2811 omnes
1611 2768 1727 2831 per
1772 2768 1841 2811 se
1886 2768 2078 2831 posse
2139 2769 2278 2811 esse

267 2834 615 2919 ampliores
664 2834 944 2899 volebat.
1011 2834 1195 2910 Quod
1230 2835 1594 2901 faciendum
1631 2834 2140 2936 imitandumque
2180 2839 2280 2899 est
2318 2852 2381 2901 το

182 2939 236 2979 ⁸⁰
265 2921 592 3006 omnibus,
647 2927 746 3005 ut,
803 2923 859 2986 si
907 2945 1100 3006 quam
1145 2924 1620 3008 praestantiam
1675 2923 1963 3005 virtutis,
2018 2923 2279 3007 ingenii,

262 3009 563 3076 fortunae
608 3011 935 3076 consecuti
984 3011 1139 3093 sint,
1204 3012 1560 3096 inpertiant
1615 3032 1692 3075 ea
1743 3011 1875 3074 suis
1931 3011 2279 3075 communi-

263 3102 535 3182 centque
582 3120 728 3164 cum
772 3098 1103 3184 proximis,
1150 3103 1241 3182 ut,
1291 3100 1347 3163 si
1391 3099 1770 3184 parentibus
1816 3099 1956 3163 nati
1998 3099 2129 3163 sint
2165 3098 2278 3163 hu-

264 3186 547 3270 milibus,
596 3187 653 3251 si
698 3188 1097 3272 propinquos
1143 3150 1430 3252 habeant
1475 3187 1875 3252 inbecilliore
1920 3186 2024 3251 vel
2063 3187 2278 3252 animo

263 3275 366 3339 vel
414 3274 706 3353 fortuna,
763 3296 985 3341 eorum
1043 3280 1326 3361 augeant
1382 3297 1537 3359 opes
1594 3276 1812 3358 eisque
1857 3275 2090 3340 honori
2147 3275 2281 3339 sint

184 3377 233 3419 ⁸⁵
263 3366 329 3427 et
377 3362 701 3448 dignitati.
791 3363 884 3428 Ut
939 3365 1006 3428 in
1052 3363 1233 3428 fabul
1263 3385 1320 3446 S,
1395 3364 1505 3446 qui
1562 3363 1958 3448 aliquamdiu
2013 3366 2281 3448 propter

259 3451 740 3538 ignorationem
787 3453 1011 3537 stirpis
1069 3457 1135 3516 et
1189 3452 1445 3538 generis
1502 3451 1570 3515 in
1623 3451 1944 3516 famulatu
1997 3450 2279 3536 fuerunt,

260 3560 405 3606 cum
455 3539 703 3626 cogniti
752 3543 904 3605 sunt
950 3544 1017 3604 et
1071 3543 1184 3605 aut
1240 3540 1504 3605 deorum
1562 3544 1674 3604 aut
1728 3560 1955 3626 regum
2009 3539 2128 3604 filii
2189 3540 2276 3603 in·
