2630 3913
815 204 949 261 ΜΒ.
987 206 1080 262 ΙΠ.
1145 206 1296 261 CAP.
1339 213 1388 275 6,
1427 212 1474 260 7.
1540 210 1571 270 ς
1606 212 1832 261 28-34.
2238 204 2323 268 99

317 368 538 433 inutili
575 367 656 432 ad
695 367 1072 451 sapientem,
1107 368 1376 451 bonum,
1410 367 1648 432 fortem
1685 368 1896 431 virum
1932 367 2325 434 transferan-

315 462 426 522 tur
461 477 566 521 res
605 456 687 520 ad
722 455 1066 520 vivendum
1101 458 1529 534 necessariae,
1568 456 1677 540 qui
1713 456 1770 519 si
1807 455 2127 539 occiderit,
2164 457 2324 519 mul-

317 549 460 610 tum
515 544 591 608 de
648 543 973 608 communi
1027 544 1313 608 utilitate
1360 545 1737 627 detraxerit,
1806 545 1994 609 modo
2048 544 2172 609 hoc
2229 544 2324 607 ita

317 633 544 716 faciat,
590 636 664 696 ut
707 654 788 696 ne
832 632 971 716 ipse
1019 632 1094 696 de
1132 655 1200 697 se
1246 634 1411 697 bene
1448 633 1826 697 existimans
1873 654 2137 716 seseque
2185 632 2323 695 dili-

265 739 293 780 ⁵
321 719 2056 894 §53510¹²ffigsstxss“235333532‘083531333ffl1332
2074 742 2326 889 εἰῗΡὲζ

323 920 516 983 quam
582 918 774 981 saepe
828 919 1288 981 commemoro,
1348 898 1668 962 humanae
1732 898 2046 963 societati.
2151 895 2325 961 Nam
2363 914 2429 962 32

323 986 494 1071 quod
523 985 605 1050 ad
630 985 965 1050 Phalarim
994 986 1257 1064 attinet,
1284 984 1591 1070 perfacile
1618 985 1922 1051 iudicium
1952 990 2069 1050 est.
2122 984 2326 1050 Nulla

322 1079 422 1140 est
460 1074 633 1138 enim
670 1073 945 1138 societas
982 1074 1172 1138 nobis
1209 1096 1355 1139 cum
1384 1074 1679 1157 tyrannis
1688 1124 1706 1157 ,
1735 1077 1799 1137 et
1826 1075 2044 1158 potius
2074 1096 2327 1138 summa

244 1182 295 1221 10
323 1162 659 1228 distractio
700 1166 828 1240 est,
864 1184 1071 1246 neque
1109 1166 1209 1227 est
1244 1165 1472 1226 contra
1505 1166 1808 1226 naturam
1845 1163 2126 1246 spoliare
2164 1184 2328 1244 eum,

322 1252 381 1316 si
424 1251 662 1336 possis,
709 1273 899 1335 quem
946 1254 1046 1315 est
1080 1251 1425 1315 honestum
1459 1272 1712 1328 necare,
1750 1254 1943 1333 atque
1978 1250 2101 1315 hoc
2140 1271 2326 1314 omne

325 1360 528 1426 genus
573 1339 952 1423 pestiferum
998 1343 1193 1423 atque
1233 1339 1508 1423 impium
1554 1360 1632 1402 ex
1675 1337 2011 1403 hominum
2049 1359 2327 1403 commu-

323 1428 531 1492 nitate
577 1427 1131 1492 exterminandum
1176 1430 1294 1491 est.
1367 1426 1645 1510 Etenim,
1690 1431 1766 1491 ut
1810 1426 2102 1490 membra
2139 1447 2326 1509 quae-

326 1517 475 1581 dam
537 1518 974 1601 amputantur,
1040 1516 1096 1580 si
1160 1520 1225 1580 et
1286 1516 1432 1600 ipsa
1497 1515 1806 1601 sanguine
1873 1519 1936 1579 et
1990 1518 2326 1597 tamquam

244 1621 298 1662 15
328 1604 563 1689 spiritu
615 1626 831 1669 carere
877 1608 1224 1688 coeperunt
1288 1609 1355 1667 et
1416 1607 1651 1669 nocent
1704 1604 1971 1687 reliquis
2030 1603 2326 1688 partibus

325 1693 638 1778 corporiS,
685 1693 777 1757 sic
821 1691 954 1757 ista
996 1692 1066 1757 in
1111 1693 1323 1779 figura
1365 1693 1647 1757 hominis
1683 1691 1909 1756 feritas
1957 1696 2024 1756 et
2056 1691 2328 1756 inmani-

323 1785 427 1847 tas
471 1781 700 1845 beluae
748 1803 786 1844 a
832 1781 1155 1846 communi
1207 1784 1541 1865 tamquam
1587 1780 2014 1845 humanitatis
2061 1800 2327 1865 corpore

325 1869 727 1955 segreganda
773 1872 888 1933 est.
977 1868 1187 1934 Huius
1244 1870 1496 1954 generis
1545 1869 1953 1951 quaestiones
2001 1872 2153 1933 sunt
2197 1889 2328 1933 om-

323 1981 437 2023 nes
484 1980 622 2042 eae,
668 1958 735 2022 in
783 1959 1015 2040 quibus
1063 1980 1139 2022 ex
1183 1962 1475 2044 tempore
1523 1958 1807 2024 officium
1853 1959 2227 2042 exquiritur.

244 2066 297 2105 so
455 2045 616 2111 Eius
673 2046 848 2110 modi
899 2046 1104 2133 igitur
1148 2047 1337 2111 credo
1392 2068 1494 2111 res
1539 2046 1921 2112 Panaetium
1966 2049 2328 2131 persecutu-
2365 2025 2433 2150 ΞΒ

324 2158 469 2199 rum
512 2135 744 2216 fuisse,
797 2134 924 2198 nisi
971 2135 1172 2219 aliqui
1227 2157 1414 2200 casus
1461 2140 1575 2199 aut
1621 2135 1956 2220 occupatio
2004 2136 2140 2199 eius
2185 2156 2328 2199 con-

327 2224 544 2288 silium
590 2223 990 2307 peremisset.
1070 2223 1175 2287 Ad
1220 2244 1382 2306 quas
1439 2223 1616 2306 ipsas
1672 2223 2180 2288 consultationes
2227 2243 2328 2286 su-

324 2311 686 2413 perioribus
724 2311 910 2375 libris
949 2311 1108 2376 satis
1146 2312 1356 2375 multa
1390 2315 1736 2395 praecepta
1771 2314 1942 2395 sunt,
1982 2333 2058 2375 ex
2098 2310 2329 2394 quibus

325 2400 605 2485 perspici
650 2400 885 2484 possit,
932 2400 1086 2483 quid
1131 2400 1218 2465 sit
1261 2402 1529 2484 propter
1574 2361 2039 2482 turpitudinem
2084 2397 2330 2482 fugien-

247 2505 300 2547 25
329 2488 506 2571 dum,
554 2487 707 2571 quid
753 2488 865 2571 sit,
912 2488 1083 2572 quod
1125 2488 1363 2553 idcirco
1409 2486 1785 2588 fugiendum
1830 2508 1962 2551 non
1999 2486 2112 2568 sit,
2159 2483 2331 2569 quod

328 2576 588 2642 omnino
634 2580 823 2661 turpe
876 2597 1007 2640 non
1061 2575 1165 2641 sit.
1255 2573 1381 2640 Sed
1427 2576 1731 2659 quoniam
1785 2575 1964 2658 operi
2005 2574 2331 2656 inchoato,

326 2686 527 2749 prope
572 2667 794 2729 tamen
830 2663 1132 2729 absoluto
1178 2668 1514 2765 tamquam
1558 2663 1898 2749 fastigium
1943 2660 2330 2747 inponimuS‚

327 2756 403 2817 ut
450 2755 817 2838 geometrae
864 2752 1076 2817 solent
1120 2774 1251 2817 non
1289 2752 1507 2817 omnia
1544 2752 1795 2830 docere,
1832 2752 1943 2816 sed
1978 2753 2332 2837 postulare,

327 2845 404 2910 ut
450 2841 764 2924 quaedam
817 2839 944 2904 sibi
998 2841 1445 2924 concedantur,
1501 2863 1627 2924 quo
1671 2803 1952 2923 facilius,
2009 2861 2172 2923 quae
2224 2861 2331 2904 vo-

248 2930 500 3012 solunt,
556 2928 902 3014 explicent,
958 2928 1049 2994 sic
1105 2949 1225 3014 ego
1282 2951 1322 2993 a
1374 2933 1438 2993 te
1485 2930 1774 3013 postulo,
1819 2930 1909 2992 mi
1956 2927 2204 3010 Cicer0,
2257 2929 2332 2990 ut

327 3017 490 3081 mihi
543 3017 879 3100 concedaS,
933 3016 989 3080 si
1044 3021 1256 3103 poteS,
1310 3016 1475 3081 nihil
1529 3021 1787 3101 praeter
1830 3017 1897 3081 id
1988 3015 2157 3099 quod
2220 3014 2332 3077 ho·

326 3111 586 3170 nestum
631 3106 745 3188 sit,
790 3109 1057 3190 propter
1094 3127 1162 3170 se
1201 3127 1341 3170 esse
1381 3106 1819 3189 expetendum.
1893 3066 2007 3169 §in
2042 3103 2165 3167 hoc
2200 3124 2330 3166 non

327 3194 481 3259 licet
534 3216 650 3279 per
705 3192 1111 3278 Cratippum,
1168 3198 1237 3258 at
1288 3193 1453 3257 illud
1507 3199 1677 3259 certe
1731 3192 1941 3271 dabis,
1996 3190 2167 3275 quod
2220 3189 2332 3254 ho-

327 3287 585 3347 nestum
639 3282 752 3361 sit,
805 3282 874 3346 id
928 3304 1067 3347 esse
1121 3304 1418 3346 maxume
1462 3286 1729 3367 propter
1775 3302 1843 3346 se
1889 3278 2332 3365 expetendum.

253 3386 302 3427 ³⁵
328 3369 492 3435 Mihi
546 3370 865 3435 utrumvis
920 3370 1080 3435 satis
1137 3375 1238 3435 est
1296 3374 1362 3434 et
1415 3373 1556 3435 tum
1600 3371 1750 3454 hoc,
1795 3372 1936 3434 tum
1980 3367 2145 3431 illud
2189 3388 2333 3451 pro-

329 3459 611 3524 habilius
674 3459 928 3524 videtur
989 3480 1106 3524 nec
1169 3462 1506 3543 praeterea
1570 3457 1913 3542 quicquam
1977 3455 2332 3541 probabile.

329 3550 425 3612 Ac
478 3547 760 3632 primum
813 3547 884 3612 in
935 3547 1058 3612 hoc
1103 3547 1449 3612 Panaetius
1507 3546 1934 3613 defendendus
1990 3549 2115 3630 est,
2164 3544 2334 3628 quod
2369 3559 2437 3609 34

1948 3647 2019 3694 7*
