2630 3913
721 173 852 228 ΜΒ.
892 173 932 225 1.
1010 172 1161 227 CAP.
1199 178 1287 241 44,
1326 179 1411 226 45.
1485 178 1515 238 ς
1555 178 1847 227 157—161.
2201 171 2290 235 55

283 334 455 420 quod
517 338 815 399 teneatur
886 334 1221 398 hominum
1294 334 1618 399 societate.
1719 333 2006 414 [Etenim
2073 333 2290 420 cogni-

282 425 526 489 tionem
571 422 1106 507 prudentiamque
1153 425 1457 506 sequetur
1501 421 1908 487 considerata
1952 421 2149 506 acti03
2194 421 2289 486 ita

281 512 392 613 fits
420 515 495 575 ut
541 531 734 596 agere
780 509 1181 575 considerate
1216 510 1425 594 pluris
1462 509 1551 574 sit
1589 531 1781 593 quam
1818 531 1892 575 eo
1947 510 2106 574 ‘tare
2142 531 2289 594 pru-

283 601 549 680 denten]
659 597 875 682 Atque
949 598 1109 663 haee
1171 597 1429 681 quidem
1490 598 1819 663 haetenus.
1972 596 2288 663 atefactus

232 705 256 745 ⁵
284 688 454 752 enim
500 687 680 752 loeus
726 690 827 751 est
870 684 1027 771 ipse,
1071 689 1147 750 ut
1189 707 1323 751 non
1368 684 1628 751 difficile
1674 686 1762 751 sit
1796 686 1865 751 in
1902 686 2289 770 exquirendo

285 775 530 871 officiof
564 774 718 858 quid
759 774 986 858 cuique
1023 774 1111 839 sit
1146 775 1696 876 praeponendum(
1729 774 1961 840 videre.
2033 773 2114 838 In
2147 773 2292 858 ipsa

287 868 502 929 autem
539 863 1001 928 communitate
1039 867 1190 927 sunt
1227 862 1465 948 gradus
1505 860 1879 947 offimorum,
1926 884 2001 928 ex
2040 862 2297 954 quibus!

287 952 439 1036 quid
493 951 721 1035 cuique
773 954 1086 1054 praestet,
1148 950 1445 1036 intellegi
1498 951 1734 1035 possit,
1797 955 1872 1015 ut
1925 950 2137 1036 prima
2193 949 2290 1014 dis

284 1039 759 1122 inmortalibus,
806 1038 1082 1104 secunda
1126 1039 1395 1122 patriae,
1441 1039 1636 1103 tertia
1680 1039 2074 1123 parentibus,
2121 1039 2291 1103 dein-

208 1146 257 1184 10
285 1150 434 1213 ceps
491 1127 816 1215 gradatim
870 1126 1135 1210 reliquis
1192 1127 1562 1191 debeantur.
1652 1126 1896 1202 Quibus
1949 1148 2025 1191 ex
2070 1127 2264 1191 rebus
2295 1141 2396 1189 161

284 1216 571 1281 breviter
626 1215 972 1300 disputatis
1028 1215 1325 1300 intellegi
1373 1218 1594 1299 potest
1636 1236 1769 1279 non
1814 1215 2024 1279 solum
2068 1214 2135 1278 id
2178 1214 2291 1280 ho-

289 1304 495 1368 mines
541 1303 747 1368 solere
794 1303 1088 1368 dubitare
1083 1346 1127 1390 l
1171 1302 1598 1368 honestumne
1644 1325 1728 1367 an
1772 1306 1960 1387 turpe
2008 1301 2120 1385 sit,
2180 1302 2292 1366 sed

290 1392 489 1455 etiam
535 1391 778 1456 duobus
823 1391 1177 1476 propositis
1222 1391 1513 1456 honestis
1559 1395 1778 1455 utrum
1812 1390 2149 1455 honestius
2186 1389 2289 1454 sit.

289 1478 415 1545 Hic
451 1480 627 1546 locus
664 1502 704 1544 a
738 1479 1049 1544 Panaetio
1089 1482 1205 1562 est,
1249 1482 1325 1543 ut
1362 1500 1558 1564 supra
1595 1479 1744 1565 dixi,
1778 1478 2292 1565 praetermissus.

212 1583 264 1624 ιδ
289 1565 415 1632 Sed
458 1568 588 1634 iam
635 1567 717 1632 ad
761 1568 1012 1651 reliqua
1055 1587 1421 1653 pergamus.
