2630 3913
848 231 981 285 Lm.
1020 231 1063 285 1.
1139 231 1289 288 cAP.
1334 239 1389 301 1,
1425 239 1473 286 2.
1547 238 1578 298 ς
1618 240 1769 288 1-5,
2274 236 2315 300 3

312 391 572 457 lendum
617 398 719 456 est
764 393 1100 477 aequabile
1146 398 1211 457 et
1255 398 1689 479 temperatum
1735 395 2048 461 orationis
2097 417 2317 483 genus.

310 480 401 544 Et
454 480 521 545 id
577 480 833 565 quidem
886 481 1128 546 nemini
1180 481 1367 547 video
1417 481 1810 547 Graecorum
1866 483 2072 550 adhuc
2119 487 2317 550 conti·

312 570 522 654 gisse,
570 573 643 634 ut
687 568 859 632 idem
903 574 1176 654 utroque
1221 570 1290 634 in
1338 591 1569 655 genere
1617 572 1982 636 elaboraret
2028 594 2317 657 sequere·

309 654 544 741 turque
590 660 657 721 et
701 657 865 721 illud
909 656 1165 722 forense
1203 658 1451 723 dicendi
1498 663 1563 722 et
1607 659 1731 724 hoc
1768 660 2057 745 quietum
2105 661 2316 745 dispu-

255 760 282 801 5
309 744 491 809 tandi
549 766 748 831 genus
760 796 777 828 ,
831 745 960 810 nisi
1013 745 1185 811 forte
1240 745 1610 811 Demetrius
1664 747 2017 813 Phalereus
2071 749 2138 813 in
2192 750 2316 815 hoc

307 854 576 898 numero
623 833 850 898 haberi
893 838 1139 918 potest,
1187 834 1553 919 disputator
1600 836 1888 920 subtilis,
1942 841 2163 902 orator
2207 860 2317 922 pa·

308 944 453 985 rum
498 921 871 1005 vehemens,
917 922 1121 987 dulcis
1167 926 1412 1005 tamen,
1457 927 1531 986 ut
1567 922 1999 1008 Theophrasti
2046 926 2317 1010 discipu·

309 1010 445 1073 lum
482 1009 694 1093 possis
733 1031 1099 1096 agnoscere.
1172 1009 1311 1075 Nos
1350 1015 1567 1075 autem
1606 1016 1919 1096 quantum
1945 1014 2014 1078 in
2040 1017 2315 1097 utroque

310 1097 803 1182 profecerimus,
869 1099 1145 1163 aliorum
1201 1098 1287 1162 sit
1349 1099 1680 1183 iudicium,-
1742 1105 2088 1185 utrumque
2143 1108 2314 1168 certe

228 1204 280 1244 ιο
311 1185 514 1251 secuti
560 1207 799 1251 sumus.
858 1186 1190 1274 „Equidem
1238 1190 1303 1250 et
1329 1186 1670 1252 Platonem
1716 1189 2060 1273 existum0,
2107 1190 2163 1254 si
2210 1211 2313 1276 ge·
2351 1207 2384 1255 4

307 1295 431 1338 nus
485 1273 742 1339 forense
790 1273 1039 1340 dicendi
1092 1278 1377 1340 tractare
1431 1276 1768 1358 voluisset,
1824 1277 2204 1361 gravissime
2251 1282 2316 1342 ct

308 1361 755 1446 copiosissime
800 1363 1090 1446 potuisse
1137 1363 1374 1447 dicere,
1421 1367 1486 1427 et
1512 1364 2049 1448 Demosthenem,
2088 1366 2143 1428 si
2179 1366 2330 1461 illa,

310 1472 475 1534 quae
514 1473 553 1515 a
578 1450 853 1516 Platone
892 1451 1247 1535 didicerat,
1272 1452 1589 1516 tenuisset
1635 1455 1700 1516 et
1744 1453 2164 1536 pronuntiare
2208 1475 2317 1518 vo-

307 1538 566 1622 luisset,
605 1542 833 1603 ornate
869 1540 1328 1624 splendideque
1361 1540 1573 1605 facere
1609 1540 1927 1624 potuisse3
1967 1541 2315 1625 eodemque

227 1643 280 1685 ιδ
310 1627 503 1692 modo
559 1626 636 1691 de
682 1627 1041 1693 Aristotele
1096 1631 1161 1692 et
1203 1627 1492 1692 Isocrate
1544 1628 1783 1712 iudico,
1829 1651 2101 1713 quorum
2146 1632 2315 1693 uter·

310 1736 433 1799 que
480 1736 595 1780 suo
644 1715 856 1780 studio
904 1715 1256 1781 delectatus
1303 1717 1694 1801 contempsit
1739 1717 2033 1781 alterum.

443 1800 568 1867 Sed
630 1825 775 1869 cum
841 1803 1216 1869 statuissem
1280 1805 1560 1870 scribere
1625 1805 1707 1869 ad
1768 1809 1833 1870 te
1890 1806 2135 1890 aliquid
2193 1806 2316 1871 hoc
2354 1807 2397 1871 2

307 1895 627 1977 tempore,
681 1892 889 1956 multa
941 1893 1241 1978 posthac,
1288 1893 1370 1958 ab
1425 1915 1499 1959 eo
1557 1893 1754 1959 ordiri
1801 1894 2076 1960 maxime
2120 1895 2326 1978 volui,

310 1982 481 2064 quod
541 1984 607 2045 et
665 1981 869 2046 aetati
924 1985 1076 2046 tuae
1131 1986 1301 2046 essct
1357 1982 1764 2064 aptissimum
1821 1987 1886 2047 et
1942 1984 2316 2049 auctoritati

215 2087 279 2128 20
308 2091 508 2133 meae.
579 2067 753 2134 Nam
791 2092 935 2134 cum
973 2070 1181 2134 multa
1227 2070 1357 2134 sint
1401 2072 1471 2134 in
1514 2070 1930 2155 philosophia
1977 2076 2042 2136 et
2088 2072 2315 2158 gravia

309 2161 376 2220 et
420 2157 612 2221 utilia
658 2162 952 2222 accurate
999 2158 1381 2242 copioseque
1428 2181 1468 2223 a
1511 2159 1920 2243 philosophis
1968 2160 2315 2244 disputata,

305 2244 622 2310 latissime
668 2249 888 2329 patere
934 2245 1231 2310 videntur
1277 2268 1386 2334 ea,
1436 2268 1597 2330 quae
1653 2247 1729 2311 de
1787 2247 2016 2312 officiis
2072 2249 2316 2313 tradita

309 2334 392 2397 ab
446 2333 581 2397 illis
643 2337 709 2398 et
773 2338 1119 2418 praecepta
1181 2335 1390 2398 sunt.
1439 2333 1642 2398 Nulla
1707 2335 1877 2398 enim
1931 2335 2105 2399 vitae
2161 2358 2312 2419 pars

305 2443 513 2505 neque
558 2421 835 2505 publicis
879 2443 1085 2506 neque
1128 2421 1403 2507 privatis
1447 2443 1653 2505 neque
1697 2420 2062 2486 forensibus
2107 2444 2314 2506 neque

224 2528 278 2569 25
309 2509 678 2575 domesticis
724 2510 794 2573 in
837 2511 1056 2592 rebuS,
1098 2531 1305 2593 neque
1344 2510 1402 2574 si
1436 2513 1650 2575 tecum
1687 2531 1845 2595 agas
1893 2510 2072 2593 quid,
2106 2532 2314 2594 neque

309 2598 364 2662 si
410 2620 555 2663 cum
601 2599 807 2663 altero
855 2598 1226 2681 contrahaS,
1271 2619 1499 2663 vacare
1545 2597 1757 2663 officio
1802 2601 2048 2683 potest,
2101 2599 2170 2663 in
2215 2620 2315 2664 eo·

309 2707 431 2769 que
477 2690 545 2750 et
591 2685 856 2751 colendo
897 2687 1024 2750 sita
1058 2686 1232 2751 vitae
1270 2691 1372 2751 est
1408 2687 1715 2752 honestas
1753 2687 1961 2751 omnis
2001 2690 2067 2752 et
2100 2688 2314 2774 negle-

311 2774 518 2859 gendo
565 2774 920 2859 turpitudo.
1010 2774 1226 2858 Atque
1280 2775 1439 2840 haec
1499 2775 1757 2859 quidem
1805 2775 2101 2859 quaestio
2148 2799 2316 2841 com·
2352 2791 2381 2839 5

307 2863 520 2926 munis
595 2865 696 2927 est
770 2862 1057 2927 omnium
1119 2863 1683 2948 philosophorum3
1756 2864 1898 2947 quis
1966 2867 2065 2928 est
2125 2864 2318 2948 enim,

226 2968 281 3009 30
310 2951 419 3033 qui
461 2951 661 3014 nullis
709 2949 905 3015 officii
949 2951 1312 3035 praeceptis
1359 2951 1689 3016 tradendis
1735 2951 2198 3036 philosophum
2245 2973 2314 3015 se

308 3039 542 3102 audeat
588 3038 838 3104 dicere?
912 3035 1037 3103 Sed
1082 3043 1233 3103 sunt
1268 3061 1401 3104 non
1444 3040 1663 3104 nullae
1710 3039 2102 3123 disciplinae,
2150 3061 2313 3123 quae

305 3126 658 3211 propositis
704 3128 1022 3192 bonorum
1069 3130 1135 3191 et
1170 3128 1492 3192 malorum
1528 3128 1766 3192 finibus
1805 3128 2089 3192 officium
2127 3149 2314 3192 omne

305 3219 695 3299 pervertant.
785 3214 958 3280 Nam
1014 3215 1123 3298 qui
1180 3237 1501 3280 summum
1554 3216 1797 3281 bonum
1864 3215 1956 3280 sic
2008 3215 2314 3299 instituit,

305 3307 379 3367 ut
422 3302 589 3367 nihil
646 3303 885 3369 habeat
939 3325 1084 3368 cum
1139 3303 1380 3368 virtute
1437 3303 1877 3387 coniunctum,
1930 3303 2123 3387 idque
2180 3304 2312 3368 suis

232 3405 280 3445 ⁸⁵
307 3391 688 3476 commodis,
750 3413 881 3457 non
933 3392 1273 3456 honestate
1328 3393 1612 3475 metitur,
1666 3391 1797 3475 hic,
1862 3391 1919 3456 si
1982 3391 2108 3456 sibi
2173 3392 2313 3477 ipse

306 3480 670 3544 consentiat
716 3483 782 3543 et
824 3501 956 3544 non
999 3481 1324 3545 interdum
1361 3484 1632 3545 naturae
1668 3481 1962 3546 bonitate
1998 3480 2312 3564 vincatur,

304 3587 510 3651 neque
557 3567 909 3634 amicitiam
954 3568 1162 3633 colere
1207 3569 1417 3656 possit
1472 3589 1589 3633 nec
1634 3569 1949 3634 iustitiam
1995 3589 2112 3635 nec
2157 3569 2312 3634 libe·

1921 3671 1991 3725 l*
