2630 3913
212 784 278 834 62

212 2020 278 2070 63

217 2535 297 2599 13

211 2901 279 2951 54

212 3516 278 3565 55

322 163 446 229 106
1118 162 1216 216 DE
1254 162 1556 218 OFFICIIS

313 326 593 411 Diogeni
635 325 1065 408 venditorem,
1122 328 1439 408 quatenus
1494 326 1631 390 iure
1678 325 1854 390 civili
1899 325 2328 390 constitutum

316 417 421 495 sit,
468 414 672 478 dicere
718 414 878 477 vitia
925 417 1242 497 oportere,
1288 418 1503 478 cetera
1549 414 1687 477 sine
1730 413 1984 477 insidiis
2022 435 2214 499 agere
2244 419 2330 497 et,

318 503 622 587 quoniam
666 502 929 585 vendat,
985 502 1152 565 velle
1211 524 1405 584 quam
1461 506 1726 586 optume
1771 502 2062 567 vendere.
2153 501 2330 566 ‘Ad-

316 592 511 674 vexi,
575 590 920 675 exposui,
983 590 1224 654 vendo
1291 612 1534 654 meum
1595 612 1746 655 non
1798 590 2049 675 pluris
2108 612 2331 673 quam

316 678 583 762 ceteri,
635 678 976 742 fortasse
1032 680 1263 742 etiam
1310 678 1660 756 minoriS‚
1715 701 1877 743 cum
1924 678 2166 743 maior
2212 683 2331 743 est
2387 698 2415 739 5

316 767 555 852 copia.
646 764 783 831 Cui
826 766 926 830 fit
969 766 1332 830 iniuria‘P'
1422 766 1732 831 Exoritur
1777 766 2113 850 Antipatri
2158 768 2328 832 ratio

318 878 395 920 ex
459 856 669 919 altera
730 858 944 939 parte:
1008 853 1233 929 ‘Quid
1298 854 1454 920 ais?
1519 859 1601 918 tu
1665 876 1827 919 cum
1886 855 2329 920 hominibus

318 944 722 1009 consulere
769 943 1047 1007 debeas
1094 947 1169 1008 et
1214 944 1506 1007 servire
1543 943 1918 1007 humanae
1961 944 2330 1009 societati

317 1053 552 1115 eaque
616 1032 784 1117 lege
847 1034 1075 1096 natus
1141 1031 1248 1095 sis
1313 1035 1388 1096 et
1446 1053 1530 1096 ea
1593 1031 1879 1096 habeas
1943 1032 2332 1118 principia

314 1124 664 1203 naturae,
721 1120 997 1203 quibus
1052 1141 1321 1204 parere
1377 1124 1453 1184 et
1507 1141 1695 1203 quae
1751 1120 1968 1203 sequi
2025 1120 2416 1206 debeas,1‹.=

317 1213 399 1274 ut
447 1209 759 1273 utilitas
806 1212 937 1273 tua
982 1207 1402 1273 communis
1450 1208 1554 1272 sit
1599 1208 1913 1273 utilitas
1949 1209 2331 1273 vicissim-

319 1320 458 1381 que
513 1297 929 1362 communis
985 1297 1299 1361 utilitas
1355 1301 1489 1361 tua
1544 1298 1675 1380 sit,
1738 1296 2033 1361 celabis
2088 1298 2329 1362 homi-

314 1407 474 1469 nes,
540 1385 720 1469 quid
782 1386 880 1449 iis
946 1385 1154 1449 adsit
1217 1384 1791 1449 commoditatis
1855 1389 1932 1449 et
1985 1385 2328 1470 copiae?'

316 1473 757 1558 Respondebit
784 1472 1108 1559 Diogenes
1136 1471 1416 1537 fortasse
1446 1473 1562 1537 sic:
1601 1472 1868 1537 ‘Aliud
1905 1478 2023 1538 est
2049 1475 2330 1558 celare,

318 1562 527 1627 aliud
582 1566 866 1643 tacere3
929 1583 1169 1644 neque
1226 1582 1364 1646 ego
1418 1583 1614 1626 nunc
1668 1566 1743 1625 te
1797 1562 1988 1645 celo,
2053 1563 2117 1626 si
2180 1563 2413 1627 tibi1⁵

316 1673 465 1715 non
513 1650 705 1733 dieo,
752 1670 940 1732 quae
984 1653 1265 1713 natura
1303 1649 1610 1714 deorum
1649 1650 1785 1733 sit,
1832 1650 1961 1733 qui
1998 1651 2104 1714 sit
2138 1649 2328 1716 finis

316 1740 715 1820 bonorum,
781 1758 969 1820 quae
1033 1737 1181 1801 tibi
1243 1737 1416 1822 plus
1489 1737 1949 1822 prodessent
2013 1740 2330 1826 cognita

320 1848 540 1910 quam
603 1825 859 1890 tritici
928 1825 1228 1908 vilita83
1302 1825 1432 1889 sed
1502 1847 1682 1910 non,
1756 1827 2117 1910 quicquid
2179 1828 2331 1892 tibi

318 1913 583 1980 audire
628 1913 825 1978 utile
873 1918 1014 1998 est,
1059 1913 1255 1978 idem
1301 1914 1489 1979 mihi
1535 1914 1784 1980 dicere
1830 1937 2130 1981 necesse
2171 1916 2329 1982 est?

317 2003 583 2067 ‘Immo
629 2001 862 2086 vero',
906 2003 1155 2087 inquiet
1189 2003 1321 2087 ille,
1368 2002 1711 2068 ‘necesse
1759 2009 1902 2087 est,
1950 2004 2411 2090 siquidem-20

319 2091 741 2156 meministi
798 2113 962 2156 esse
1007 2094 1213 2156 inter
1257 2092 1604 2156 homines
1649 2097 1929 2157 natura
1974 2094 2329 2159 coniunc-

316 2188 469 2245 tam
509 2178 1004 2244 societatem.'
1071 2179 1462 2263 ‘Memini',
1498 2180 1748 2264 inquiet
1775 2182 1916 2264 ille3
1954 2180 2117 2246 ‘sed
2152 2204 2328 2247 num

315 2270 471 2333 ista
517 2269 853 2333 societas
898 2268 1087 2333 talis
1133 2272 1276 2351 est,
1323 2272 1405 2336 ut
1447 2269 1648 2334 nihil
1695 2290 1909 2333 suum
1956 2270 2330 2355 cuiusque

317 2358 463 2423 sit?
554 2355 763 2432 Quod
819 2357 885 2421 si
951 2358 1063 2421 ita
1126 2362 1270 2440 est,
1331 2378 1421 2421 ne
1484 2357 1962 2422 vendundum
2027 2359 2328 2442 quidem

319 2448 723 2529 quicquam
770 2450 912 2527 est,
959 2445 1089 2509 sed
1135 2444 1603 2509 donandum?
2357 2467 2411 2507 25

447 2531 645 2598 Vides
710 2534 777 2598 in
840 2534 962 2598 hac
1026 2538 1169 2597 tota
1231 2533 1696 2617 disceptatione
1758 2555 1889 2598 non
1951 2534 2116 2598 illud
2175 2535 2329 2599 dici:

317 2621 647 2696 ‘Quamvis
692 2622 815 2685 hoc
859 2625 1049 2705 turpe
1096 2621 1209 2704 sit,
1253 2625 1500 2705 tamen,
1548 2621 1852 2705 quoniam
1900 2623 2182 2707 expedit,
2235 2623 2329 2688 fa-

317 2709 525 2792 ciam',
580 2709 693 2774 sed
744 2710 840 2773 ita
895 2709 1216 2793 expedire,
1270 2713 1346 2774 ut
1400 2714 1588 2794 turpe
1639 2732 1774 2775 non
1828 2711 1940 2794 sit,
1997 2733 2074 2776 ex
2120 2713 2330 2776 altera

318 2802 534 2863 autem
580 2801 795 2881 parte,
851 2818 926 2861 ea
972 2819 1066 2881 re,
1123 2799 1273 2881 quia
1319 2801 1508 2881 turpe
1556 2798 1669 2882 sit,
1721 2821 1854 2864 non
1900 2820 2040 2864 esse
2092 2799 2328 2864 facien·

317 2889 486 2951 dum.
578 2883 836 2949 Vendat
892 2885 1079 2950 aedes
1133 2885 1234 2950 vir
1286 2886 1496 2951 bonus
1550 2891 1817 2971 propter
1872 2888 2092 2971 aliqua
2149 2889 2328 2972 vitia,
2358 2909 2412 2948 30

317 2997 480 3060 quae
507 2975 646 3059 ipse
672 2974 867 3056 norit,
905 2973 1101 3039 ceteri
1127 2973 1448 3059 ignorent,
1476 2976 1853 3059 pestilentes
1884 2977 2016 3040 sint
2045 2980 2111 3040 et
2135 2977 2330 3042 habe-

317 3068 509 3129 antur
556 3063 875 3147 salubres,
933 3063 1270 3148 ignoretur
1315 3064 1384 3127 in
1430 3063 1728 3128 omnibus
1775 3064 2086 3129 cubiculis
2134 3087 2330 3150 appa—

314 3174 455 3216 rere
494 3155 844 3236 serpentes,
880 3152 1048 3215 male
1085 3152 1467 3215 materiatae
1504 3154 1646 3236 sint,
1692 3153 2009 3235 ruinosae,
2058 3154 2168 3218 sed
2203 3154 2328 3219 hoc

314 3244 572 3324 praeter
618 3239 948 3304 dominum
992 3261 1180 3305 nemo
1228 3240 1418 3322 sciat3
1466 3262 1731 3325 quaero,
1778 3242 1834 3305 si
1877 3242 2037 3306 haec
2083 3246 2329 3326 empto-

314 3328 494 3391 ribus
541 3327 838 3392 venditor
889 3350 1022 3393 non
1076 3328 1309 3393 dixerit
1356 3328 1669 3412 aedesque
1714 3330 2074 3394 vendiderit
2119 3331 2328 3416 pluris
2361 3349 2412 3390 3⁵

316 3416 543 3497 multo,
582 3437 774 3499 quam
804 3437 873 3480 se
900 3416 1310 3481 venditurum
1340 3417 1605 3501 putarit,
1639 3440 1796 3482 num
1833 3418 1899 3483 id
1935 3418 2173 3483 iniuste
2214 3423 2329 3483 aut

317 3502 588 3585 inprobe
632 3502 876 3568 fecerit.
951 3503 1129 3568 ‘Ille
1166 3504 1397 3588 vero',
1441 3505 1652 3589 inquit
1688 3506 2064 3592 Antipater3
2112 3507 2330 3591 ‘quid
