2630 3913
241 533 301 583 18

238 1151 301 1200 19

237 2122 306 2171 20

242 3310 307 3435 i}

345 179 470 242 138
818 176 1003 230 CATO
1040 176 1277 231 MAIOR
1312 175 1411 230 DE
1450 174 1872 231 SENECTUTE

339 339 603 404 locitate
642 341 755 402 aut
792 337 1122 402 celeritate
1169 359 1512 421 corporum
1558 357 1660 401 res
1707 358 1983 422 magnae
2021 340 2352 422 geruntur,

339 427 452 492 sed
498 426 787 510 consilio,
833 426 1246 507 auctoritate,
1292 425 1643 525 sententia3
1703 425 1937 509 quibus
1981 446 2114 489 non
2158 425 2350 490 modo

337 538 469 581 non
507 514 743 598 orbari,
780 513 891 577 sed
928 515 1126 577 etiam
1164 514 1390 599 augeri
1425 517 1718 578 senectus
1757 514 1943 578 solet.
2000 511 2147 576 Nisi
2179 513 2351 578 forte

340 626 462 691 ego
508 603 715 686 vobiS‚
762 602 871 686 qui
917 606 983 666 et
1030 601 1215 666 miles
1264 606 1330 664 et
1372 601 1670 666 tribunus
1709 606 1775 666 et
1810 603 2067 687 legatus
2104 604 2171 665 et
2207 622 2351 666 con·

341 694 442 757 sul
496 694 790 756 versatus
848 712 989 755 sum
1045 690 1114 754 in
1167 689 1349 753 vario
1407 711 1638 776 genere
1693 690 2041 773 bellorum,
2099 711 2351 754 cessare

338 803 507 845 nunc
560 779 808 862 videor,
861 801 1007 843 cum
1061 778 1236 842 bella
1288 800 1420 843 non
1476 799 1659 863 ger03
1722 782 1793 842 at
1847 778 2127 863 senatui,
2187 800 2350 861 quae
2405 796 2434 836 ⁵

341 870 473 933 sint
491 867 791 953 gerenda,
815 866 1205 952 praescribo,
1234 870 1299 930 et
1319 888 1444 949 quo
1465 866 1655 932 modo
1675 864 2155 951 Karthagini...
2171 916 2212 950 .‚
2247 867 2351 931 cui

341 958 510 1021 male
555 956 688 1020 iam
735 955 843 1019 diu
889 955 1206 1040 cogitanti
1252 954 1499 1019 bellum
1552 954 1761 1021 multo
1819 960 1970 1019 ante
2017 955 2352 1038 denunti03

339 1046 417 1109 de
463 1067 591 1129 qua
634 1043 842 1108 vereri
877 1066 1009 1109 non
1037 1047 1187 1108 ante
1226 1042 1533 1127 desinam,
1580 1065 1772 1127 quam
1808 1043 1996 1107 illam
2075 1043 2351 1108 excisam

340 1155 481 1198 esse
527 1154 909 1219 cognovero.
982 1130 1189 1206 Quam
1233 1132 1523 1216 palmam
1564 1131 1815 1196 utinam
1854 1131 1918 1196 di
1953 1132 2353 1214 inmortales,

340 1220 555 1307 Scipio
570 1272 588 1305 ,
650 1220 775 1284 tibi
837 1224 1194 1303 reservent,
1254 1223 1331 1284 ut
1396 1219 1500 1284 avi
1563 1219 1868 1303 reliquias
1932 1222 2348 1305 persequare!
2383 1237 2434 1276 10

340 1311 518 1376 cuius
557 1333 596 1374 a
631 1312 840 1373 morte
886 1308 1116 1372 tertius
1162 1307 1268 1372 hic
1314 1312 1380 1372 et
1424 1308 1788 1373 tricesimus
1838 1330 2042 1372 annus
2085 1312 2205 1391 est,
2242 1309 2353 1373 sed

341 1398 720 1464 memoriam
765 1396 943 1461 illius
991 1397 1113 1460 viri
1160 1418 1383 1461 omnes
1422 1396 1739 1482 excipient
1776 1397 1932 1461 anni
1967 1418 2353 1480 consequen-

341 1494 459 1552 tes,
547 1487 740 1551 Anno
797 1490 947 1549 ante
1013 1507 1114 1549 me
1178 1506 1510 1549 censorem
1573 1489 1867 1550 mortuus
1932 1490 2057 1569 est,
2119 1507 2353 1550 novem

342 1576 528 1641 annis
573 1578 726 1658 post
762 1596 977 1638 meum
1014 1573 1451 1656 consulatum,
1505 1595 1651 1638 cum
1687 1574 1917 1639 consul
1969 1574 2206 1638 iterum
2251 1596 2353 1638 me

341 1664 604 1731 consule
651 1666 905 1727 creatus
952 1665 1141 1725 esset.
1211 1659 1389 1725 Num
1433 1661 1656 1746 igitur,
1703 1662 1758 1726 si
1804 1662 1887 1726 ad
1932 1662 2354 1726 centesimum
2384 1679 2433 1719 1⁵

344 1773 584 1817 annum
628 1749 925 1833 vixisset,
979 1749 1330 1814 senectutis
1387 1771 1531 1814 eum
1578 1772 1732 1815 suae
1777 1750 2183 1835 paeniteret?
2236 1772 2355 1815 nec

343 1840 515 1904 enim
562 1838 934 1902 excursione
979 1859 1097 1902 nec
1143 1838 1319 1902 saltu
1353 1859 1471 1903 nec
1507 1839 1755 1903 eminus
1791 1838 1999 1903 hastis
2038 1842 2151 1903 aut
2187 1860 2354 1904 com-

342 1927 555 1993 minus
595 1925 830 2013 gladiis
867 1929 1175 2011 uteretur,
1212 1925 1325 1991 sed
1361 1926 1651 2011 consiliu,
1696 1926 1966 2012 ratione,
2013 1927 2353 1993 sententia.

343 2015 520 2118 Quae
564 2015 693 2079 nisi
738 2019 954 2080 essent
998 2015 1066 2079 in
1113 2015 1400 2099 senibuS,
1458 2038 1590 2081 non
1644 2037 1967 2081 summum
2014 2016 2353 2081 consilium

344 2105 621 2169 maiores
665 2104 877 2169 nostri
923 2105 1364 2206 appellassent
1410 2108 1724 2169 senatum.
1805 2104 1999 2189 Apud
2043 2104 2355 2170 Lacedae-
2385 2124 2434 2162 πο

346 2193 596 2258 monios
643 2191 900 2277 quidem
944 2192 1018 2277 ii,
1065 2192 1176 2276 qui
1221 2192 1696 2277 amplissimum
1742 2194 2204 2278 magistratum
2250 2215 2355 2278 ge-

343 2286 522 2366 runt,
576 2285 651 2345 ut
706 2285 883 2365 sunt,
948 2281 1039 2346 sic
1095 2280 1293 2346 etiam
1346 2281 1763 2345 nominantur
1820 2303 2021 2346 senes.
2112 2280 2355 2356 Quodsi

344 2374 558 2456 legere
607 2373 720 2435 aut
766 2332 985 2434 audire
1031 2370 1265 2434 voletis
1314 2374 1595 2452 externa,
1640 2369 1957 2434 maximas
2003 2390 2105 2434 res
2145 2370 2354 2454 publi·

344 2481 452 2524 cas
510 2458 591 2524 ab
638 2457 1156 2523 adulescentibus
1202 2457 1658 2541 labefactatas,
1713 2480 1753 2522 a
1799 2457 2060 2522 senibus
2108 2462 2353 2523 susten-

344 2552 521 2613 tatas
570 2551 636 2611 et
679 2546 1018 2611 restitutas
1064 2547 1419 2630 reperietis
2384 2564 2435 2605 25

433 2634 663 2718 Cedo,
699 2633 831 2718 qui
861 2637 1197 2699 vestram
1233 2656 1390 2698 rem
1426 2634 1818 2719 publicam
1845 2638 2149 2699 tantam
2176 2634 2355 2699 ami-

1421 2721 1644 2787 sistis
1689 2723 1844 2787 tam
1890 2722 2091 2787 cito?

345 2809 451 2875 Sic
488 2809 659 2874 enim
694 2812 1156 2894 percontantur
1190 2810 1239 2891 †
1273 2814 1349 2874 ut
1391 2814 1492 2874 est
1541 2810 1609 2874 in
1645 2809 1854 2875 Naevi
1889 2815 2120 2895 poetae
2148 2810 2357 2894 Lud03

344 2897 816 2983 respondentur
862 2901 928 2962 et
974 2896 1106 2962 alia
1151 2901 1217 2961 et
1259 2898 1383 2963 hoc
1427 2898 1497 2962 in
1542 2899 1797 2983 primis:

433 2986 1008 3052 Proveniebant
1081 2986 1432 3051 oratores
1506 2985 1712 3071 novi,
1794 2988 2027 3051 stulti
2099 2987 2356 3052 adule-

1741 3075 2094 3141 scentuli

347 3164 707 3229 Temeritas
755 3167 856 3227 est
900 3162 1196 3227 videlicet
1236 3162 1528 3227 florentis
1577 3163 1831 3248 aetatis,
1875 3163 2221 3249 prudentia
2267 3185 2358 3228 se·
2390 3181 2438 3221 ³0

346 3252 687 3317 noscentis.

479 3340 572 3404 At
616 3339 930 3405 memoria
975 3338 1304 3403 minuitur.
1396 3337 1631 3420 Cred0‚
1683 3339 1810 3403 nisi
1857 3361 1999 3404 eam
2046 3362 2359 3421 exerceas,

349 3430 464 3491 aut
500 3426 698 3493 etiam
734 3427 790 3491 si
829 3426 916 3490 sis
954 3431 1191 3491 natura
1226 3425 1492 3492 tardior.
1564 3425 2033 3493 Themistocles
2072 3428 2357 3493 omnium

349 3512 584 3577 civium
630 3518 1006 3598 perceperat
1049 3514 1340 3598 nomina3
1398 3536 1552 3578 num
1605 3515 1810 3601 igitur
1864 3516 2138 3581 censetis
2197 3539 2360 3593 eum,
