2630 3913
717 193 852 248 LIB.
890 193 928 250 l.
1002 192 1155 249 OAP.
1194 198 1421 248 35—37.
1496 199 1526 259 ἓ
1566 199 1860 249 127-133,
2205 194 2293 257 45

286 355 855 421 exercitationibus
902 355 1207 440 corporis.
1298 353 1684 419 Adhibenda
1737 359 2071 439 praeterea
2117 376 2292 420 mun-

285 444 448 509 ditia
502 448 601 514 est
655 465 787 509 non
842 443 1065 508 odiosa
1116 462 1325 526 neque
1385 442 1701 525 exquisita
1754 443 1949 507 nimis
1959 493 1975 526 ,
2036 447 2292 508 tantum

287 554 451 616 quae
517 531 731 616 fugiat
795 535 1117 616 agrestem
1183 534 1248 595 et
1310 529 1730 596 inhumanam
1794 531 2292 617 neglegentiam.

285 617 532 685 Eadem
586 620 755 685 ratio
811 625 930 699 est¹
963 619 1260 684 habenda
1312 618 1588 682 vestitus
1601 670 1619 702 ,
1673 619 1741 683 in
1796 640 1950 702 qu0,
2005 619 2171 683 sicut
2224 619 2295 682 in

232 726 259 766 ⁶
286 708 614 794 plerisque
659 708 878 791 rebus,
933 707 1341 772 mediocritas
1393 707 1640 791 optima
1686 711 1802 771 est.
1893 705 2264 772 Cavendum
2297 722 2397 772 131

287 800 505 862 autem
569 799 706 891 ests
756 817 837 860 ne
898 800 1011 860 aut
1072 795 1490 859 tarditatibus
1556 799 1815 859 utamur
1872 797 1942 860 in
1995 796 2293 881 ingressu

287 884 715 967 mollioribuS,
758 888 835 948 ut
878 905 1260 968 pomparum
1303 883 1566 947 ferculis
1613 884 1858 948 similes
1905 905 2045 948 esse
2084 883 2295 948 videa·

287 995 451 1055 mur,
496 977 610 1037 aut
652 973 722 1037 in
763 971 1293 1037 festinationibus
1341 971 1763 1055 suscipiamus
1807 971 2042 1036 nimias
2079 972 2295 1037 celeri-

286 1066 485 1143 tates,
558 1082 720 1144 quae
785 1082 929 1125 cum
992 1060 1186 1142 fiunt,
1249 1058 1573 1124 anhelitus
1638 1064 2005 1142 moventur,
2076 1061 2294 1124 vultus

208 1167 262 1207 ιο
288 1153 653 1231 mutantur,
717 1170 831 1214 ora
893 1152 1304 1231 torquentur3
1370 1168 1445 1210 ex
1511 1147 1742 1231 quibus
1806 1168 2045 1232 magna
2099 1148 2295 1233 signi-

285 1237 505 1304 ficatio
550 1237 627 1300 fit
672 1258 805 1302 non
850 1236 1073 1300 adesse
1130 1235 1584 1300 constantiam.
1675 1232 1800 1300 Sed
1845 1236 2051 1300 multo
2099 1237 2295 1300 etiam

288 1326 500 1411 magis
557 1324 1018 1389 elaborandum
1084 1327 1220 1420 ests
1272 1345 1353 1388 ne
1418 1323 1617 1387 animi
1680 1328 1896 1388 motus
1960 1346 1999 1388 a
2061 1327 2297 1388 natura

287 1413 618 1496 recedant3
654 1413 826 1496 quod
862 1433 1292 1495 assequemur,
1331 1411 1387 1476 si
1423 1411 1821 1507 cavebimuss
1845 1433 1926 1475 ne
1952 1411 2021 1475 in
2048 1414 2297 1495 pertur-

287 1501 585 1567 bationes
622 1504 817 1584 atque
854 1501 1362 1565 exanimationes
1399 1500 1772 1582 incidamus,
1813 1504 1880 1564 et
1917 1499 1974 1565 si
2011 1502 2297 1563 attentos

210 1607 260 1648 ιε,
292 1591 541 1654 animos
590 1590 672 1653 ad
716 1588 962 1654 decoris
1009 1587 1562 1653 conservationem
1598 1588 1980 1653 tenebimus„
2051 1587 2270 1652 Motus
2302 1603 2401 1652 132

289 1682 508 1743 autem
572 1677 933 1741 animorum
997 1677 1281 1762 duplices
1347 1680 1529 1760 sunt,
1603 1677 1793 1741 alteri
1860 1674 2296 1762 cogitationis,

289 1765 482 1831 alteri
520 1765 875 1850 appetitus3
922 1764 1233 1850 cogitatio
1268 1765 1340 1829 in
1373 1786 1526 1830 vero
1575 1764 1961 1848 exquirendo
2001 1785 2295 1828 maxume

291 1857 613 1936 versatur,
669 1852 998 1938 appetitus
1051 1852 1308 1937 inpellit
1365 1852 1446 1917 ad
1501 1853 1836 1938 agendum.
1928 1851 2297 1917 Curandum

290 1947 392 2008 est
443 1941 683 2040 igitur,
726 1945 802 2006 ut
846 1940 1240 2027 cogitatione
1287 1939 1368 2006 ad
1412 1963 1516 2006 res
1572 1964 1765 2025 quam
1812 1944 2112 2027 optumas
2159 1946 2296 2006 uta-

213 2049 266 2087 ιο
291 2052 465 2112 mur,
510 2030 874 2115 appetitum
917 2030 1157 2094 rationi
1204 2029 1650 2094 oboedientem
1696 2030 2137 2115 praebeamus.

425 2117 514 2184 Et
552 2119 855 2201 quoniam
891 2139 1129 2203 magna
1164 2118 1262 2181 vis
1301 2117 1614 2182 orationis
1653 2123 1770 2203 est,
1807 2140 2007 2202 eaque
2045 2118 2296 2202 duplex,
2317 2117 2399 2181 37

291 2208 502 2272 altera
528 2206 979 2288 contentionis,
1016 2206 1224 2270 altera
1252 2206 1586 2288 sermoniS,
1622 2206 1949 2271 contentio
1989 2205 2298 2290 discepta-

290 2296 578 2361 tionibus
598 2295 923 2359 tribuatur
939 2293 1339 2375 iudiciorum,
1358 2294 1750 2376 contionum,
1778 2297 2060 2374 senatus;
2088 2314 2297 2358 sermo

289 2385 361 2448 in
387 2383 663 2465 circulis,
692 2382 1257 2467 disputationibuS,
1289 2381 1852 2466 congressionibus
1880 2380 2299 2446 familiarium

211 2491 264 2531 25
292 2476 604 2554 versetur,
651 2475 957 2554 sequatur
1002 2471 1199 2535 etiam
1246 2469 1556 2534 convivia.
1630 2468 2077 2534 Contentionis
2117 2489 2298 2552 prae·
2338 2504 2352 2586 ἶ

292 2564 484 2644 cepta
518 2559 851 2624 rhetorum
888 2562 1057 2642 sunt,
1100 2558 1283 2622 nulla
1320 2556 1652 2641 sermonis,
1701 2578 2089 2641 quamquam
2125 2556 2299 2620 haud
2340 2589 2345 2632 ‚³

294 2649 427 2713 scio
493 2670 576 2712 an
638 2647 892 2732 possint
953 2647 1112 2711 haec
1171 2667 1425 2730 quoque
1480 2668 1636 2711 esse.
1737 2643 1862 2710 Sed
1916 2644 2297 2710 discentium
2327 2643 2343 2746 “L

293 2736 525 2802 studiis
562 2735 974 2800 inveniuntur
1011 2734 1326 2819 magistri,
1372 2733 1521 2799 huic
1559 2738 1774 2799 autem
1822 2734 1933 2817 qui
1977 2733 2309 2820 studeant,

294 2828 448 2889 sunt
491 2823 673 2905 nulli,
717 2824 1050 2887 rhetorum
1095 2823 1289 2886 turba
1324 2822 1565 2886 referta
1601 2823 1842 2905 omnia3
1889 2844 2307 2920 quamquam,

216 2931 268 2973 so
296 2934 462 2997 quae
488 2911 833 2976 verborum
862 2910 1450 2993 sententiarumque
1486 2915 1832 2995 praecepta
1869 2914 2038 2992 sunt,
2074 2910 2295 2974 eadem

294 3000 375 3065 ad
405 3021 763 3064 sermonem
798 2998 1231 3083 pertinebunt.
1303 2996 1428 3062 Sed
1464 3020 1609 3063 cum
1647 2999 1959 3063 orationis
1996 2998 2271 3062 indicem
2303 3012 2402 3061 133

293 3110 517 3153 vocem
571 3088 953 3170 habeamus,
1006 3086 1073 3151 in
1129 3107 1283 3150 voce
1339 3089 1554 3151 autem
1611 3086 1734 3151 duo
1791 3107 2161 3169 sequamur,
2224 3090 2300 3150 ut

293 3178 472 3241 clara
507 3177 611 3259 sit,
655 3179 730 3240 ut
766 3176 1000 3256 suavia
1045 3178 1389 3258 utrumque
1426 3175 1686 3239 omnino
1725 3196 1765 3239 a
1799 3177 2034 3238 natura
2074 3178 2298 3258 petun-

295 3265 447 3328 dum
494 3268 618 3346 est,
664 3285 885 3328 verum
932 3264 1209 3327 alterum
1255 3263 1626 3327 exercitatio
1675 3262 1965 3348 augebit,
2021 3263 2299 3327 alterum

218 3368 269 3410 ιδ
294 3352 575 3417 imitatio
630 3373 849 3437 presse
903 3352 1302 3435 loquentium
1360 3354 1426 3415 et
1478 3351 1727 3415 leniter.
1815 3349 2001 3414 Nihil
2053 3350 2182 3415 fuit
2229 3351 2299 3414 in

298 3438 572 3548 Catulis!
598 3444 674 3504 ut
710 3461 819 3505 eos
858 3438 1174 3523 exquisito
1209 3438 1444 3504 iudicio
1482 3442 1744 3523 putares
1781 3438 1880 3503 uti
1911 3438 2296 3522 litterarum,

299 3549 686 3613 quamquam
713 3532 900 3593 erant
926 3528 1228 3613 litterati3
1264 3526 1377 3592 sed
1414 3531 1480 3591 et
1518 3527 1656 3610 alii3
1691 3526 1763 3591 hi
1800 3531 2015 3592 autem
2054 3528 2296 3614 optime
