2630 3913
392 207 518 272 388
1172 205 1624 260 FRAGMENTA

395 368 445 433 O
488 371 731 434 utinam
763 369 986 451 pelayo
1029 389 1105 433 ne
1150 373 1293 433 tunc
1337 369 1632 446 obsessus,
1677 373 1735 432 et
1776 368 1969 432 imbre

391 458 601 522 Mioeta
634 457 1055 540 perhorrescat
1094 458 1364 522 densatis
1404 457 1661 538 fulyura
1702 457 1967 522 nimbis!

391 545 583 628 Saepe
625 548 810 611 etiam
841 546 1066 627 pluvia
1095 547 1331 625 poteris
1372 550 1637 626 spectare
1675 543 1897 624 futura

391 634 654 718 Nubila,
699 655 805 699 ceu
849 635 1029 698 lanae
1058 654 1177 714 per
1219 634 1455 698 caelum
1497 634 1717 698 vellera
1756 633 1948 712 ferri:

392 723 555 787 ,Tum
592 724 833 806 qemino
875 722 1067 803 cinyit
1108 722 1342 786 caelum
1389 721 1844 785 Thaumantias
1884 741 2064 801 arcu,
2298 741 2399 792 210

389 811 526 875 Aut
565 812 779 892 aliqua
824 815 1094 874 atratam
1125 811 1454 891 praeducit
1493 810 1670 875 stella
1711 810 2036 874 corollam:

390 897 615 964 Orebra
660 901 845 963 etiam
888 898 1149 962 volucris
1192 899 1394 963 salsas
1437 902 1495 962 et
1535 898 1743 962 crebra
1775 898 2082 979 palustris

388 987 634 1053 Haurit
673 1007 895 1068 aquaS,
934 992 1225 1068 potasque
1267 988 1404 1051 sitit
1440 985 1841 1050 vehementius
1882 988 2102 1052 undas.

390 1075 583 1158 Saepe
626 1077 810 1140 etiam
843 1075 1097 1158 pluviae
1125 1076 1512 1155 praenuntia
1554 1075 1719 1139 venit
1757 1073 2023 1138 hirundo
2029 1124 2049 1157 ,

389 1164 706 1229 Isimosam
753 1165 985 1228 tumido
1018 1164 1400 1244 protundens
1442 1167 1647 1227 ventre
1677 1163 1992 1243 paludem.
2296 1181 2399 1230 215

389 1251 526 1316 Vos
573 1273 827 1336 quoque
873 1251 1061 1337 signa
1105 1251 1367 1333 videtis,
1414 1251 1608 1334 aqua-i
1655 1250 1857 1315 dulcis
1903 1250 2227 1336 alumnae,

392 1338 553 1404 Cum
600 1341 881 1405 clamore
926 1339 1172 1423 paratis
1216 1338 1429 1402 inanis
1471 1337 1738 1403 fimdere
1783 1359 1972 1404 voces

388 1429 819 1513 Absurdoque
865 1449 1024 1492 sono
1069 1427 1271 1491 fontis
1320 1430 1385 1490 et
1430 1429 1668 1511 stagna
1712 1427 1914 1491 cistis,

390 1514 595 1600 Saepe
642 1516 840 1581 etiam
884 1515 1189 1600 pertriste
1235 1515 1410 1580 canit
1457 1515 1532 1580 de
1578 1518 1835 1599 pectore
1880 1536 2142 1580 carmen

388 1604 477 1669 Et
522 1605 862 1669 matutinis
910 1604 1208 1669 acredula
1252 1603 1518 1668 vocibus
1564 1603 1794 1685 instat,
2297 1622 2399 1670 220

388 1693 674 1758 Vocibus
720 1693 925 1757 instat
970 1696 1035 1755 et
1082 1691 1382 1756 adsiduas
1426 1691 1583 1756 iacit
1627 1713 1736 1755 ore
1784 1691 2102 1774 querellas
2112 1743 2130 1775 ,

390 1781 553 1845 Cum
597 1780 877 1864 primum
925 1779 1173 1865 gelidos
1220 1801 1400 1843 rores
1446 1801 1680 1844 aurora
1723 1779 2028 1863 remittit3

387 1868 720 1952 Fuscaque
764 1889 897 1932 non
939 1889 1293 1950 numquam
1341 1889 1605 1932 cursans
1650 1889 1765 1952 per
1809 1867 2007 1932 litora
2052 1868 2277 1934 cornix

387 1955 714 2023 Demersit
759 1959 954 2040 caput
1000 1959 1066 2019 et
1108 1955 1376 2021 fluctum
1422 1956 1665 2022 cervice
1711 1956 1978 2040 recepit3

386 2045 893 2129 Mollipedesque
939 2045 1139 2108 boves
1186 2048 1553 2128 spectantes
1599 2045 1848 2109 lumma
1893 2045 2055 2109 caeli
2297 2063 2401 2111 225

387 2133 674 2198 Naribus
718 2133 1062 2198 umiferum
1110 2133 1344 2197 duxere
1390 2155 1468 2197 ex
1515 2139 1659 2197 aere
1707 2155 1945 2197 sucum.

388 2224 648 2305 Saepius
689 2228 748 2287 et
791 2224 954 2287 tectis
998 2221 1173 2301 effert
1201 2221 1620 2303 penetralibus
1664 2242 1776 2286 ova

388 2313 741 2394 Anyustum
781 2312 1044 2391 formica
1088 2316 1280 2374 terens
1324 2311 1465 2392 iter,
1508 2311 1777 2390 undique
1819 2314 1877 2373 et
1917 2310 2087 2375 albos

388 2401 741 2482 Millepedes
784 2400 948 2464 circa
990 2419 1199 2463 muros
1243 2402 1574 2462 cernuntur
1616 2398 1775 2475 Iuli,

391 2489 673 2570 Quaeque
714 2489 929 2570 niqrae
970 2492 1186 2552 veteres
1229 2488 1519 2550 dixerunt
1557 2487 1785 2550 viscera
1831 2491 2039 2551 terrae.
2298 2503 2407 2552 230

393 2578 567 2641 Tunc
609 2596 840 2657 quoque
883 2576 1168 2640 cristatae
1208 2575 1430 2638 soboles
1475 2573 1739 2639 Gallina
1779 2574 2043 2639 volucris

393 2664 511 2729 Ore
542 2666 725 2746 pedes
770 2664 936 2746 leyd,
981 2668 1039 2726 et
1079 2663 1379 2727 crocitans
1421 2682 1453 2725 e
1489 2666 1735 2744 yutture
1776 2682 1963 2727 rauco

389 2753 713 2834 Expressit
754 2752 988 2815 sonitus
1031 2752 1232 2815 undae
1274 2751 1567 2815 stillantis
1610 2751 1683 2815 in
1725 2752 1975 2815 undam.

391 2839 652 2924 Corvus,
694 2845 752 2904 et
793 2840 1017 2903 atratis
1059 2838 1259 2903 velata
1300 2838 1626 2903 monedula
1657 2840 1886 2920 pennis

400 2930 665 2993 Venturo
712 2934 908 2993 terras
949 2928 1295 2992 madituras
1338 2928 1530 2991 imbre
1573 2927 1921 3005 monebunt,
2300 2943 2412 2993 235

388 3018 772 3098 Accipitrum
815 3018 886 3080 in
928 3036 1183 3094 mmm,
1227 3016 1284 3080 si
1326 3017 1571 3098 maynis
1607 3016 1869 3097 yarrula
1915 3015 2134 3079 turmis

388 3106 666 3187 Aymina
710 3104 1137 3169 concelebrent:
1176 3104 1469 3186 yravibus
1511 3123 1628 3167 voae
1670 3104 1913 3168 aemula
1951 3104 2145 3185 yuttis

392 3193 754 3259 Corvorum:
787 3193 1041 3275 pluvias
1072 3192 1394 3274 praedixit
1433 3212 1607 3273 saepe
1647 3192 1898 3271 futuras

389 3282 526 3345 Aut
566 3283 714 3346 adeo
756 3287 1055 3363 streperas
1092 3282 1368 3363 qaudens
1411 3281 1769 3361 coniunyere
1810 3299 1975 3345 voces

393 3420 517 3429 -——

529 3485 595 3539 v.
634 3493 911 3541 216-218
952 3489 1059 3542 Cic.
1097 3490 1163 3542 de
1197 3488 1565 3543 div.19.15.
1605 3518 1672 3529 -
1709 3494 1992 3543 219-224
2028 3490 2101 3544 cb.
2132 3494 2304 3546 s.14.
2342 3522 2415 3530 —

391 3555 493 3604 225
516 3570 593 3620 sq.
632 3557 705 3612 ib,
741 3563 792 3611 9.
832 3562 918 3610 15.
