2630 3913
775 209 909 262 LIB.
949 209 1045 263 ΙΙΙ.
1119 209 1272 267 CAP.
1314 217 1372 280 1,
1407 217 1457 265 2.
1531 218 1561 278 5
1600 218 1753 267 1-7.
2212 213 2294 275 91

279 392 423 436 mus
509 374 585 436 ut
638 371 1037 457 cogitatione
1090 371 1295 437 tacita
1341 393 1382 437 a
1426 372 1776 438 solitudine
1822 374 2298 458 abstrahamur,

278 459 361 525 ad
414 414 583 523 hanc
638 459 961 524 scribendi
1023 480 1289 545 operam
1347 481 1537 526 omne
1602 461 1889 526 studium
1951 484 2296 547 curamque

277 546 733 613 convertimus.
795 546 1027 631 Itaque
1063 549 1254 634 plura
1290 547 1474 613 brevi
1510 552 1805 634 tempore
1844 572 2068 615 eversa
2101 572 2295 634 quam

155 672 160 677 -
277 636 527 701 multis.
552 635 740 699 annis
788 639 1005 699 stante
1050 656 1120 701 re
1165 636 1429 720 publica
1474 638 1868 722 scripsimus.

226 742 252 782 ⁵
411 721 535 789 Sed
583 745 728 788 cum
774 728 918 788 tota
961 724 1397 809 philosophia,
1444 726 1534 791 mi
1581 724 1822 811 Cicero,
1866 725 2183 812 frugifera
2228 697 2365 822 et{

276 811 610 877 fructuosa
662 833 780 877 nec
832 813 972 876 ulla
1025 835 1177 896 pars
1240 813 1378 877 eius
1441 813 1689 879 inculta
1747 836 1821 880 ac
1878 814 2134 879 deserta
2188 816 2295 898 sit,

278 904 419 965 tum
462 900 684 964 nullus
727 901 1005 965 feracior
1049 901 1118 965 in
1164 922 1240 965 ea
1283 902 1465 966 locus
1514 906 1614 966 est
1647 924 1766 968 nec
1800 902 2062 967 uberior
2100 924 2294 987 quam

279 989 355 1053 de
420 987 678 1066 officiis,
742 1010 782 1052 a
846 988 1079 1070 quibus
1143 993 1518 1054 constanter
1580 989 1978 1074 honesteque
2036 991 2295 1055 vivendi

277 1080 626 1161 praecepta
690 1075 1025 1141 ducuntur.
1117 1075 1357 1155 Quare,
1421 1098 1812 1161 quamquam
1877 1100 1918 1143 a
1979 1076 2293 1163 Cratippo

204 1182 253 1222 ιο
279 1168 524 1247 nostro,
568 1164 858 1248 principe
904 1164 1096 1229 huius
1143 1165 1493 1229 memoriae
1530 1165 2089 1251 philosophorum,
2135 1166 2292 1232 haec

280 1256 346 1316 te
395 1252 649 1316 assidue
698 1252 918 1317 audire
967 1256 1160 1335 atque
1207 1253 1495 1336 accipere
1542 1253 1821 1336 confido,
1876 1259 2098 1318 tamen
2151 1276 2293 1319 con·

282 1340 510 1404 ducere
566 1339 847 1404 arbitror
906 1340 1150 1404 talibus
1216 1362 1405 1404 aures
1471 1344 1620 1405 tuas
1682 1342 1950 1406 vocibus
2013 1343 2293 1426 undique

282 1428 768 1505 circumsonare,
813 1450 929 1493 nec
975 1450 1084 1493 eas
1094 1478 1112 1511 ,
1158 1429 1214 1492 si
1258 1429 1400 1493 fieri
1445 1430 1681 1513 possit,
1729 1430 2071 1514 quicquam
2118 1430 2297 1495 aliud

283 1514 520 1580 audire.
593 1514 775 1591 Quod
820 1538 966 1581 cum
1011 1516 1310 1581 omnibus
1358 1521 1459 1582 est
1502 1517 1895 1609 faciendum!
1933 1519 2042 1601 qui
2087 1519 2294 1584 vitam
2331 1538 2363 1586 6

201 1622 253 1663 1⁶
281 1604 622 1668 honestam
669 1604 921 1690 ingredi
966 1605 1289 1689 cogitant,
1337 1609 1478 1670 tum
1522 1605 1695 1670 haud
1742 1606 1874 1671 scio
1923 1628 2008 1670 an
2051 1607 2295 1671 nemini

278 1693 498 1777 potius
544 1714 739 1777 quam
783 1693 932 1774 tibi;
1000 1693 1280 1757 sustines
1338 1693 1509 1758 enim
1561 1715 1696 1758 non
1751 1716 2024 1778 parvam
2072 1712 2293 1779 expec-

278 1781 594 1845 tationem
649 1780 999 1845 imitandae
1053 1780 1411 1846 industriae
1465 1786 1753 1866 nostrae,
1820 1804 2127 1868 magnam
2182 1783 2293 1847 ho-

277 1889 528 1953 norum,
572 1889 706 1933 non
748 1869 999 1933 nullam
1042 1868 1324 1934 fortasse
1367 1870 1665 1935 nominis.
1739 1868 2094 1955 Suscepisti
2132 1891 2293 1936 onus

279 1962 617 2043 praeterea
672 1978 869 2043 grave
925 1961 992 2023 et
1041 1958 1449 2024 Athenarum
1505 1965 1571 2023 et
1616 1958 1940 2045 Cratippi3
1996 1960 2078 2025 ad
2132 1982 2292 2045 quos

197 2065 251 2104 ao
281 2068 426 2111 cum
490 2051 826 2129 tamquam
892 2046 973 2111 ad
1036 2052 1464 2112 mercaturam
1528 2049 1845 2113 bonarum
1909 2049 2148 2113 artium
2201 2049 2292 2114 sis

278 2133 636 2218 profectus,
689 2134 945 2198 inanem
1001 2134 1208 2199 redire
1261 2135 1713 2219 turpissimum
1768 2140 1868 2200 est
1914 2136 2290 2202 dedecoran-

279 2228 412 2287 tem
459 2226 525 2287 et
570 2221 751 2286 urbis
798 2223 1254 2288 auctoritatem
1301 2227 1368 2286 et
1412 2224 1730 2308 magistri.
1822 2222 2049 2302 Quare,
2097 2247 2291 2308 quan·

280 2317 423 2374 tum
468 2310 668 2375 coniti
714 2310 929 2375 animo
974 2315 1188 2395 potes,
1243 2317 1558 2395 quantum
1614 2312 1836 2375 labore
1890 2313 2293 2396 contendere,

280 2399 338 2462 si
393 2398 676 2463 discendi
729 2398 917 2464 labor
971 2403 1071 2463 est
1124 2399 1345 2483 potius
1400 2421 1595 2483 quam
1647 2399 1952 2483 voluptas
1962 2451 1980 2482 ,
2033 2404 2292 2464 tantum

198 2504 252 2544 8⁵
277 2488 383 2551 fac
429 2491 503 2551 ut
549 2486 811 2568 efficias,
835 2508 995 2551 neve
1042 2488 1445 2571 committas,
1478 2491 1579 2571 ut,
1613 2508 1758 2551 cum
1805 2487 2022 2551 omnia
2067 2509 2294 2572 suppe-

281 2576 491 2640 ditata
545 2575 679 2638 sint
732 2597 771 2638 a
828 2576 1017 2640 nobis
1026 2624 1043 2657 ,
1097 2579 1239 2640 tute
1293 2576 1416 2640 tibi
1472 2575 1749 2640 defuisse
1802 2574 2078 2641 videare.
2169 2573 2292 2640 Sed

279 2663 442 2727 haec
492 2662 832 2745 hactenus3
895 2664 1104 2728 multa
1169 2664 1342 2729 enim
1406 2685 1598 2748 saepe
1654 2663 1735 2728 ad
1789 2667 1857 2728 te
1910 2664 2294 2729 cohortandi

282 2750 500 2837 gratia
552 2751 957 2835 scripsimus;
1017 2772 1187 2815 nunc
1242 2753 1325 2816 ad
1382 2752 1700 2835 reliquam
1756 2755 2009 2836 partem
2063 2774 2293 2838 propo·

284 2839 448 2903 sitae
494 2838 830 2903 divisionis
876 2843 1295 2904 revertamur.

196 2945 251 2985 so
412 2926 760 2992 Panaetius
815 2928 1045 3012 igitur,
1100 2928 1211 3011 qui
1266 2929 1405 2993 sine
1451 2929 1894 3016 controversia
1938 2929 2015 2993 de
2062 2929 2290 2994 officiis
2331 2948 2357 2995 7

281 3014 763 3080 accuratissime
792 3015 1167 3099 disputavit,
1205 3037 1520 3101 quemque
1552 3039 1673 3081 nos
1710 3017 2104 3082 correctione
2143 3039 2292 3101 qua-

282 3104 431 3168 dam
477 3103 771 3167 adhibita
815 3103 1227 3187 potissimum
1274 3104 1478 3170 secuti
1515 3126 1754 3187 sumuS,
1800 3104 2011 3168 tribus
2051 3106 2293 3190 generi-

286 3195 402 3255 bus
439 3191 820 3283 propositis}
857 3192 926 3255 in
964 3191 1197 3275 quibus
1227 3192 1583 3258 deliberare
1611 3192 1904 3256 homines
1944 3196 2010 3256 et
2044 3194 2291 3258 consul-

279 3285 422 3344 tare
451 3280 527 3343 de
549 3279 762 3344 officio
784 3279 1098 3362 solerent,;
1111 3300 1259 3364 uno,
1286 3302 1432 3345 cum
1453 3280 2293 3361 dubitarensshonestumne

200 3383 252 3425 ³⁶
279 3367 346 3432 id
402 3372 620 3448 essetf
638 3366 716 3432 de
762 3387 889 3450 quo
944 3372 1298 3452 ageretur,
1337 3391 1422 3433 an
1477 3373 1692 3452 turpe,
1757 3368 1990 3452 altero,
2053 3369 2292 3433 utilene

282 3459 456 3520 esset
512 3477 595 3519 an
648 3455 907 3536 inutile,
962 3455 1185 3535 tertio,
1234 3458 1288 3519 si
1334 3457 1400 3520 id
1405 3507 1465 3539 Γ
1483 3456 1655 3539 quod
1701 3456 1978 3540 speciem
2024 3456 2293 3523 haberet

281 3544 940 3628 honestikpugnaret
985 3564 1132 3607 cum
1177 3566 1308 3622 eos
1336 3544 1507 3628 quod
1553 3544 1711 3607 utile
1757 3544 2108 3630 videretur,
2167 3568 2291 3631 quo
