2630 3913
175 993 241 1040 ‘10

175 1873 236 1921 71

172 3237 234 3285 ⁷2

284 197 410 261 156
759 196 944 251 CATO
982 196 1218 251 MAIOR
1253 196 1353 249 DE
1393 196 1817 252 SENECTUTE

280 358 655 423 diuturnum
701 358 960 443 quidem
1007 362 1352 442 quicquam
1405 358 1689 442 videtur,
1746 357 1815 422 in
1862 380 1990 444 quo
2038 362 2139 424 est
2187 360 2299 424 ali-

280 446 436 530 quid
472 450 847 512 extremum.
920 444 1085 512 Cum
1114 447 1286 511 enim
1313 446 1382 510 id
1409 446 1690 530 advenit,
1727 451 1869 512 tum
1905 446 2087 529 illud,
2128 447 2298 532 quod

277 535 642 620 praeteriit,
697 534 973 619 effluxit3
1031 538 1288 599 tantum
1344 541 1661 619 remanet,
1716 535 1887 619 quod
1943 536 2187 601 virtute
2233 541 2300 601 et

278 628 450 688 recte
505 623 698 688 factis
754 626 1134 689 consecutus
1191 623 1306 706 sis3
1372 623 1571 688 horae
1629 622 1888 707 quidem
1942 624 2177 689 cedunt
2233 629 2300 690 et

280 712 415 776 dies
462 715 528 777 et
573 733 826 776 menses
872 715 939 776 et
985 711 1165 795 anni,
1219 733 1336 776 nec
1390 712 1816 795 praeteritum
1861 717 2117 797 tempus
2164 735 2298 779 um-
2353 732 2378 772 ε

280 822 474 884 quam
511 800 876 884 revertitur,
911 820 1047 884 nec,
1096 799 1251 883 quid
1287 803 1613 884 sequatur,
1649 800 1800 866 sciri
1835 805 2081 886 potest3
2127 801 2298 885 quod

280 888 507 970 cuique
561 888 877 973 temporis
934 887 1016 952 ad
1069 887 1415 952 vivendum
1481 887 1697 972 datur,
1763 910 1838 954 eo
1904 889 2095 954 debet
2158 911 2298 954 esse

278 979 640 1041 contentus
745 974 972 1061 Neque
1039 976 1210 1040 enim
1272 976 1604 1060 histrioni,
1677 981 1752 1041 ut
1813 977 2095 1061 placeat,
2158 999 2298 1063 per-

279 1064 530 1150 agenda
573 1064 800 1129 fabula
845 1069 973 1147 est,
1028 1064 1248 1148 mod0,
1306 1065 1377 1128 in
1432 1086 1832 1149 quocumque
1876 1064 2075 1130 fuerit
2131 1069 2297 1148 actu,

277 1152 616 1238 probetur,
669 1174 877 1237 neque
933 1153 1211 1237 sapienti
1265 1174 1469 1237 usque
1525 1152 1606 1217 ad
1652 1152 1998 1218 ‘Plaudite’
2043 1154 2295 1218 venien·
2330 1174 2382 1212 ιο

279 1240 432 1304 dum
488 1244 605 1305 est.
695 1240 903 1306 Breve
960 1241 1131 1305 enim
1185 1244 1442 1323 tempus
1499 1241 1734 1306 aetatis
1801 1241 1961 1306 satis
2028 1242 2295 1328 longum

279 1334 380 1393 est
426 1328 508 1393 ad
544 1329 705 1393 bene
747 1329 1143 1413 honesteque
1180 1328 1554 1412 vivendum3
1600 1329 1700 1394 sin
1736 1330 2127 1414 processerit
2162 1332 2298 1395 lon-

279 1419 445 1503 giuS,
487 1439 619 1482 non
664 1418 876 1503 magis
924 1417 1269 1482 dolendum
1317 1420 1434 1501 est,
1481 1439 1676 1501 quam
1714 1418 2039 1503 agricolae
2076 1418 2299 1484 dolent

276 1506 634 1590 praeterita
687 1506 871 1570 verni
924 1504 1238 1590 temporis
1295 1506 1619 1571 suavitate
1676 1509 1993 1571 aestatem
2048 1511 2296 1572 autum-

276 1615 558 1677 numque
620 1594 912 1694 venisse..
981 1593 1115 1657 Ver
1170 1592 1341 1657 enim
1401 1597 1736 1678 tamquam
1790 1594 2295 1661 adulescentiam
2327 1614 2381 1654 1⁵

276 1683 607 1853 3353?
630 1680 1398 1834 ᾱίἱξίἲέἐῗίἒὲθειῗέἕὶῗε
1431 1681 2024 1856 ῗὲξέἰὲῑῷἰξᾙέ
2053 1688 2294 1838 αἷὲἓῖῗ

278 1857 542 1922 modata
589 1860 758 1921 sunt.
837 1855 1113 1921 Fructus
1160 1860 1379 1922 autem
1425 1859 1776 1924 senectutis
1822 1863 1939 1944 est,
1984 1864 2058 1924 ut
2103 1882 2295 1945 saepe

280 1945 428 2030 dixi,
468 1949 618 2010 ante
644 1948 984 2031 partorum
1012 1946 1333 2011 bonorum
1361 1948 1672 2013 memoria
1701 1951 1767 2013 et
1794 1948 1997 2033 copia.
2061 1947 2295 2014 Omnia

278 2039 524 2118 autem,
580 2056 743 2117 quae
799 2033 1146 2098 secundum
1199 2038 1502 2100 naturam
1548 2037 1739 2121 fiunt,
1799 2041 1951 2101 sunt
1995 2036 2294 2103 habenda
2322 2058 2376 2097 2⁰

276 2124 344 2187 in
398 2121 605 2187 bonis.
706 2120 873 2197 Quid
933 2126 1035 2186 est
1097 2127 1313 2187 autem
1377 2128 1514 2189 tam
1580 2124 1928 2190 secundum
1991 2129 2292 2192 naturam

279 2233 473 2295 quam
511 2210 770 2275 senibus
809 2210 1055 2275 emori?
1102 2211 1272 2295 quod
1309 2212 1481 2277 idem
1517 2213 1840 2299 contingit
1876 2212 2293 2279 adulescenti·

275 2300 398 2364 bus
445 2298 829 2364 adversante
875 2302 943 2362 et
996 2304 1400 2385 repugnante
1453 2305 1704 2366 natura.
1796 2301 2026 2384 Itaque
2080 2302 2292 2368 adule-

277 2392 526 2453 scentes
574 2387 736 2452 mihi
781 2387 948 2451 mori
994 2388 1086 2452 sic
1130 2387 1457 2471 videntur,
1515 2393 1589 2453 ut
1634 2412 1781 2455 cum
1827 2411 2031 2472 aquae
2077 2391 2292 2455 multi·

274 2475 497 2540 tudine
551 2476 850 2540 fiammae
903 2474 1002 2540 vis
1058 2476 1475 2560 opprimitur,
1534 2499 1716 2543 senes
1772 2482 1988 2542 autem
2046 2479 2165 2562 sic,
2218 2484 2294 2544 ut
2323 2497 2376 2536 2⁵

276 2587 421 2629 cum
479 2585 596 2628 sua
652 2567 884 2648 sponte
938 2564 1123 2627 nulla
1177 2564 1471 2629 adhibita
1522 2566 1589 2630 vi
1643 2570 2064 2651 consumptus
2120 2567 2291 2654 ignis

278 2651 704 2736 extinguitur3
767 2655 834 2714 et
898 2651 1083 2732 quasi
1146 2673 1343 2735 poma
1406 2674 1482 2716 ex
1547 2652 1916 2738 arboribuS‚
1981 2655 2178 2721 cruda
2236 2657 2292 2721 si

278 2743 447 2821 sunt,
492 2738 600 2803 vix
647 2738 1029 2821 evelluntur,
1076 2738 1132 2802 si
1178 2743 1438 2805 matura
1483 2745 1549 2805 et
1589 2746 1789 2826 cocta,
1837 2743 2153 2827 decidunt,
2199 2745 2291 2809 sic

274 2828 481 2891 vitam
546 2825 1062 2892 adulescentibus
1128 2827 1227 2892 vis
1293 2828 1530 2914 aufert,
1594 2830 1854 2895 senibus
1919 2833 2291 2916 maturitas3

278 2938 442 2999 quae
488 2914 746 2999 quidem
793 2913 954 2977 mihi
998 2919 1137 2979 tam
1182 2915 1459 2982 iucunda
1505 2922 1630 3001 est,
1685 2922 1785 3002 ut,
1848 2940 1975 3002 quo
2021 2921 2287 3005 propius
2318 2938 2374 2980 ⁸0

277 3004 359 3068 ad
404 3007 683 3069 mortem
729 3002 1054 3085 accedam,
1113 3004 1298 3087 quasi
1351 3009 1597 3070 terram
1652 3006 1866 3072 videre
1913 3006 2132 3073 videar
2177 3009 2290 3073 ali-

278 3091 662 3176 quandoque
707 3091 776 3156 in
821 3095 1084 3176 portum
1131 3113 1207 3156 ex
1253 3094 1455 3178 longa
1498 3095 1917 3180 navigatione
1963 3117 2103 3161 esse
2143 3119 2290 3162 ven-

170 3159 254 3223 20
274 3184 477 3245 turus,
569 3177 930 3245 Senectutis
986 3184 1204 3245 autem
1257 3182 1477 3246 nullus
1534 3186 1633 3247 est
1686 3188 1900 3248 certus
1956 3184 2289 3267 terminuS,

273 3272 573 3353 recteque
609 3269 679 3332 in
717 3289 792 3332 ea
826 3268 1098 3347 vivitur,
1146 3269 1357 3351 quoad
1393 3292 1626 3335 munus
1672 3270 1872 3337 officii
1917 3274 2178 3355 exsequi
2223 3277 2290 3338 et

272 3356 442 3419 tueri
495 3355 705 3438 possit
753 3359 1183 3441 [mortemque
1239 3361 1704 3442 contemnere]3
1760 3381 1838 3424 ex
1885 3383 2011 3445 quo
2058 3361 2161 3446 fit,
2214 3365 2289 3425 ut
2319 3380 2366 3420 ³5

274 3443 627 3507 animosior
660 3443 857 3508 etiam
896 3449 1189 3510 senectus
1229 3445 1317 3510 sit
1356 3468 1549 3530 quam
1586 3446 2022 3513 adulescentia
2060 3452 2125 3512 et
2160 3448 2289 3513 for-

271 3529 421 3592 tior.
492 3529 635 3594 Hoc
681 3531 846 3596 illud
891 3536 1008 3616 est,
1056 3533 1226 3616 quod
1261 3533 1611 3600 Pisistrato
1648 3538 1928 3619 tyranno
1976 3558 2015 3601 a
2052 3534 2288 3602 Solone
