2630 3913
927 197 1077 251 CAP.
1117 203 1167 262 8,
1206 202 1255 252 9.
1332 201 1363 261 s
1402 202 1628 250 26—33.
2163 194 2294 259 223

326 412 339 425 .
369 412 383 425 .
411 360 513 425 ius
548 364 786 424 natura
830 362 1251 441 converteret,
1288 361 1361 423 ut
1398 360 1640 421 terram
1679 356 1870 421 lunae
1898 378 2121 422 cursus
2150 377 2294 441 pro·

279 450 450 514 xime
499 449 777 513 ambiret
833 447 1016 531 eique
1071 468 1269 530 supra
1325 450 1563 510 terram
1615 445 1911 529 proxima
1967 443 2123 508 solis
2178 447 2295 509 cir·

280 536 639 603 cumvectio
705 540 892 600 esset.
993 534 1250 599 Lucifer
1315 533 1541 598 deinde
1599 537 1664 597 et
1731 538 1953 597 sancta
2015 531 2295 597 Mercuri

281 627 476 691 stella
519 646 776 690 cursum
821 624 1066 687 habent
1118 622 1274 687 solis
1332 621 1653 686 celeritati
1698 643 1949 705 parem,
2003 621 2114 685 sed
2161 621 2294 684 vim

282 714 607 797 quandam
651 712 1063 793 contrariam,
1110 733 1310 795 eaque
1358 709 1865 791 concursatione,
1908 730 2096 790 quam
2122 708 2295 772 inter

228 823 253 861 5
284 826 351 867 se
396 803 643 866 habent
686 799 970 882 Lucifer,
1024 798 1382 864 Mercurius
1390 848 1409 878 ,
1464 798 1594 881 sol,
1650 797 1762 862 alii
1810 767 1974 862 alios
2028 797 2295 861 vincunt
2358 859 2367 868 ,

282 891 693 973 vicissimque
720 889 1080 952 vincuntur.
1143 886 1566 971 Reliquorum
1596 885 1879 950 siderum
1907 907 2072 970 quae
2101 906 2296 950 causa

281 978 641 1044 collocandi
693 976 891 1041 fuer1t
901 1028 917 1060 ,
991 996 1282 1059 quaeque
1340 996 1562 1039 eorum
1625 974 1712 1038 sit
1775 973 2162 1056 conlocatio,
2225 973 2294 1037 in

284 1088 645 1131 sermonem
693 1065 893 1129 alium
942 1063 1362 1128 differendum
1410 1066 1537 1144 est,
1581 1084 1663 1126 ne
1708 1062 1778 1125 in
1823 1083 1925 1145 ec,
1982 1062 2153 1145 quod
2201 1066 2294 1125 at-

282 1154 664 1239 tingendum
689 1151 835 1236 fuit,
873 1174 1067 1236 quam
1093 1152 1164 1215 in
1193 1173 1286 1233 eo,
1315 1150 1544 1235 quoius
1574 1171 1769 1214 causa
1795 1150 1860 1213 id
1890 1149 2295 1235 attingimuS‚

207 1261 256 1299 10
283 1243 543 1327 longior
589 1244 871 1326 ponatur
926 1239 1154 1305 oratio,
1246 1237 1513 1313 Quando
1569 1238 1773 1324 igitur
1819 1238 1945 1302 sibi
2000 1238 2295 1321 quodque

285 1352 506 1395 eorum
554 1330 834 1393 siderum
881 1349 1138 1392 cursum
1185 1327 1487 1392 decorum
1533 1330 1635 1390 est
1672 1327 1996 1410 adeptum,
2044 1348 2119 1389 ex
2159 1326 2293 1410 qui·

283 1419 406 1482 bus
453 1421 594 1482 erat
640 1417 868 1482 modus
915 1416 1227 1501 temporis
1275 1414 1772 1515 consignanduS,
1818 1414 2292 1499 conligatisque

284 1506 663 1590 corporibus
718 1504 994 1570 vinculis
1059 1504 1447 1568 animalibus
1514 1502 1871 1567 animantia
1935 1507 2080 1567 orta
2144 1504 2295 1565 sunt

285 1617 485 1679 eaque
530 1593 802 1677 imperio
848 1614 1075 1677 parere
1114 1592 1497 1675 didicerunt,
1550 1595 1692 1655 tum
1740 1612 1816 1654 ex
1872 1591 2140 1655 alterius
2184 1611 2294 1653 na-

205 1701 255 1741 15
284 1687 467 1748 turae
513 1683 800 1747 motione
845 1684 1216 1745 transversa
1261 1680 1333 1743 in
1378 1679 1663 1744 eiusdem
1720 1682 1991 1743 naturae
2045 1681 2294 1742 motum

282 1770 676 1836 incurrentia
711 1770 781 1834 in
817 1791 1018 1854 eaque
1045 1768 1383 1833 haerentia
1412 1772 1605 1852 atque
1634 1767 1943 1851 inpedita,
1978 1788 2123 1831 cum
2162 1766 2295 1831 alia

282 1860 594 1924 maiorem
626 1860 984 1922 lustrarent
1021 1858 1265 1938 orbem,
1313 1856 1443 1920 alia
1472 1856 1804 1939 minorem,
1842 1855 2090 1919 tardius
2129 1876 2293 1938 quae

283 1949 613 2031 maiorem,
657 1947 927 2013 celerius
967 1968 1130 2031 quae
1167 1946 1503 2029 minorem,
1547 1947 1730 2009 motu
1767 1944 1955 2009 unius
1986 1944 2295 2008 eiusdem-

286 2058 408 2120 que
452 2039 724 2100 naturae
772 2056 934 2118 quae
979 2034 1384 2099 velocissime
1431 2033 1885 2117 movebantur,
1941 2054 2018 2097 ea
2076 2032 2293 2097 celeri-

206 2142 258 2182 20
285 2128 422 2187 tate
468 2123 637 2186 vinci
682 2146 721 2187 a
765 2122 1162 2186 tardioribus
1209 2126 1291 2205 et,
1338 2144 1483 2186 cum
1531 2122 1952 2205 superabant,
2004 2120 2296 2205 superari

2331 901 2400 950 30

288 2210 687 2274 videbantur.
778 2209 1003 2273 Omnis
1059 2209 1228 2273 enim
1289 2210 1465 2274 orbis
1523 2231 1745 2274 eorum
1808 2209 1994 2293 quasi
2046 2208 2293 2274 helicae
2330 2224 2394 2273 31

286 2297 626 2362 inflexione
664 2298 977 2380 vertebat,
1024 2297 1174 2382 quia
1210 2297 1514 2361 bifariam
1552 2297 1874 2362 contrarie
1912 2296 2107 2360 simul
2144 2319 2293 2381 pro—

287 2385 580 2450 cedentia
636 2385 1027 2467 efficiebant,
1090 2388 1189 2468 ut,
1245 2386 1416 2469 quod
1471 2389 1641 2450 esset
1695 2385 2166 2467 tardissimum,
2228 2384 2295 2448 id

284 2474 650 2559 proximum
696 2473 881 2538 fieret
935 2473 1285 2538 celerrimo.
1377 2474 1593 2557 Atque
1648 2477 1723 2537 ut
1769 2476 1939 2537 esset
1992 2494 2295 2537 mensura

206 2582 258 2621 25
287 2563 604 2646 quaedam
668 2562 926 2626 evidens
937 2612 954 2645 ,
1028 2584 1190 2646 quae
1229 2561 1322 2625 'in
1377 2565 1523 2626 octo
1580 2561 1871 2627 cursibus
1927 2560 2293 2626 celeritates

283 2651 754 2734 tarditatesque
801 2651 1173 2734 declararet,
1211 2650 1364 2714 deus
1409 2651 1549 2734 ipse
1597 2650 1801 2715 solem
1847 2649 2032 2734 quasi
2076 2648 2294 2713 lumen

285 2740 574 2804 accendit
609 2739 691 2804 ad
727 2739 1077 2804 secundum
1113 2760 1309 2822 supra
1345 2742 1589 2802 terram
1618 2739 1953 2821 ambitum,
1990 2742 2064 2802 ut
2099 2760 2291 2822 quam

284 2828 562 2911 maxime
639 2828 888 2892 caelum
971 2826 1270 2891 omnibus
1353 2827 1717 2891 conluceret
1790 2827 2295 2911 animantesque,

286 2917 517 3000 quibus
562 2915 661 2979 ius
709 2919 880 2979 esset
926 2915 1156 2997 doceri,
1203 2915 1284 2979 ab
1334 2914 1617 2978 eiusdem
1662 2918 1847 2979 motu
1894 2918 1959 2978 et
2006 2915 2087 2978 ab
2137 2916 2292 2997 61113,

286 3005 455 3087 quod
493 3003 703 3067 simile
743 3006 929 3084 esset,
974 3025 1387 3067 numerorum
1424 3007 1725 3067 naturam
1762 3003 2019 3085 vimque
2062 3024 2294 3087 cogno-

285 3095 551 3156 scerent.
639 3090 785 3156 Nox
838 3091 1041 3176 igitur
1088 3095 1152 3155 et
1207 3091 1342 3155 dies
1399 3091 1479 3155 ad
1535 3091 1705 3156 hunc
1759 3091 2022 3155 modum
2077 3094 2143 3154 et
2208 3091 2291 3155 ob
2331 3106 2398 3154 32

205 3197 257 3237 ³0
282 3180 402 3244 has
468 3183 776 3264 generata
841 3200 1066 3244 causas
1129 3202 1328 3244 unum
1392 3179 1795 3244 circumitum
1860 3178 2036 3243 orbis
2094 3178 2294 3242 efficit

286 3268 834 3352 sapientissimum
881 3272 1074 3352 atque
1112 3268 1448 3352 optimum,
1484 3267 1723 3331 mensis
1762 3270 1998 3350 autem,
2036 3267 2291 3351 quando

284 3356 440 3420 luna
494 3356 774 3420 lustrato
837 3377 952 3420 suo
999 3377 1189 3420 cursu
1246 3357 1450 3420 solem
1505 3358 1848 3421 consecuta
1894 3359 2021 3438 est,
2068 3378 2292 3438 annuS,

285 3444 397 3507 ubi
463 3444 562 3508 sol
623 3465 808 3508 suum
867 3447 1080 3508 totum
1141 3443 1418 3509 confecit
1482 3446 1548 3508 et
1609 3443 1987 3528 peragravit
2050 3445 2289 3509 orbem.

287 3530 666 3596 Ceterorum
705 3535 921 3596 autem
961 3531 1241 3596 siderum
1269 3531 1555 3596 ambitus
1583 3531 1958 3616 ignorantes
1995 3531 2290 3598 homines
2328 3549 2394 3598 33
