2630 3913
314 209 438 272 182
905 210 1207 265 LAELIUS
1244 210 1342 264 DE
1378 211 1708 266 AMICITIA

308 393 424 435 nec
464 372 806 435 observare
844 372 1157 455 restricte,
1194 395 1273 436 ne
1309 373 1457 457 plus
1496 373 1721 437 reddat
1751 396 1945 457 quam
1974 374 2318 458 acceperit,

308 481 512 542 neque
569 460 737 523 enim
793 460 1142 523 verendum
1198 465 1324 543 est,
1390 484 1470 525 ne
1528 462 1680 545 quid
1739 462 2016 544 excidat,
2070 466 2183 526 aut
2235 484 2316 526 ne

311 547 462 630 quid
520 548 585 611 in
639 552 882 612 terram
938 549 1200 632 defluat,
1267 552 1380 613 aut
1442 570 1522 613 ne
1577 551 1723 634 plus
1782 572 1985 634 aequo
2043 550 2196 633 quid
2248 552 2317 614 in

205 651 269 699 59
308 635 660 700 amicitiam
715 641 1117 720 congeratur.
1208 636 1465 701 Tertius
1520 660 1672 702 vero
1728 638 1840 702 ille
1902 639 2050 702 finis
2116 639 2316 702 deter-

307 746 547 807 rumuS,
593 729 682 806 ut,
731 725 955 807 quanti
993 726 1261 809 quisque
1300 748 1368 789 se
1415 726 1555 809 ipse
1592 726 1808 809 faciat,
1853 727 2024 791 tanti
2070 727 2186 791 fiat
2234 728 2314 790 ab
2373 747 2400 785 ε,

309 812 550 876 amicis,
642 809 844 896 Saepe
901 814 1071 877 enim
1125 815 1193 877 in
1257 814 1644 897 quibusdam
1709 820 1822 879 aut
1886 816 2139 879 animus
2204 817 2315 879 ab—

307 901 533 964 iectior
597 904 697 964 est
762 905 874 964 aut
930 924 1076 985 spes
1133 903 1621 986 amplificandae
1677 904 1974 967 fortunae
2029 903 2316 968 fractior.

306 988 369 1052 N
373 1011 457 1052 on
511 993 611 1052 est
665 989 867 1075 igitur
923 990 1113 1055 amici
1167 992 1367 1055 talem
1423 1013 1562 1055 esse
1608 992 1677 1055 in
1721 1013 1895 1074 eum,
1950 992 2159 1075 qualis
2206 993 2317 1055 ille

305 1077 373 1140 in
420 1099 488 1141 se
536 1081 651 1161 est,
699 1078 809 1141 sed
854 1080 1071 1162 potius
1118 1079 1275 1143 eniti
1323 1082 1389 1143 et
1435 1079 1712 1161 efficere,
1758 1084 1831 1143 ut
1877 1080 2065 1144 amici
2111 1081 2317 1145 iacen-

305 1170 438 1229 tem
487 1167 771 1230 animum
810 1167 1044 1231 excitet
1080 1168 1466 1251 inducatque
1502 1170 1573 1232 in
1609 1189 1788 1252 spem
1828 1169 2315 1253 cogitationem·
2344 1187 2398 1226 ιο

308 1276 429 1337 que
475 1255 824 1319 meliorem.
896 1255 1084 1319 Alius
1131 1257 1335 1341 igitur
1381 1256 1527 1319 finis
1573 1278 1762 1320 verae
1801 1257 2123 1321 amicitiae
2168 1279 2314 1321 con-

307 1343 668 1407 stituendus
725 1348 850 1426 est,
909 1344 966 1408 si
1019 1344 1225 1427 prius,
1291 1344 1444 1428 quid
1500 1366 1796 1409 maxume
1850 1344 2317 1429 reprehendere

306 1428 520 1515 Scipio
578 1432 808 1496 solitus
865 1432 976 1509 sit,
1032 1433 1268 1496 dixero.
1359 1432 1663 1518 Negabat
1710 1434 1909 1497 ullam
1955 1455 2177 1497 vocem
2224 1434 2316 1496 in·

305 1520 658 1584 imiciorem
706 1521 1026 1585 amicitiae
1072 1521 1364 1605 potuisse
1410 1522 1676 1605 reperiri
1733 1544 1927 1604 quam
1984 1522 2149 1604 eiuS,
2204 1523 2315 1604 qui

307 1607 573 1672 dixisset
637 1610 731 1672 ita
795 1631 1012 1672 amare
1077 1613 1400 1693 oportere,
1472 1614 1546 1673 ut
1611 1610 1667 1673 si
1732 1610 2078 1693 aliquando
2143 1614 2314 1674 esset
2347 1628 2395 1666 1⁵

306 1718 562 1778 osurus;
613 1718 731 1761 nec
784 1719 937 1761 vero
984 1719 1052 1761 se
1101 1697 1329 1761 adduci
1380 1719 1598 1782 posse,
1659 1702 1730 1762 ut
1784 1699 1933 1781 hoc,
1989 1720 2178 1781 quem
2233 1699 2315 1762 ad

305 1784 566 1848 modum
610 1788 969 1869 putaretur,
1015 1807 1053 1848 a
1098 1784 1332 1849 Biante
1379 1808 1517 1850 esse
1565 1786 1807 1850 dictum
1852 1786 2156 1869 crederet,
2203 1788 2316 1870 qui

305 1873 561 1955 sapiens
616 1872 878 1936 habitus
934 1878 1106 1938 esset
1159 1895 1324 1937 unus
1380 1896 1414 1937 e
1469 1878 1745 1959 septem,
1809 1874 2046 1959 impuri
2110 1875 2313 1940 cuius-

304 1961 450 2025 dam
499 1964 612 2025 aut
657 1962 984 2026 ambitiosi
1033 1966 1145 2027 aut
1191 1963 1408 2027 omnia
1454 1963 1534 2027 ad
1581 1985 1763 2028 suam
1810 1964 2172 2047 potentiam
2219 1986 2322 2045 re-⁴

303 2050 595 2114 vocantis
650 2071 789 2114 esse
846 2052 1247 2115 sententiam.
1342 2050 1634 2126 Quonam
1689 2053 1859 2116 enim
1905 2052 2096 2117 modo
2144 2053 2312 2136 quis·
2341 2070 2394 2109 20

304 2160 497 2221 quam
545 2139 788 2204 amicus
835 2161 974 2204 esse
1019 2141 1262 2224 poterit
1309 2141 1385 2224 ei,
1432 2141 1533 2206 cui
1581 2163 1648 2204 se
1684 2141 1944 2225 putabit
1980 2141 2310 2205 inimicum

303 2248 441 2290 esse
479 2227 713 2310 posse?
761 2228 915 2310 quin
963 2229 1157 2293 etiam
1203 2250 1463 2294 necesse
1510 2229 1633 2293 erit
1678 2251 1907 2313 cupere
1954 2233 2020 2292 et
2066 2233 2312 2313 optare,

301 2319 375 2378 ut
431 2338 623 2398 quam
680 2317 1053 2401 saepissime
1108 2322 1329 2401 peccet
1393 2319 1635 2381 amicus
1646 2368 1663 2400 ,
1729 2339 1854 2400 quo
1918 2317 2137 2400 plures
2203 2318 2312 2382 det

303 2404 425 2467 sibi
457 2409 788 2488 tamquam
818 2427 1008 2470 ansas
1038 2406 1120 2470 ad
1146 2405 1765 2490 reprehendendum3
1800 2427 2054 2470 rursum
2094 2411 2310 2470 autem

214 2494 227 2507 ‘
302 2497 471 2556 recte
516 2493 707 2557 factis
754 2494 1230 2577 commodisque
1279 2496 1631 2559 amicorum
1677 2515 1934 2558 necesse
1977 2494 2102 2557 erit
2136 2494 2309 2579 angi
2339 2511 2390 2549 2⁵

196 2596 264 2645 60
302 2580 534 2662 dolere,
573 2582 873 2649 invidere.
948 2581 1156 2657 Quare
1192 2583 1314 2647 hoc
1344 2583 1600 2666 quidem
1635 2586 2069 2666 praeceptum,
2106 2583 2311 2646 cuius-

300 2691 569 2751 cumque
609 2675 724 2752 est,
762 2670 844 2734 ad
880 2670 1236 2734 tollendam
1269 2671 1624 2735 amicitiam
1660 2671 1863 2752 valet3
1899 2670 2063 2734 illud
2089 2671 2309 2754 potius

299 2757 820 2842 praecipiendum
875 2758 1027 2841 fuit,
1086 2762 1159 2822 ut
1215 2781 1358 2822 eam
1405 2759 1809 2844 diligentiam
1858 2758 2308 2824 adhiberemus

297 2846 367 2909 in
414 2845 714 2910 amicitiis
761 2846 1229 2930 comparandis,
1274 2852 1349 2911 ut
1392 2868 1473 2911 ne
1520 2847 1774 2930 quando
1817 2869 2034 2911 amare
2070 2847 2308 2931 incipe·

298 2956 512 2998 remus
570 2957 741 3018 eum,
803 2957 994 3019 quem
1041 2935 1387 3018 aliquando
1436 2935 1647 3000 odisse
1691 2957 2047 3020 possemus.
2139 2935 2308 3010 Quin
2335 2953 2389 2991 ⁸0

300 3023 522 3105 etiam,
569 3023 625 3087 si
671 3024 882 3088 minus
927 3024 1147 3090 felices
1193 3025 1261 3088 in
1309 3024 1635 3109 diligendo
1680 3024 2061 3108 fuissemus,
2104 3024 2307 3088 feren-

299 3111 447 3176 dum
486 3112 552 3175 id
580 3109 791 3196 Scipio
834 3113 1052 3197 potius
1090 3135 1282 3196 quam
1322 3113 1804 3177 inimicitiarum
1841 3117 2098 3196 tempus
2138 3113 2306 3197 cogi-

298 3201 566 3264 tandum
612 3201 904 3284 putabat.

186 3268 269 3391 ἐιῗ
427 3287 548 3352 His
585 3289 788 3373 igitur
823 3290 1058 3354 finibus
1096 3289 1406 3354 utendum
1444 3290 1745 3372 arbitror,
1782 3293 1872 3372 ut,
1910 3311 2054 3354 cum
2094 3311 2304 3352 emen-

297 3375 432 3438 dati
478 3398 688 3441 mores
737 3378 1089 3442 amicorum
1136 3378 1282 3461 sint,
1329 3382 1469 3442 tum
1518 3377 1603 3440 sit
1648 3378 1818 3441 inter
1864 3399 1973 3442 eos
2018 3379 2304 3441 omnium
2335 3394 2386 3433 ³⁶

297 3484 536 3545 rerum,
591 3466 1034 3548 consiliorum,
1088 3466 1500 3529 voluntatum
1556 3466 1692 3529 sine
1748 3466 1887 3529 ulla
1933 3466 2304 3549 exceptione

298 3551 742 3633 communitas,
778 3556 868 3629 ut,
908 3553 1162 3616 etiamsi
1203 3575 1328 3634 qua
1355 3553 1619 3617 fortuna
1648 3553 1951 3618 acciderit
1980 3556 2052 3616 ut
2091 3553 2302 3616 minus
