2630 3913
344 218 466 281 192
925 217 1231 271 LAELIUS
1269 217 1367 270 DE
1405 217 1734 271 AMICITIA

338 380 696 463 deantur3
757 379 943 444 illos
1008 401 1266 443 verum
1324 401 1550 463 saepe
1607 379 1884 462 dicere,
1948 378 2087 444 hos
2146 403 2349 444 num-

339 467 598 552 quam?
656 466 870 550 Atque
908 467 1072 531 illud
1109 466 1479 550 absurdum,
1517 466 1687 550 quod
1732 466 1797 550 ii,
1836 468 1948 551 qui
1989 473 2351 552 monentur,

338 579 482 622 eam
519 557 904 639 molestiam,
948 578 1143 640 quam
1182 557 1418 620 debent
1455 577 1699 639 capere,
1736 576 1867 621 non
1897 557 2179 641 capiunt,
2209 579 2352 622 eam

336 645 618 730 capiunt,
666 666 793 727 qua
839 644 1073 709 debent
1118 666 1377 727 vacare3
1420 664 1719 729 peccasse
1759 644 1927 708 enim
1973 668 2040 709 se
2078 668 2208 711 non
2246 668 2352 710 an·

339 737 598 818 guntur,
653 732 985 817 obiurgari
1041 734 1312 798 moleste
1367 731 1612 815 ferunt3
1668 732 1839 815 quod
1886 737 2112 799 contra
2168 756 2351 818 opor·
2406 752 2433 791 ο

340 822 540 903 tebet,
587 820 821 886 delicto
861 820 1095 904 dolere,
1141 821 1536 886 correctione
1583 820 1878 907 gaudere.

235 891 319 1016 {15
473 905 566 974 Ut
610 909 812 994 igitur
860 914 926 974 et
971 930 1231 975 monere
1268 914 1336 974 et
1373 909 1619 974 moneri
1656 909 1991 993 proprium
2029 914 2130 974 est
2163 932 2352 975 verae

341 996 663 1062 amicitiae
702 1001 768 1062 et
806 998 1081 1062 alterum
1119 997 1323 1062 libere
1357 996 1587 1081 facere,
1622 1019 1753 1062 non
1783 1018 2025 1083 aspere,
2073 997 2352 1063 alterum

337 1087 660 1171 patienter
702 1086 1006 1170 accipere,
1051 1107 1183 1151 non
1218 1089 1675 1171 repugnanter,
1718 1086 1809 1150 sic
1846 1084 2215 1151 habendum
2253 1091 2354 1152 est

337 1175 587 1239 nullam
632 1174 700 1238 in
746 1174 1049 1239 amicitiis
1094 1178 1346 1259 pestem
1402 1195 1541 1238 esse
1588 1174 1898 1240 maiorem
1957 1196 2151 1257 quam
2203 1175 2353 1240 adu·
2382 1195 2431 1233 ιο

339 1263 681 1346 lationem,
735 1263 1149 1346 blanditiam,
1214 1261 1757 1345 adsentationem3
1822 1263 2117 1346 quamvis
2183 1264 2354 1329 enim

340 1352 562 1416 multis
625 1351 994 1416 nominibus
1061 1355 1161 1415 est
1222 1352 1345 1416 hoc
1404 1351 1637 1416 vitium
1695 1351 2054 1416 notandum
2115 1352 2353 1417 levium

339 1440 674 1505 hominum
720 1444 913 1523 atoue
967 1439 1302 1504 fallacium
1353 1439 1434 1503 ad
1492 1439 1893 1504 voluntatem
1951 1441 2353 1523 loquentium

234 1546 300 1595 92
332 1529 574 1611 omnia,
611 1528 777 1592 nihil
816 1528 896 1592 ad
934 1528 1290 1592 veritatem.
1358 1525 1521 1592 Cum
1559 1532 1776 1592 autem
1814 1528 2100 1593 omnium
2138 1550 2354 1593 rerum

341 1616 671 1681 simulatio
718 1611 955 1681 vitiosa
1000 1621 1099 1679 est
1155 1613 1361 1699 (tollit
1406 1616 1576 1679 enim
1622 1615 1926 1681 iudicium
1973 1617 2110 1681 veri
2155 1617 2348 1701 idque
2377 1634 2428 1675 ιο

342 1702 713 1789 adulterat),
751 1708 890 1768 tum
930 1704 1252 1768 amicitiae
1281 1707 1605 1790 repugnat
1633 1704 1938 1788 maxime3
1975 1704 2145 1770 delet
2183 1706 2352 1770 enim

339 1793 710 1875 veritatem,
772 1792 907 1856 sine
956 1813 1083 1875 qua
1125 1813 1363 1858 nomen
1409 1793 1729 1858 amicitiae
1779 1793 1990 1857 valere
2036 1815 2166 1859 non
2211 1798 2352 1879 pot-

342 1887 456 1946 est.
539 1879 711 1944 Nam
758 1902 901 1946 cum
950 1880 1272 1945 amicitiae
1319 1880 1416 1945 vis
1465 1881 1551 1945 sit
1596 1881 1663 1944 in
1710 1902 1804 1965 eo,
1850 1887 1923 1945 ut
1960 1903 2126 1946 unus
2167 1883 2351 1967 quasi

343 1970 594 2034 animus
642 1970 759 2034 fiat
805 1991 880 2033 ex
927 1970 1241 2054 pluribus,
1288 1970 1399 2054 qui
1443 1969 1510 2033 id
1554 1970 1695 2034 fieri
1740 1970 2009 2055 poterit,
2057 1971 2112 2035 si
2156 1993 2237 2036 ne
2284 1973 2352 2036 in

237 2164 302 2211 23
342 2080 469 2211 333
486 2057 1258 2231 νζέἶῖῗοὲἓᾙὲἕαέἒέἒῗ
1296 2062 1712 2231 ἴηῗῗὲἒξῖἑᾞ
1731 2059 2354 2233 affiffimffiffisz
2381 2077 2432 2116 '⁰

344 2257 482 2300 esse
527 2239 664 2299 tam
712 2235 1010 2318 flexibile,
1056 2239 1193 2300 tam
1231 2235 1487 2300 devium
1526 2258 1718 2319 quam
1758 2236 2010 2301 animus
2049 2236 2203 2316 eius,
2243 2238 2354 2321 qui

341 2324 423 2389 ad
487 2324 756 2389 alterius
822 2345 953 2389 non
1016 2324 1207 2389 modo
1274 2345 1532 2388 sensum
1597 2346 1671 2389 ac
1735 2325 2165 2409 voluntatem,
2240 2326 2353 2391 sed

342 2413 538 2478 etiam
586 2413 840 2477 vultum
886 2416 1080 2495 atque
1127 2417 1355 2477 nutum
1404 2412 1843 2477 convertitur?

430 2500 683 2586 Negat
712 2500 909 2583 quis,
938 2521 1160 2586 neg03
1197 2501 1332 2584 ait,
1369 2501 1516 2583 ai03
1552 2505 1945 2585 postremo
1973 2499 2350 2586 imperavi

1547 2592 1850 2674 egomet
1895 2588 2084 2654 mihi
2380 2607 2429 2646 π

431 2661 704 2742 Omnia
751 2675 1171 2753 adsentari,

345 2770 418 2830 ut
465 2765 558 2829 ait
604 2763 773 2828 idem
820 2764 1179 2847 Terentius,
1226 2764 1339 2828 sed
1382 2764 1495 2828 ille
1540 2766 1609 2830 in
1653 2764 2019 2831 Gnathonis
2054 2788 2352 2850 persona,

239 2871 305 2918 94
346 2852 514 2937 quod
553 2852 743 2917 amici
782 2874 983 2938 genus
1023 2852 1327 2917 adhibere
1364 2853 1624 2918 omnino
1653 2854 1942 2919 levitatis
1980 2857 2096 2918 est.
2155 2854 2351 2920 Multi

346 2947 558 3007 autem
590 2940 1008 3006 Gnathonum
1037 2941 1282 3005 similes
1311 2963 1457 3006 cum
1485 2942 1618 3006 sint
1649 2942 1810 3025 loco,
1855 2942 2138 3026 fortuna,
2173 2941 2353 3008 fama

345 3030 724 3114 superiores,
769 3028 1001 3094 horum
1048 3033 1148 3093 est
1194 3028 1558 3095 adsentatio
1597 3031 1891 3113 molesta,
1938 3053 2081 3096 cum
2122 3031 2203 3095 ad
2238 3055 2350 3096 va-
2378 3048 2430 3088 ³⁰

240 3136 304 3184 95
342 3119 616 3183 nitatem
673 3118 943 3183 accessit
1005 3118 1378 3183 auctoritas.
1469 3116 1724 3184 Secerni
1790 3123 2008 3183 autem
2070 3119 2348 3184 blandus

345 3206 587 3272 amicus
635 3230 674 3271 a
718 3228 870 3271 vero
918 3209 984 3271 et
1029 3206 1379 3272 internosci
1424 3211 1562 3271 tam
1608 3211 1828 3291 potest
1874 3207 2164 3272 adhibita
2211 3208 2370 3272 dili-·

346 3295 568 3379 gentia
614 3316 808 3378 quam
846 3295 1061 3359 omnia
1087 3294 1308 3360 fucata
1346 3300 1411 3359 et
1449 3295 1755 3360 simulata
1784 3318 1824 3361 a
1852 3295 2116 3361 sinceris
2157 3301 2351 3380 atque

344 3383 530 3445 veris.
622 3381 872 3465 Contio,
920 3404 1081 3465 quae
1128 3404 1205 3447 ex
1249 3383 1754 3469 imperitissimis
1802 3389 2084 3467 constat,
2130 3390 2352 3450 tamen

345 3468 624 3533 iudicare
672 3470 869 3551 solet,
926 3470 1078 3553 quid
1131 3471 1391 3536 intersit
1449 3472 1618 3536 inter
1672 3473 2082 3556 popularem,
2136 3473 2202 3536 id
2251 3479 2353 3538 est
2383 3491 2432 3531 ³⁶

350 3554 822 3620 adsentatorem
890 3561 954 3619 et
1009 3559 1215 3622 levem
1275 3560 1507 3640 civem,
1572 3564 1637 3623 et
1699 3561 1868 3625 inter
1928 3565 2350 3631 constantem.
