2630 3913
758 231 1179 287 PH1LOSOPH.
1217 230 1276 286 F.
1314 231 1393 286 VI
1433 239 1498 286 14
1512 232 1710 286 —VIII
1746 240 1796 287 9.
2157 234 2283 298 331

273 396 457 459 bonos
501 395 808 458 auditores
850 399 1067 458 nactus
1110 395 1180 458 in
1214 394 1486 458 convivio
1522 394 1848 458 dumtaxat
1883 394 2054 477 leyat.
2116 395 2289 459 Mihi

273 483 449 547 valde
483 483 754 563 placent,
799 483 1045 545 mallem
1092 482 1217 548 tibi.

406 570 464 634 5.
528 569 650 634 Cic.
704 569 836 634 Att.
900 569 1083 634 XVI
1127 574 1183 633 6.
1237 573 1281 633 4
1345 569 1533 633 Nune
1591 570 2024 651 neyleyentiam
2087 590 2286 634 meam

272 677 578 739 cognosce:
633 659 706 722 de
741 657 947 740 yloria
992 657 1217 722 librum
1260 658 1348 721 ad
1391 662 1444 722 te
1487 658 1657 733 misi,
1651 677 1664 691 ·
1722 663 1792 721 at
1843 659 1913 722 in
1964 678 2031 722 eo
2075 677 2286 738 prooe-

220 765 245 805 5
272 747 468 809 mium
520 746 591 809 id
641 750 751 823 est,
805 746 968 827 quod
1016 746 1087 809 in
1140 746 1505 809 Academico
1558 746 1749 809 tertio.
1837 746 1923 810 Id
1960 747 2165 810 evenit
2216 746 2287 809 ob

270 854 406 898 eam
440 854 585 916 rem,
620 835 781 915 quod
812 834 996 898 habeo
1031 833 1308 897 volumen
1332 834 1821 914 prooemiorum‚·
1867 853 1942 898 eoe
1975 853 2041 898 eo
2076 834 2288 915 eliyere

269 922 450 1000 soleo,
504 942 642 986 oum
696 922 946 1022 aliquod
989 916 1388 1004 σύγγραμμα
1443 921 1718 996 institui‚·
1776 922 1981 1002 itaque
2034 923 2165 985 iam
2217 923 2286 986 in

277 1010 643 1086 Tusculano,
680 1011 788 1090 qui
822 1030 948 1074 non
983 1010 1393 1073 meminissem
1418 1029 1514 1072 me
1540 1008 1799 1072 abusum
1825 1011 1940 1074 isto
1959 1012 2285 1090 prooemi0‚

272 1098 496 1162 conieci
539 1098 608 1161 id
648 1099 719 1160 in
762 1117 900 1161 eum
945 1098 1197 1174 librum,
1255 1117 1432 1178 quem
1478 1097 1587 1160 tibi
1630 1098 1790 1161 misi.
1883 1096 2040 1161 Cum
2082 1103 2286 1162 autem

197 1207 243 1245 ιο
272 1186 341 1249 in
385 1186 536 1249 navi
580 1185 828 1266 leyerem
862 1184 1274 1266 Academicos,
1319 1185 1543 1266 aynovi
1585 1190 1858 1248 erratum
1893 1205 2125 1260 meum;
2170 1187 2285 1249 ita-

270 1293 385 1354 que
436 1273 647 1336 statim
700 1292 923 1336 novum
966 1274 1350 1353 prooemium
1404 1274 1659 1336 exaravi
1708 1277 1767 1336 et
1821 1273 1931 1337 tibi
1983 1274 2128 1337 misi
2137 1293 2157 1348 ,·
2221 1279 2287 1338 tu

277 1360 441 1424 illud
482 1360 802 1435 desecabis,
847 1360 957 1424 lioe
999 1361 1430 1441 adylutinabis.

408 1448 465 1511 6.
521 1447 640 1512 Cic.
686 1447 815 1510 Att.
862 1447 1041 1511 XVI
1078 1453 1174 1512 11.
1219 1453 1259 1512 1
1314 1448 1614 1513 Nostrum
1668 1468 1821 1529 opus
1875 1449 1987 1513 tibi
2027 1448 2287 1530 probari

274 1537 495 1611 laetor;
541 1555 617 1599 ex
660 1555 775 1616 quo
809 1530 993 1617 ἄνθη
1040 1537 1178 1616 ipsa
1211 1537 1494 1616 posuisti,
1539 1556 1694 1618 quae
1737 1536 1892 1599 mihi
1933 1537 2286 1616 florentiora

195 1645 245 1683 15
273 1629 419 1688 sunt
459 1625 593 1688 visa
630 1628 731 1687 tuo
765 1624 1025 1699 iudicio;
1073 1625 1308 1688 cerulas
1351 1625 1516 1688 enim
1562 1629 1701 1689 tuas
1743 1625 2108 1689 miniatulas
2142 1625 2287 1690 illas

271 1712 739 1776 extimescebam.

407 1801 463 1863 7.
509 1801 871 1881 Hieronym.
917 1805 1226 1864 comment.
1280 1801 1368 1864 ad
1411 1799 1619 1863 Galat.
1666 1799 1799 1862 III
1834 1802 1875 1865 5
1922 1800 1991 1864 T.
2050 1799 2193 1864 VII
2219 1822 2286 1881 p.

270 1891 390 1953 515
426 1888 575 1967 qu.
634 1887 897 1953 Vallars.
956 1887 1239 1968 Quantas
1288 1886 1509 1951 habeat
1558 1889 1940 1969 definitiones
1991 1894 2051 1952 et
2099 1890 2286 1971 siqni-

272 1978 583 2056 ficationes
621 1977 842 2058 yloria,
887 1981 944 2040 et
975 1975 1481 2057 philosophorum
1524 1977 2001 2041 innumerabiles
2046 1978 2190 2041 libri
2231 1984 2290 2042 et

194 2084 246 2122 20
275 2064 583 2129 Ciceronis
609 2065 728 2127 duo
756 2065 1088 2146 volumina,
1116 2084 1271 2144 quae
1288 2065 1362 2127 de
1373 2064 1575 2144 yloria
1593 2065 1852 2146 scripsit,
1879 2067 2106 2129 indicio
2124 2072 2284 2130 sunt.

1060 2217 1159 2271 EX
1194 2216 1411 2271 LIBRO
1450 2219 1490 2272 1.

410 2328 467 2391 8.
506 2327 729 2391 Festus
766 2348 828 2408 p.
866 2331 1015 2392 202.
1053 2330 1138 2392 25
1177 2325 1555 2408 Oppidorum
1590 2327 1888 2409 oriyinem
1931 2329 2151 2408 optime
2192 2350 2284 2393 re-

269 2414 395 2495 fert
429 2414 635 2479 Gicero
683 2415 835 2480 libro
879 2416 928 2479 I
963 2416 1036 2480 de
1072 2415 1277 2497 yloria
1320 2435 1569 2495 eamque
1602 2414 2069 2496 appellationem
2103 2436 2286 2480 usur-

263 2508 498 2584 patam·
532 2522 654 2567 esse
696 2504 1029 2585 existimat,
1086 2501 1278 2584 ‘quod
1319 2522 1486 2584 opem
1531 2501 1799 2580 darent',
1850 2502 2152 2567 adiciens:
2211 2507 2285 2567 ut

191 2610 245 2650 25
272 2590 565 2655 imitetur
611 2590 889 2675 ineptias
936 2588 1318 2656 Stoicorum.

1048 2745 1146 2798 EX
1182 2744 1400 2799 LIBRO
1438 2746 1506 2801 11.

404 2856 464 2919 9.
512 2854 668 2920 Gell.
717 2854 859 2919 XV
894 2860 934 2919 6
976 2855 1063 2919 In
1111 2854 1262 2919 libro
1306 2854 1403 2918 M.
1454 2854 1648 2936 Tulli,
1704 2855 1815 2935 qui
1863 2860 1953 2920 est
1992 2857 2288 2920 secundus

271 2945 344 3008 de
382 2944 544 3024 ylor'
523 2965 609 3025 za,
668 2943 1033 3022 manifestus
1085 2962 1255 3008 error
1308 2947 1398 3007 est
1446 2962 1573 3006 non
1625 2962 1888 3023 maynae
1940 2943 2057 3021 rei,
2110 2962 2286 3022 quem

269 3051 536 3095 errorem
591 3051 714 3096 esse
755 3032 956 3112 possit
1014 3050 1353 3139 coynoscere
1413 3049 1540 3094 non
1601 3030 1830 3109 aliquis
1892 3031 2285 3113 eruditor-,um

186 3137 241 3175 30
269 3120 375 3183 sed
415 3120 523 3199 qui
568 3123 809 3182 tantum
854 3119 1062 3199 leyerit
1095 3112 1384 3202 Ομήρου
1426 3112 1502 3181 τό
1549 3112 1609 3199 η’
1657 3118 1992 3199 (89-91).
2084 3116 2286 3196 Quam

269 3207 341 3271 ob
386 3227 515 3269 rem
549 3227 676 3270 non
715 3212 842 3270 tam
878 3207 948 3270 id
979 3207 1382 3286 mirabamur,
1426 3224 1662 3269 errasse
1697 3206 1767 3268 in
1802 3225 1874 3268 ea
1910 3226 1975 3269 re
2008 3205 2105 3269 M
2137 3206 2285 3269 Tul·

269 3295 446 3376 lium,
480 3315 664 3375 quam
700 3315 826 3359 non
860 3314 983 3358 esse
1017 3295 1514 3358 animadversum
1549 3293 1658 3357 hoc
1679 3297 1896 3374 postea
1930 3298 2284 3357 correctum-

265 3402 382 3463 que
432 3382 525 3446 vel
577 3383 654 3447 ab
706 3384 840 3463 ipso
892 3382 985 3446 vel
1036 3402 1079 3445 a
1136 3382 1387 3461 Tirone,
1451 3381 1659 3444 liberto
1722 3382 1869 3444 eius.
1960 3381 2068 3444 Ita
2120 3383 2284 3445 enim

265 3470 565 3550 scriptum
609 3471 678 3534 in
731 3489 798 3534 eo
853 3470 1005 3534 libro
1057 3475 1174 3534 est:
1231 3468 1427 3553 Apud
1481 3468 1753 3533 eundem
1807 3473 2069 3552 po’etam
2116 3468 2283 3532 Aiax

182 3575 237 3615 85
267 3578 414 3622 cum
461 3556 741 3622 Hectore
796 3556 1216 3643 congrediens
1272 3556 1685 3642 depugnandi
1739 3578 1934 3622 causa
1988 3556 2155 3643 agit,
2210 3561 2283 3620 ut
