2630 3913
236 909 301 959 ‘13

337 205 425 269 26
1120 203 1218 256 DE
1255 202 1556 258 ormcns

336 366 477 452 regi
540 366 769 430 civitas
835 368 950 429 aut
1012 364 1326 430 declarari
1389 364 1589 428 animi
1653 363 2034 449 magnitudo
2106 368 2343 450 potest.

338 453 838 538 Capessentibus
868 457 1086 517 autem
1112 474 1249 517 rem
1285 452 1614 536 publicam
1650 452 1856 516 nihilo
1895 452 2108 517 minus
2148 475 2344 536 quam

336 541 771 627 philosophis,
828 540 1002 606 haud
1061 541 1194 605 scio
1253 562 1339 604 an
1396 540 1607 625 magis
1667 540 1884 623 etiam,
1925 544 1993 606 et
2051 541 2343 627 magnifi-

337 630 549 695 centia
602 633 669 693 et
722 628 1140 714 despicientia
1195 627 1558 692 adhibenda
1611 631 1713 691 est
1764 649 1979 692 rerum
2033 629 2342 694 humana·

337 740 521 800 rum,
563 740 757 801 quam
813 738 1002 802 saepe
1058 716 1225 800 dico,
1280 720 1347 781 et
1399 716 1843 799 tranquillitas
1892 717 2091 781 animi
2147 722 2341 801 atque
2394 733 2423 774 ⁶

340 805 679 889 securitas,
725 805 1040 889 siquidem
1082 826 1202 870 nec
1247 804 1423 868 anxii
1468 803 1672 869 futuri
1716 808 1870 869 sunt
1915 808 1981 868 et
2016 827 2162 870 cum
2200 826 2342 891 gra-

337 894 540 960 vitate
586 893 1077 976 constantiaque
1121 893 1372 957 victuri.
1446 889 1621 966 Quae
1665 892 1962 957 faciliora
2008 896 2160 957 sunt
2204 894 2344 977 phi-

339 981 660 1067 losophis,
698 1004 825 1065 quo
863 982 1074 1046 minus
1112 981 1322 1045 multa
1356 984 1585 1065 patent
1619 980 1688 1044 in
1725 1003 1947 1046 eorum
1984 982 2154 1065 vita,
2180 1003 2342 1065 quae

212 1068 223 1081 ’
339 1069 602 1134 fortuna
652 1070 873 1153 feriat,
929 1072 995 1133 et
1050 1090 1176 1152 quo
1232 1069 1444 1133 minus
1492 1068 1717 1133 multis
1762 1069 1953 1134 rebus
2001 1073 2221 1154 egent,
2277 1073 2343 1133 et

342 1159 519 1242 quia,
556 1158 612 1222 si
641 1158 794 1242 quid
831 1157 1082 1222 adversi
1119 1158 1400 1240 eveniat,
1437 1160 1574 1220 tam
1612 1158 1895 1248 graviter
1942 1158 2165 1222 cadere
2210 1179 2343 1222 non
2371 1176 2423 1216 ιο

246 1320 249 1324 ,
339 1250 629 1331 possunt.
703 1244 1014 1321 Quocirca
1047 1266 1180 1310 non
1225 1246 1363 1309 sine
1400 1266 1594 1309 causa
1640 1246 1917 1310 maiores
1955 1249 2168 1310 motus
2207 1247 2340 1310 ani—

237 2192 321 2319 33

340 1356 591 1399 morum
659 1335 1064 1399 concitantur
1133 1333 1507 1417 maioraque
1563 1335 1771 1398 studia
1830 1332 2145 1398 efficiendi
2204 1356 2342 1399 rem

338 1422 667 1508 publicam
714 1422 1087 1508 gerentibus
1144 1443 1338 1504 quam
1394 1421 1655 1504 quietis,
1711 1442 1838 1504 quo
1893 1418 2103 1507 magis
2148 1421 2230 1486 iis
2277 1425 2344 1487 et

339 1509 717 1597 magnitudo
764 1514 864 1575 est
909 1509 1108 1574 animi
1153 1508 1517 1573 adhibenda
1569 1512 1635 1573 et
1678 1510 1970 1574 vacuitas
2015 1510 2096 1574 ab
2146 1530 2340 1595 ango-

339 1598 536 1662 ribus.
626 1597 730 1661 Ad
774 1620 911 1662 rem
958 1596 1305 1683 gerendam
1352 1601 1568 1660 autem
1616 1597 1726 1680 qui
1771 1598 2042 1680 accedit,
2097 1603 2354 1687 caveat,
2373 1615 2424 1656 1⁵

339 1709 419 1752 ne
481 1686 546 1750 id
612 1684 801 1750 modo
867 1684 1267 1767 consideret,
1318 1706 1510 1768 quam
1574 1685 1691 1750 illa
1753 1707 1855 1750 res
1909 1686 2184 1752 honesta
2239 1686 2344 1769 sit,

342 1774 454 1838 sed
490 1774 686 1837 etiam
732 1776 807 1837 ut
842 1773 1082 1837 habeat
1117 1772 1433 1838 efficiendi
1466 1772 1875 1856 facultatem3
1918 1775 1988 1838 in
2026 1795 2149 1858 quo
2198 1774 2341 1859 ipso

341 1860 871 1927 considerandum
927 1865 1059 1944 est,
1111 1882 1192 1925 ne
1256 1865 1370 1924 aut
1423 1865 1664 1925 temere
1719 1861 2013 1946 desperet
2075 1866 2344 1948 propter

341 1950 668 2037 ignaviam
714 1953 827 2014 aut
871 1949 1063 2014 nimis
1110 1949 1391 2014 confidat
1435 1953 1701 2035 propter
1746 1950 2184 2035 cupiditatem.
2265 1950 2344 2015 In

342 2039 639 2104 omnibus
687 2043 903 2103 autem
946 2037 1252 2123 negotiis,
1298 2039 1478 2122 prius
1526 2060 1719 2122 quam
1766 2039 2175 2124 adgrediare,
2232 2040 2341 2104 ad·
2370 2058 2423 2098 πο

343 2126 624 2191 hibenda
670 2131 770 2192 est
814 2126 1227 2212 praeparatio
1274 2127 1568 2212 diligens.

473 2213 597 2280 Sed
643 2237 787 2281 cum
832 2215 1120 2300 plerique
1166 2215 1564 2279 arbitrentur
1610 2236 1711 2278 res
1748 2213 2018 2280 bellicas
2064 2216 2342 2281 maiores

343 2325 482 2369 esse
530 2326 724 2387 quam
768 2304 1081 2386 urbanas,
1126 2302 1471 2368 minuenda
1517 2306 1616 2367 est
1651 2303 1809 2367 haec
1848 2303 2083 2388 opinio.
2147 2303 2341 2368 Multi

343 2392 512 2457 enim
558 2392 734 2457 bella
780 2413 969 2478 saepe
1016 2392 1471 2476 quaesiverunt
1506 2395 1772 2475 propter
1819 2391 2065 2476 gloriae
2104 2392 2342 2477 cupidi·

340 2486 573 2564 tatem,
611 2484 805 2564 atque
841 2480 907 2544 id
943 2480 1010 2544 in
1047 2480 1301 2565 magnis
1350 2480 1580 2543 animis
1626 2480 2028 2564 ingeniisque
2065 2481 2342 2564 plerum·
2370 2496 2424 2538 ιο

344 2591 466 2653 que
504 2569 849 2654 contingit,
895 2589 1096 2651 eoque
1135 2567 1384 2652 magis,
1419 2567 1475 2631 si
1510 2570 1663 2631 sunt
1700 2567 1781 2632 ad
1816 2589 1954 2631 rem
1992 2569 2339 2633 militarem

344 2657 482 2742 apti
535 2660 601 2720 et
654 2655 868 2739 cupidi
919 2655 1240 2720 bellorum
1301 2654 1755 2740 gerendorum3
1808 2677 1958 2720 vere
2014 2660 2229 2722 autem
2286 2678 2344 2722 si

343 2744 642 2809 volumus
687 2742 996 2826 iudicare,
1043 2744 1287 2807 multae
1333 2764 1435 2807 res
1483 2743 1838 2808 extiterunt
1882 2745 2167 2810 urbanae
2212 2766 2344 2810 ma·

240 2846 303 2895 ‘15
340 2832 512 2897 iores
558 2831 988 2914 clarioresque
1035 2852 1229 2915 quam
1274 2830 1561 2897 bellicae.
1636 2829 1943 2907 Quamvis
1982 2834 2152 2897 enim
2182 2832 2342 2898 The·

342 2920 671 2985 mistocles
715 2919 853 2983 iure
898 2918 1199 2983 laudetur
1244 2922 1308 2983 et
1357 2920 1444 2983 sit
1489 2919 1624 2983 eius
1660 2941 1896 2985 nomen
1943 2942 2137 3004 quam
2167 2918 2343 2986 Solo·
2369 2937 2427 2979 ω

342 3009 443 3074 nis
506 3007 865 3074 inlustrius.
909 3007 1268 3092 citcturque
1333 3004 1610 3073 Salamis
1683 3007 2081 3073 clarissimae
2154 3009 2342 3074 testis

340 3097 681 3180 victoriae,
738 3117 899 3179 quae
962 3098 1395 3181 anteponatur
1448 3095 1715 3161 consilio
1762 3092 2019 3160 Solonis
2073 3098 2170 3181 ei,
2216 3119 2344 3182 quo

341 3185 621 3270 primum
661 3183 1000 3249 constituit
1040 3183 1490 3270 AriopagitaS,
1524 3205 1657 3249 non
1692 3182 1904 3248 minus
1941 3181 2343 3268 praeclarum

343 3274 466 3339 hoc
513 3295 706 3357 quam
741 3272 904 3337 illud
940 3272 1350 3337 iudicandum
1387 3276 1513 3354 est3
1557 3271 1720 3336 illud
1757 3271 1926 3336 enim
1964 3273 2164 3337 semel
2199 3295 2344 3359 pro-

340 3361 494 3443 fuit,
555 3360 680 3426 hoc
724 3381 977 3446 semper
1029 3359 1320 3446 proderit
1364 3360 1639 3442 civitati3
1682 3359 1808 3426 hoc
1850 3359 2121 3426 consilio
2166 3360 2345 3447 leges
2374 3376 2427 3418 ³⁵

345 3446 865 3530 Atheniensium,
928 3447 1053 3513 hoc
1114 3448 1434 3513 maiorum
1495 3448 1800 3514 instituta
1851 3452 2218 3532 servantur-3
2280 3452 2348 3513 et

344 3534 813 3600 Themistocles
858 3535 1117 3620 quidem
1159 3535 1326 3601 nihil
1372 3534 1632 3620 dixerit,
1673 3535 1744 3600 in
1790 3558 1918 3621 quo
1962 3537 2103 3622 ipse
2148 3537 2346 3604 Areo-
