2630 3913
1021 228 1114 296 IV,
1150 229 1217 283 V.
1273 235 1303 295 ς
1340 236 1565 284 27—33.
1743 211 1746 212 ᾗ
2168 228 2293 292 2οἹ

279 389 625 476 profiteris,
654 410 835 472 quos
882 390 1061 475 leges
1106 385 1299 453 exilio
1348 389 1536 455 adfici
1575 390 1821 472 volunt,
1868 391 2086 453 exules
2124 394 2296 473 sunt,

282 478 540 542 etiamsi
578 478 791 542 solum
828 500 959 542 non
998 482 1350 542 mutarunt.
1412 479 1537 560 An,
1574 500 1719 543 cum
1759 499 1980 542 omnes
2019 482 2084 542 te
2113 478 2293 562 leges

282 567 535 631 exulem
592 587 732 631 esse
788 561 1117 631 iubeant.
1287 565 1396 646 .†
1451 567 1738 650 appellet
1795 566 2119 649 inimicus,
2185 567 2294 649 qui

280 676 426 721 cum
468 655 605 720 telo
652 653 892 719 fuerit?
975 654 1149 718 Ante
1196 658 1490 718 senatum
1538 658 1654 718 tua
1708 654 1842 719 sica
1898 654 2295 739 deprehensa

201 763 227 802 5
282 746 398 807 est.
472 741 595 817 Qui
639 742 969 807 hominem
1012 742 1361 808 occiderit?
1435 740 1759 808 Plurimos
1799 742 2107 807 occidisti.
2172 740 2296 816 Qui

241 831 642 896 incendium
688 830 956 896 fecerit?
1046 830 1245 895 Aedis
1291 829 1743 915 Nympharum
1791 853 1989 895 manu
2033 835 2176 895 tua
2195 830 2295 893 de-

282 919 602 1005 flagravit.
692 918 817 994 Qui
878 920 1126 1002 templa
1190 919 1644 1003 occupaverit?
1734 918 1811 983 In
1873 918 2016 983 foro
2081 923 2297 984 castra

244 1007 577 1092 posuisti.
649 1005 774 1072 Sed
821 1007 974 1091 quid
1021 1028 1142 1092 ego
1184 1029 1555 1073 communes
1601 1008 1780 1093 leges
1826 1006 2115 1091 profero,
2162 1008 2295 1091 qui·
2333 1023 2403 1073 32

144 1124 151 1130 ·
262 1095 419 1159 >bus
459 1096 757 1161 omnibus
823 1118 891 1160 es
956 1094 1146 1160 exul?
1236 1094 1810 1160 Familiarissimus
1874 1099 2025 1159 tuus
2089 1094 2166 1160 de
2230 1099 2296 1160 te

204 1178 258 1243 ω’
280 1183 695 1269 privilegium
724 1184 898 1262 tulit,
943 1188 1035 1267 ut,
1082 1184 1137 1248 si
1182 1183 1252 1248 in
1288 1188 1585 1268 opertum
1623 1185 1843 1248 Bonae
1880 1182 2054 1269 Deae
2091 1204 2298 1249 acces-

283 1272 501 1354 sisses,
547 1272 857 1336 exulares.
931 1272 1025 1336 At
1068 1275 1134 1336 te
1180 1272 1246 1336 id
1291 1272 1519 1339 fecisse
1567 1272 1762 1336 etiam
1800 1270 2071 1356 gloriari
2107 1273 2295 1336 soles.
2348 1343 2352 1347 ,

284 1356 424 1433 Quo
471 1360 662 1425 modo
701 1360 904 1445 igitur
946 1364 1048 1425 tot
1085 1361 1339 1445 legibus
1378 1361 1617 1425 eiectus
1655 1361 1724 1425 in
1762 1360 2025 1424 exilium
2061 1381 2297 1425 nomen

283 1446 490 1511 exulis
544 1469 675 1513 non
729 1448 1209 1533 perhorrescis?
1300 1448 1577 1514 Romae
1634 1447 1828 1527 sum'‚
1890 1447 2117 1531 inquit.
2206 1447 2298 1512 Et

278 1534 542 1618 quidem
587 1537 656 1601 in
673 1542 930 1638 ‘operto
976 1536 1171 1601 fuisti.
1243 1538 1395 1603 Non
1430 1538 1652 1624 igitur,
1695 1537 1807 1601 ubi
1848 1537 2117 1620 quisque
2155 1537 2299 1619 erit,

206 1640 257 1681 1⁵
285 1623 421 1688 eius
479 1624 606 1690 loci
667 1624 769 1690 ius
834 1626 1111 1709 tenebit,
1177 1625 1239 1690 si
1293 1626 1390 1689 ibi
1453 1648 1598 1691 eum
1660 1625 1918 1711 legibus
1974 1646 2113 1690 esse
2167 1646 2298 1689 non

285 1713 633 1797 oportebit.
1933 1749 1936 1752 v

918 1922 1532 1990 PARADOXON
1574 1921 1654 1990 V.

440 2026 593 2181 Ov‘t5
645 2054 851 2181 μῖνος
905 2026 943 2095 ὁ
999 2026 1213 2114 σοφὸς
1277 2027 1631 2113 ἐλεύθερος
1692 2029 1803 2095 καὶ
1834 2033 1992 2109 πᾶς
2059 2028 2320 2116 ἄφρων

596 2141 678 2182 ου
722 2141 795 2194 ος
2395 2134 2407 2148 ·

207 2258 258 2297 ιο
418 2238 745 2304 Laudetur
789 2262 942 2306 vero
987 2242 1093 2305 hic
1137 2242 1493 2325 imperator
1539 2245 1654 2306 aut
1699 2242 1897 2307 etiam
1934 2245 2298 2327 appelletur
2334 2225 2430 2349 {a

287 2332 402 2392 aut
453 2327 577 2393 hoc
630 2328 889 2392 nomine
945 2329 1177 2415 dignus
1234 2331 1523 2412 putetur!
1598 2328 1738 2405 Quo
1790 2330 1980 2395 modo
2037 2336 2151 2396 aut
2196 2334 2298 2397 cui
2463 2354 2472 2367 ’

285 2415 548 2481 tandem
583 2416 690 2481 hic
727 2416 933 2481 libero
969 2417 1336 2502 imperabit,
1374 2417 1483 2500 qui
1519 2439 1648 2483 non
1680 2422 1899 2502 potest
1935 2419 2297 2504 cupiditati-

236 2505 406 2570 bus
435 2504 569 2569 suis
598 2505 963 2589 imperare?
1026 2505 1332 2570 Refrenet
1352 2505 1639 2590 primum
1677 2507 1995 2590 libidines,
2033 2512 2336 2593 spernat

285 2593 693 2678 voluptates,
713 2593 1111 2658 iracundiam
1139 2598 1377 2677 teneat,
1418 2599 1711 2659 coerceat
1739 2596 2099 2699 avaritiam,
2135 2600 2297 2661 cete-

207 2699 260 2740 25
285 2703 394 2745 ras
441 2681 642 2745 animi
687 2681 869 2746 labes
914 2683 1222 2767 repellat,
1266 2686 1409 2746 tum
1454 2682 1723 2768 incipiat
1768 2684 1916 2749 aliis
1962 2686 2298 2770 imperare,

285 2792 432 2835 cum
476 2769 617 2854 ipse
661 2769 1161 2854 improbissimis
1208 2770 1511 2853 dominis,
1566 2771 1859 2837 dedecori
1904 2794 1978 2837 ac
2023 2773 2297 2858 turpitu-

287 2857 447 2940 dini,
500 2880 727 2958 parere
783 2858 1071 2942 desierit3
1127 2859 1278 2922 dum
1326 2859 1583 2941 quidem
1627 2860 1730 2924 his
1791 2861 2114 2944 oboediet,
2166 2882 2298 2925 non

287 2945 478 3011 modo
522 2946 896 3033 imperator,
943 2946 1054 3011 sed
1099 2947 1264 3012 liber
1308 2947 1644 3012 habendus
1691 2948 1951 3012 omnino
1988 2971 2120 3015 non
2156 2949 2296 3013 erit.

285 3033 623 3100 Praeclare
660 3035 832 3099 enim
869 3039 969 3099 est
1005 3035 1128 3100 hoc
1171 3040 1553 3119 usurpatum
1593 3059 1632 3101 a
1678 3036 2067 3101 doctissimis
2114 3035 2297 3119 (quo-

208 3139 260 3179 to
285 3144 432 3186 rum
478 3143 600 3208 ego
647 3123 1034 3189 auctoritate
1079 3145 1211 3188 non
1254 3129 1488 3208 uterer,
1534 3126 1590 3188 si
1636 3125 1797 3189 mihi
1834 3125 2005 3209 apud
2043 3124 2296 3208 aliquos

286 3214 578 3296 agrestes
632 3211 792 3277 haec
845 3211 1144 3277 habenda
1200 3217 1372 3276 esset
1426 3213 1666 3296 orati03
1725 3234 1871 3278 cum
1925 3234 2078 3278 vero
2125 3213 2296 3297 apud

284 3298 821 3383 prudentissimos
869 3300 1118 3385 loquar,
1165 3301 1397 3385 quibus
1443 3301 1601 3366 haec
1645 3301 1939 3365 inaudita
1980 3323 2110 3366 non
2148 3302 2297 3384 sint,

285 3408 399 3451 cur
452 3408 574 3473 ego
629 3387 929 3452 simulem
983 3410 1113 3472 me,
1178 3389 1233 3452 si
1290 3389 1445 3473 quid
1497 3389 1565 3452 in
1619 3389 1721 3452 his
1777 3388 2008 3453 studiis
2064 3411 2295 3473 operae

284 3475 632 3576 posuerim,
678 3476 1103 3577 perdidisse?)
1150 3476 1391 3541 dictum
1439 3482 1539 3541 est
1583 3477 1786 3562 igitur
1822 3478 1904 3541 ab
1943 3478 2295 3543 eruditissi-

205 3578 259 3620 ³⁵
284 3562 409 3627 mis
445 3563 603 3627 viris
640 3564 768 3627 nisi
806 3564 1162 3649 sapientem
1210 3565 1487 3628 liberum
1533 3586 1673 3630 esse
1716 3565 2056 3633 neminem.
2130 3565 2295 3642 Quid
2334 3582 2400 3630 3⁴
