2630 3913
779 1127 875 1203 M.
934 1128 1223 1203 TULLI
1320 1127 1809 1203 CICERONIS

391 1310 537 1395 DE
600 1310 1037 1399 OFFIOIIS
1100 1310 1244 1394 AD
1308 1309 1757 1397 MARCUM
1818 1311 2186 1396 FILIUM

990 1519 1231 1579 LIBER
1274 1519 1587 1580 PRIMUS.

963 1801 1625 1864 ARGUMENTUM.

424 1933 497 1989 M.
537 1934 754 1991 Tullius
801 1951 926 1990 cum
971 1937 1285 2006 temporum
1332 1934 1631 2005 iniquitate
1688 1934 1759 1989 ab
1806 1934 2292 1991 administratione

285 2005 2291 2147 {siffisfflsszfflssffl{fflffitfe⁸335213551313t33233133322

284 2147 651 2214 absolvisset,
698 2147 876 2202 altera
918 2150 1078 2217 parte
1132 2148 1264 2202 anni
1299 2150 1432 2217 post
1467 2147 1584 2203 urb.
1625 2147 1783 2204 cond.
1825 2154 1945 2217 710,
1983 2147 2052 2202 de
2090 2147 2290 2203 officiis

284 2235 429 2287 quae
467 2234 567 2272 sua
602 2221 752 2273 esset
787 2219 1094 2287 sententia,
1133 2217 1373 2272 Graecos
1410 2219 1663 2272 auctores
1699 2217 2047 2286 maximeque
2083 2218 2291 2273 Panae·

287 2289 433 2342 tium
467 2291 688 2343 secutus
728 2289 1073 2343 conscribere
1103 2288 1291 2357 coepit
1328 2290 1386 2341 et
1411 2288 1471 2340 id
1500 2290 1886 2358 argumentum
1914 2288 2092 2342 tribus
2128 2289 2289 2342 libris

291 2358 679 2427 pertractavit,
719 2376 855 2428 quos
893 2359 1051 2413 misit
1086 2358 1159 2411 ad
1195 2360 1268 2411 M.
1307 2358 1509 2423 filium,
1549 2360 1643 2426 qui
1679 2361 1801 2412 tum
1835 2358 2070 2411 Athenis
2107 2359 2290 2428 philo-

295 2427 521 2495 sophiae
557 2429 802 2484 studium
839 2430 1074 2484 colebat.
1139 2430 1221 2482 Ac
1256 2428 1436 2498 primo
1467 2429 1692 2497 quidem
1720 2428 1864 2483 libro
1892 2428 2067 2481 filium
2097 2429 2290 2483 cohor-

290 2499 458 2565 tatus,
478 2500 541 2553 ut
564 2517 678 2554 non
705 2500 885 2554 solum
903 2499 964 2553 in
974 2499 1358 2623 Ehssosophia,
1379 2516 1571 2553 verum
1600 2498 1770 2553 etiam
1797 2498 1856 2552 in
1884 2498 2109 2553 dicendi
2138 2515 2291 2553 exer-

289 2568 555 2624 citatione
584 2587 711 2624 cum
730 2570 956 2625 Graecis
1020 2569 1178 2624 atina
1204 2586 1424 2639 semper
1451 2568 1816 2638 coniungeret
1842 2571 1900 2625 et
1927 2586 2085 2624 suum
2112 2569 2288 2639 patris

288 2641 600 2710 exemplum
628 2644 965 2710 sequeretur,
1002 2643 1067 2695 ut
1093 2657 1281 2710 parem
1311 2640 1536 2695 dicendi
1574 2639 1793 2710 copiam
1828 2640 1889 2694 in
1925 2641 2158 2709 utroque
2195 2658 2289 2710 ge·

284 2727 416 2765 nere
454 2710 747 2777 orationis,
795 2714 853 2766 et
897 2711 1005 2767 hoc
1052 2711 1247 2766 sedato
1294 2711 1620 2781 ‘disputandi
1667 2713 1726 2765 et
1760 2711 1861 2766 illo
1897 2710 2105 2766 forensi
2143 2728 2289 2767 com-

284 2779 539 2846 motiore,
578 2781 686 2836 sibi
715 2784 1062 2851 compararet
1089 2785 1229 2852 (cap.
1265 2785 1333 2850 1),
1366 2783 1608 2851 primum
1633 2782 1986 2853 propositum
2014 2799 2188 2849 suum,
2225 2785 2290 2836 ut

285 2852 356 2906 de
395 2850 593 2906 officiis
644 2852 716 2906 ad
751 2852 825 2905 M.
865 2852 1042 2906 filium
1087 2852 1301 2921 aliquid
1339 2853 1739 2921 conscriberet,
1787 2852 2042 2923 exponit,
2080 2854 2141 2906 in
2177 2869 2288 2922 quo

285 2938 345 2977 se
385 2921 602 2977 Stoicos
648 2922 1001 3002 potissimum
1047 2926 1364 2977 secuturum
1410 2940 1529 2979 esse
1576 2924 1659 2977 ait
1695 2927 1834 2994 (cap.
1867 2931 1898 2978 2
1935 2930 1965 2989 ξ
1994 2926 2184 2992 4-6),
2233 2925 2289 2977 et

285 2992 482 3046 definit
518 3009 583 3046 ac
620 2992 828 3047 ‹hvidit
863 2994 1124 3059 officium,
1161 2993 1421 3062 omnique
1450 2994 1776 3064 quaestione
1805 2994 1865 3047 in
1894 2994 2137 3063 quinque
2165 3011 2287 3062 par-

282 3065 370 3117 tes
408 3063 591 3116 divisa
633 3063 873 3133 primum
919 3065 987 3118 de
1036 3063 1287 3131 honesto,
1339 3067 1458 3118 tum
1504 3064 1572 3118 de
1609 3065 1968 3119 honestorum
2006 3080 2288 3133 compara-

280 3133 463 3200 tione,
510 3133 639 3187 dein
684 3132 754 3188 de
796 3134 951 3202 utili,
996 3150 1160 3203 porro
1198 3135 1267 3189 de
1304 3134 1526 3189 utilium
1562 3134 2000 3204 comparatione,
2048 3134 2287 3202 denique

281 3204 353 3258 de
389 3203 616 3259 honesti
644 3206 702 3258 et
736 3204 911 3272 utilis,
947 3222 1090 3273 quae
1127 3203 1384 3261 videatur
1421 3221 1555 3273 esse,
1592 3205 1950 3260 contentione
1990 3204 2287 3258 dicendum

281 3290 405 3328 esse
444 3272 588 3329 dicit
629 3278 772 3344 (cap.
802 3282 852 3341 3,
882 3283 916 3330 4
952 3282 983 3341 ξ
1012 3279 1222 3344 7—10).
1295 3277 1440 3331 Tum
1483 3276 1590 3331 hoc
1625 3276 1770 3331 libro
1808 3275 2047 3346 primum
2085 3275 2153 3329 de
2189 3275 2288 3329 ho-

278 3346 445 3399 nesto
482 3344 605 3414 agit
642 3349 782 3415 (cap.
811 3349 1049 3414 4—42),
1096 3349 1156 3400 et
1199 3346 1477 3416 explicata
1513 3346 1736 3415 quidem
1772 3344 2031 3399 universa
2064 3345 2287 3400 honesti

276 3417 483 3470 natura
528 3418 670 3486 (cap.
701 3418 756 3484 4)
806 3433 926 3470 eam
982 3416 1040 3470 in
1087 3419 1351 3484 quattuor
1394 3418 1580 3487 partes
1633 3417 1862 3482 dividit,
1911 3432 2053 3485 quae
2097 3416 2156 3470 in
2203 3435 2288 3472 sa·

275 3485 523 3610 Eientia,
560 3485 803 3552 iustitia,
841 3486 1196 3554 fortitudine,
1231 3488 1606 3569 temperantia
1639 3487 1856 3557 positae
1887 3486 2002 3540 sint
2039 3490 2182 3558 (cap.
2214 3491 2287 3556 6).

331 3573 364 3610 e
419 3555 509 3610 his
562 3556 739 3626 igitur
791 3557 901 3611 iam
948 3557 1274 3627 explicatius
1322 3558 1485 3624 dicit,
1544 3561 1602 3613 et
1656 3558 1724 3613 cle
1781 3556 2057 3628 sapientia
2103 3561 2162 3612 et
2204 3558 2291 3611 in-

385 3654 497 3695 010.
524 3655 605 3696 lv.
632 3657 670 3696 3.
1941 3654 1965 3700 1
