2630 3913
867 210 1317 265 ORATIONUM.
1356 210 1418 263 Β.
1464 218 1649 265 1-18.
2146 212 2272 275 287

260 376 586 458 finyimus:
634 372 802 448 Quid
838 374 1158 457 reliquum
1198 374 1341 437 est?
1388 378 1473 437 et:
1513 372 1688 436 Num
1729 372 1881 456 quid
1918 372 2151 438 omisi?
2194 412 2276 419 —

263 469 349 528 et:
396 461 595 525 Aliud
642 484 719 525 ex
766 462 897 526 alio
946 461 1261 526 succurrit
1308 459 1487 524 mihi.

402 551 499 615 10.
547 551 755 631 Quint.
799 550 915 613 IX
953 556 1016 614 4.
1060 557 1182 614 100
1235 550 1346 614 Ex
1390 551 1500 627 ei3‚
1558 570 1714 630 quae
1764 569 1957 631 supra
1998 551 2278 633 probavi,

264 644 521 722 apparet
560 640 863 703 molosson
895 659 1126 719 quoque
1159 638 1468 702 clausulae
1501 639 1833 720 convenire,
1877 640 2024 701 dum
2058 639 2278 703 habeat

214 747 239 787 5
265 749 339 792 ex
389 747 739 808 quocunque
779 728 931 808 pede
984 732 1126 790 ante
1175 746 1239 791 se
1282 726 1544 790 brevem:
1602 725 1775 789 Illud
1823 727 2087 810 seimuS,
2141 728 2278 791 ubi-

266 836 514 899 cunque
561 819 739 898 sunt,
788 836 927 879 esse
972 836 1092 899 pro
1138 814 1347 879 nobis,

403 906 503 969 11.
566 904 805 985 Aquila
864 902 1044 967 Rom.
1098 908 1137 967 1
1187 924 1254 983 p.
1309 906 1414 967 23.
1469 908 1512 967 8
1564 902 1653 966 Η.
1744 900 2282 988 Προδιόρθωσις,

256 993 624 1075 praecedens
676 993 975 1057 correctio.
1063 991 1240 1055 Haec
1292 993 1524 1072 limera,
1575 990 1684 1055 ubi
1735 992 1978 1072 aliquid
2017 1013 2281 1058 necessa-

267 1084 435 1145 rium
489 1081 680 1158 dictu,
732 1082 839 1145 scol
888 1082 1141 1145 insuave
1194 1079 1581 1143 audientibus
1632 1084 1745 1143 aut
1791 1082 2066 1145 odiosum
2109 1083 2284 1146 nobis

188 1189 243 1227 ιο
269 1169 496 1234 dicturi
547 1188 785 1246 sumus,
829 1169 1203 1249 praemunit.
1292 1168 1665 1248 Exemplum
1717 1170 1888 1248 apud
1941 1168 2284 1233 Ciceronem

267 1258 583 1337 frequens:
619 1255 1021 1339 Quamquam
1052 1256 1277 1336 sentio,
1319 1260 1561 1339 quanta
1587 1256 1712 1320 hoc
1744 1277 1888 1320 cum
1929 1257 2282 1321 offensione

273 1344 557 1409 dicturus
606 1344 756 1427 sim,
804 1344 1141 1409 dicendum
1187 1347 1304 1407 est.

410 1433 507 1496 12.
562 1432 947 1515 Rufinianus
998 1438 1041 1498 3
1084 1454 1151 1513 p.
1207 1438 1307 1498 39.
1363 1438 1443 1495 11
1496 1432 1714 1496 Halm.
1804 1430 2284 1516 Χαριεντισμός

272 1522 398 1586 sive
441 1522 736 1605 σκῶμμα.
806 1521 953 1585 Hac
983 1522 1188 1603 fiyura
1224 1521 1299 1602 fit
1338 1521 1556 1600 festiva
1599 1521 1797 1597 dictio,
1843 1541 1980 1584 cum
2015 1525 2280 1585 amoeni-

194 1627 245 1668 15
274 1614 396 1673 tate
428 1611 705 1687 mordax,
748 1615 822 1673 ut
852 1610 1023 1691 apud
1057 1608 1431 1674 Ciceronem:
1477 1607 1744 1672 Infirmo
1783 1630 2049 1693 corpore
2090 1614 2283 1693 atque

274 1719 490 1783 aegre,
537 1698 752 1762 colore
796 1701 871 1761 ut
916 1698 1056 1781 ipse
1103 1697 1382 1760 iudicare
1429 1720 1490 1781 p.
1535 1720 1596 1760 u.

409 1787 508 1851 13.
556 1786 764 1866 Quint.
821 1786 1007 1850 VIII
1044 1791 1101 1851 6.
1145 1791 1235 1850 47
1277 1785 1486 1849 Habet
1535 1805 1718 1849 usum
1771 1786 1916 1850 talis
1959 1787 2286 1868 alleyoriae

267 1876 612 1958 frequenter
650 1875 865 1952 oratio,
908 1876 1015 1939 secl
1055 1895 1201 1938 raro
1247 1876 1448 1951 totius,
1483 1874 1844 1955 plerumque
1886 1877 2115 1955 apertis
2145 1896 2286 1956 per-

271 1966 471 2030 mixta
513 1969 615 2029 est.
710 1965 865 2029 Tota
908 1965 1079 2046 apud
1121 1963 1464 2029 Ciceronem
1520 1963 1663 2028 talis
1707 1969 1824 2028 est:
1878 1962 2022 2028 Hoc
2067 1964 2286 2047 miror,

194 2071 248 2109 20
273 2053 400 2116 hoc
432 2073 682 2135 queror,
719 2073 1107 2135 quemquam
1142 2051 1472 2116 hominem
1508 2051 1605 2115 iba
1640 2073 1901 2135 pessum
1940 2053 2091 2116 dare
2131 2054 2286 2117 alte-

274 2162 422 2202 rum
464 2140 658 2220 velle,
703 2143 779 2202 ui}
824 2140 1019 2203 etiam
1066 2162 1295 2203 navem
1341 2139 1652 2224 perforet,
1707 2140 1777 2204 in
1823 2162 1950 2224 qua
1994 2142 2134 2225 ipse
2179 2164 2284 2205 na·

278 2226 472 2312 viget.

415 2315 515 2378 14.
559 2314 860 2379 Arusian.
896 2316 1084 2380 Mess.
1117 2337 1186 2396 Ρ.
1222 2318 1354 2380 225
1388 2316 1575 2382 Isind.
1637 2316 1759 2381 Cic.
1795 2316 2051 2397 Philipp
2079 2317 2151 2380 X
2160 2318 2285 2382 VI·

276 2402 647 2468 Laterensis
689 2425 773 2467 ne
816 2404 1165 2488 vestigium
1212 2403 1470 2487 quidem
1517 2404 1790 2468 deflexit.

195 2509 247 2549 25
416 2492 514 2556 15.
560 2493 750 2556 AruS.
784 2491 974 2556 Με33.
1007 2493 1085 2556 ib.
1124 2491 1244 2556 Cic.
1280 2491 1551 2575 Philipp.
1588 2491 1792 2556 XVI.
1838 2490 1987 2556 Non
2026 2496 2125 2555 est
2169 2493 2286 2556 illa

280 2580 595 2645 dissensio
644 2580 1005 2664 disceptata
1048 2581 1240 2645 belin.

415 2669 517 2733 16.
551 2668 778 2734 Isidor.
813 2669 1138 2748 Different.
1174 2672 1302 2733 507
1331 2669 1402 2732 T.
1441 2669 1582 2750 Vp.
1622 2674 1704 2732 64
1740 2670 1988 2734 Areval.
2049 2669 2286 2734 Cicero:

278 2755 332 2821 Ο
378 2760 472 2840 te,
518 2758 854 2839 seelerasse‚
902 2757 1012 2841 qui
1058 2758 1363 2821 subacizus
1410 2761 1476 2820 et
1520 2757 1912 2841 prostitutus
1962 2761 2055 2822 es!

414 2847 513 2910 17.
548 2846 787 2927 Aquila
820 2846 998 2910 Rom.
1033 2850 1126 2912 22
1161 2868 1226 2926 p.
1260 2850 1366 2910 29.
1403 2850 1492 2910 29
1527 2845 1616 2909 Η.
1681 2841 2085 2929 Ἀντίθετον,
2131 2867 2285 2910 com-

194 2952 248 2991 ³0
266 2935 539 3015 positum
581 2954 656 2998 eoe
698 2934 1041 2999 contrariis,
1130 2934 1305 2998 Haec
1348 2935 1554 3016 fiyura
1597 2939 1835 2998 constat
1875 2954 1949 2997 ex
1994 2955 2084 3016 eo,
2129 2936 2291 3015 quod

276 3023 456 3086 verba
480 3023 835 3104 puynantia
868 3023 1030 3087 inter
1055 3042 1116 3087 se
1142 3024 1335 3104 paria
1359 3022 1624 3103 paribus
1657 3026 2076 3103 opponuntur;
2113 3024 2288 3086 cuius

177 3187 184 3195 ⁶
276 3112 443 3176 modi
470 3112 888 3176 brevissimum
912 3116 1002 3176 est
1024 3111 1184 3175 illud
1208 3110 1543 3176 Ciceronis.
1578 3110 1825 3174 Domus
1864 3109 1987 3174 tibi
2021 3109 2285 3174 deera’n‘?

279 3202 347 3263 af,
378 3199 692 3263 habebas·
679 3199 993 3283 ,pecunia
1021 3198 1413 3282 superabass‘?
1443 3202 1512 3262 ai:
1540 3198 1794 3283 egebas
1841 3198 1978 3262 Aut
2000 3200 2056 3262 si
2082 3199 2285 3263 dicas:

277 3286 355 3350 In
400 3309 555 3371 paee
604 3249 694 3351 ad,
729 3288 1052 3351 vexandos
1099 3287 1268 3351 cives
1319 3286 1684 3369 acerrimuS,
1729 3287 1797 3350 in
1842 3286 2018 3350 bello
2066 3286 2146 3350 ad
2185 3308 2286 3350 ex-

196 3393 247 3433 85
279 3376 659 3460 pugnandos
688 3376 910 3440 hostes
937 3375 1494 3440 inertissimus—
1528 3375 1595 3439 V.
1620 3396 1706 3439 or
1728 3380 1827 3440 67.
1845 3359 1999 3452 223,
2031 3375 2285 3456 Quintil.

276 3464 390 3528 ΙΧ
430 3469 492 3528 2.
538 3467 634 3543 15,
678 3465 876 3528 Mart.
926 3463 1070 3545 Gap.
1128 3464 1190 3528 V
1224 3467 1362 3528 531

415 3553 513 3616 18.
559 3553 798 3633 Aquila
837 3552 1012 3616 Rom.
1048 3555 1139 3616 28
1173 3573 1239 3633 Ρ.
1275 3557 1374 3617 31.
1417 3556 1459 3615 7
1494 3552 1602 3633 Η,
1648 3553 1844 3616 Mart.
1884 3551 2031 3633 Cap.
2074 3552 2134 3616 V
2159 3555 2286 3617 532
