2630 3913
817 227 1266 285 ORATIONUM.
1306 232 1372 284 A.
1410 229 1487 281 111
1529 228 1686 282 1—V
1730 235 1775 282 1.
2176 229 2305 292 235

297 392 407 457 bus
450 397 563 456 aut
604 393 963 473 rationibus,
1007 393 1116 457 sed
1157 392 1226 455 in
1272 396 1390 454 tcto
1429 411 1644 472 yenere
1686 392 1945 455 actionis
1978 392 2304 456 intuenda:

295 502 382 544 an
424 481 508 545 sit
550 516 638 525 ——
690 515 765 525 —
814 480 1097 562 superba,
1142 485 1214 543 ut
1255 481 1325 543 in
1375 478 1639 560 Oppium
1685 501 1757 543 ex
1799 480 2057 561 epistula
2103 478 2308 543 C'ottac

296 590 467 633 reum
508 569 761 648 factum.
851 569 1117 632 Perinde
1147 569 1532 649 praecipites,
1577 569 1930 649 insidiosae,
1976 570 2307 649 inpotentes

296 659 765 739 deprenduntur.
875 656 982 720 Ex
1042 657 1261 737 quibus
1322 661 1527 719 tamen
1595 656 1929 735 fortissime
1991 656 2304 733 invaseris,

241 766 269 805 ⁶
295 747 458 827 quod
498 750 587 810 est
628 750 741 808 aut
784 746 1061 809 omnibus
1094 745 1506 826 periculosum
1545 779 1625 789 —-
1671 781 1743 790 —
1794 749 1906 808 aut
1949 745 2101 824 ipsis
2145 745 2306 808 iudi-

295 835 488 910 cibus,
552 838 624 897 ut
666 853 783 913 pro
840 831 1034 913 Oppio
1091 837 1293 897 monet
1334 833 1648 913 pluribus,
1710 854 1787 897 ne
1839 833 2000 898 illud
2049 833 2308 897 actionis

290 942 482 1004 yenus
526 927 596 985 in
641 926 966 1001 equestrem
1011 922 1282 985 ordinem
1328 922 1679 985 admittant.

430 1010 489 1074 8.
546 1010 802 1089 Quintil.
861 1009 963 1073 VI
1006 1014 1063 1073 5.
1118 1015 1199 1073 10
1253 1009 1588 1090 Infinitum
1650 1014 1739 1073 est
1798 1029 2176 1092 enumcrare,
2239 1014 2307 1073 ut

297 1098 504 1163 Cottae
547 1098 880 1162 detraxerit
922 1099 1361 1161 auctoritatem.

219 1207 267 1245 ιο
431 1186 490 1248 9.
538 1186 792 1266 Quintil.
839 1186 956 1249 XI
982 1191 1039 1249 1.
1086 1190 1172 1249 67
1216 1184 1421 1250 Cicero
1466 1206 1838 1266 quamquam
1883 1191 2016 1249 erat
2057 1187 2128 1249 in
2173 1185 2304 1250 Uot-

299 1279 427 1336 tam
466 1275 827 1355 yravissime
881 1276 1155 1338 dicturus
1198 1294 1387 1354 neque
1430 1275 1610 1337 aliter
1653 1275 1758 1355 aqi
1803 1273 1875 1338 P.
1918 1273 2076 1354 Oppi
2118 1294 2307 1338 causa

285 1366 558 1443 poterat,
629 1363 812 1444 lonya
885 1367 1086 1425 tamen
1139 1362 1527 1443 praefatione
1587 1363 1893 1426 excusavit
1956 1362 2149 1442 officii
2208 1363 2307 1426 sui

297 1451 718 1514 necessitatem.

438 1539 533 1601 10.
578 1538 1016 1603 Fortunatian.
1062 1543 1178 1602 art.
1228 1537 1376 1602 rhet.
1422 1537 1514 1601 II
1551 1541 1629 1603 15
1661 1558 1727 1619 p.
1775 1542 1909 1601 110.
1955 1542 2046 1603 22
2089 1538 2305 1602 Halm.

220 1646 269 1685 15
297 1626 738 1691 Procatasceua
773 1632 874 1708 est,
908 1647 1032 1708 qua
1066 1626 1327 1690 iudicem
1354 1626 1526 1690 nobis
1552 1645 2020 1707 praeparamus,
2055 1646 2192 1690 cum
2226 1662 2301 1671 —-

295 1717 595 1797 quaedam
638 1715 811 1779 nobis
854 1715 1074 1779 obsunt
1114 1719 1172 1777 et
1214 1715 1346 1778 illis
1378 1715 1564 1795 prius
1608 1715 2039 1778 occurrendum
2082 1719 2194 1796 est,
2237 1721 2309 1779 ut

290 1804 434 1883 feeit
478 1803 681 1868 Cicero
714 1824 836 1885 pro
884 1803 1077 1884 Oppio
1122 1807 1335 1867 contra
1378 1804 1473 1867 M.
1522 1801 1728 1868 Cottae
1771 1803 2204 1867 auctoritatem.

435 1895 531 1955 11.
575 1892 701 1955 Iul.
739 1892 1050 1956 Severian.
1087 1897 1167 1956 19
1197 1912 1258 1973 p.
1296 1896 1437 1955 366.
1474 1894 1521 1955 2
1556 1891 1772 1955 Halm.
1810 1891 2307 1956 Misericordiam

294 2001 615 2058 movemus,
649 1982 707 2045 si
740 1982 818 2044 ab
855 1983 935 2045 iis
968 2000 1081 2045 nos
1106 1981 1444 2062 inpuynari
1470 1981 1747 2061 dicimus,
1782 2000 2041 2061 quorum
2068 1982 2306 2046 auxilio

217 2088 268 2126 20
299 2070 416 2132 tuti
458 2089 580 2132 esse
624 2069 989 2150 deberemus,
1032 2073 1104 2133 ut
1148 2068 1353 2132 Cicero
1388 2089 1508 2151 pro
1557 2068 1770 2150 Oppio.

435 2156 533 2218 12.
579 2155 902 2221 Charisius
943 2156 995 2221 I
1019 2178 1085 2238 p.
1122 2161 1262 2220 143.
1301 2161 1384 2221 14
1422 2157 1584 2242 Keil.
1630 2156 1835 2221 C'icero
1878 2177 2109 2238 quoque
2152 2159 2298 2223 divi-

298 2243 545 2307 natione
588 2244 656 2306 in
710 2244 953 2308 Verrem
998 2249 1055 2308 et
1087 2264 1208 2325 pro
1257 2244 1451 2326 Oppio
1497 2245 1611 2308 11.·
1661 2244 1884 2308 senati.

879 2546 980 2606 IV.
1045 2546 1196 2607 PRO
1245 2548 1308 2608 C.
1357 2546 1718 2608 MANILIO.

440 2680 573 2747 Vid.
619 2681 966 2747 Buecheler.
1034 2684 1102 2762 Q.
1150 2682 1270 2749 Cic.
1309 2690 1429 2766 pet.
1476 2706 1632 2749 cons.
1678 2690 1775 2750 13.
1821 2688 1902 2750 51
1938 2705 2003 2766 p.
2049 2687 2147 2750 59.

215 2790 266 2829 2⁵
428 2770 591 2835 Non.
627 2792 696 2852 p.
741 2776 886 2835 434.
929 2777 1014 2836 30
1059 2771 1264 2838 Cicero
1307 2792 1429 2854 pro
1472 2774 1778 2837 Manilio:
1838 2773 1961 2838 Hic
2009 2794 2129 2858 ego
2176 2794 2307 2838 non

295 2859 509 2923 solum
555 2858 892 2942 confiteor,
939 2881 1160 2923 verum
1211 2860 1407 2924 etiam
1456 2861 1781 2944 profiteor.

854 3163 928 3222 V.
991 3161 1145 3222 PRO
1194 3163 1257 3223 C.
1303 3162 1737 3223 FUNDANIO.

437 3298 505 3363 V.
552 3300 832 3365 Buechel.
883 3301 952 3379 Q.
998 3299 1119 3364 C'ic.
1156 3306 1277 3381 pet.
1324 3320 1481 3365 cons.
1528 3302 1584 3365 5.
1630 3305 1710 3364 19
1745 3320 1812 3379 p.
1858 3303 1959 3364 38.

427 3389 483 3453 1.
537 3388 842 3453 Priscian.
901 3389 1044 3452 VII
1079 3395 1177 3453 11.
1221 3394 1309 3453 58
1351 3410 1419 3469 p.
1465 3391 1603 3452 335.
1650 3392 1733 3452 18
1786 3387 1873 3450 H.
1930 3385 2140 3452 Cicero
2183 3408 2304 3469 pro

207 3492 263 3532 ³⁰
291 3475 662 3540 Fundanio:
717 3475 868 3540 Non
923 3476 1114 3540 modo
1170 3476 1294 3541 hoc
1350 3498 1388 3540 a
1433 3475 1636 3540 Villio
1693 3474 1973 3557 Annale,
2031 3476 2143 3539 sed
2197 3477 2304 3541 vix

290 3564 652 3628 mehercule
700 3587 739 3628 a
784 3562 856 3640 Q.
902 3563 1198 3629 Muttone
1244 3564 1488 3628 factum
1535 3563 1800 3648 probari
1846 3567 2080 3648 potest.
