2630 3913
341 157 467 219 250
1112 152 1563 207 FRAGMENTA

559 318 859 383 Dioeimus
902 317 1032 380 iam
1076 317 1145 379 in
1176 316 1492 397 principio
1530 313 1881 380 Cornelium
1911 315 2123 397 primo
2169 314 2352 396 leyem

417 407 857 489 promul9asse,
893 424 969 468 ne
993 405 1133 484 quis
1147 424 1265 485 per
1297 408 1578 468 senatum
1611 403 1730 485 leye
1763 403 2105 479 solveretur,
2140 403 2353 466 deinde

430 496 654 571 tulisse,
697 499 769 557 ut
811 498 942 556 tum
984 493 1238 573 denique
1272 493 1346 555 de
1380 512 1453 555 ea
1488 511 1554 555 re
1589 490 1653 556 S.
1684 489 1748 556 0.
1783 492 1969 573 fieret,
2012 511 2150 555 eum
2186 491 2350 556 ades-

429 589 562 647 sent
611 584 679 646 in
734 585 949 646 senatu
1002 601 1128 644 non
1179 582 1390 644 minus
1436 578 1550 645 CC.
1623 577 1800 644 Haec
1842 584 1932 644 est
1972 580 2114 662 illa,
2168 600 2352 661 quam

430 672 720 752 appellat,
766 670 1064 733 eorrectio.
2408 687 2433 727 ε

476 759 577 822 32.
625 761 812 822 Arus.
848 757 1034 821 Mess.
1069 778 1136 839 p.
1171 761 1307 821 224
1347 755 1551 821 Cicero
1587 776 1705 836 pro
1754 754 2032 821 Cornelio
2068 754 2142 819 I:
2188 754 2350 818 nihil

343 847 597 911 senatui
645 846 998 909 detraxisse
1046 842 1437 909 Cornelium.

477 935 578 998 33.
612 936 834 998 Aseon.
861 955 927 1014 p.
957 938 1168 998 6419
1205 932 1426 1015 Iidem,
1460 935 1588 997 nisi
1624 932 1838 997 haee
1820 954 1965 1015 ipsa
2000 931 2122 1013 lex,
2160 953 2353 1014 quam

344 1023 411 1089 O.
471 1021 807 1087 Cornelius
862 1021 1044 1102 tulit,
1105 1021 1497 1103 obstitisset,
1552 1021 1985 1085 decrevissent
2036 1019 2129 1102 id,
2184 1020 2354 1102 quod

343 1113 562 1197 palam
598 1112 731 1175 iam
767 1110 880 1174 isti
923 1109 1287 1174 defensores
1324 1109 1705 1173 iudiciorum
1741 1110 2212 1194 pugnaverunt,
2258 1128 2352 1170 se·
2384 1130 2438 1168 ιο

344 1202 527 1265 natui
581 1221 710 1263 non
764 1199 1018 1283 placere
1070 1198 1136 1261 id
1191 1197 1494 1261 iudicium
1550 1197 1627 1262 de
1682 1195 1899 1261 Sullae
1954 1196 2142 1261 bonis
2197 1195 2354 1259 fieri.

347 1289 553 1364 Quam
610 1308 730 1373 ego
785 1309 1045 1351 eausam
1099 1286 1294 1371 longe
1355 1286 1544 1350 aliter
1608 1289 1872 1369 praetor
1925 1285 1994 1348 in
2058 1284 2355 1350 contione

347 1376 630 1458 defendi,
693 1398 836 1440 eum
891 1375 955 1438 id
1014 1374 1320 1457 dicerem,
1385 1374 1555 1458 quod
1608 1374 1779 1438 idem
1832 1373 2071 1438 iudices
2127 1376 2357 1456 postea

347 1467 740 1547 statuerunt,
792 1462 1097 1528 iudicium
1153 1463 1453 1546 aequiore
1508 1466 1800 1546 tempore
1854 1462 1995 1526 fieri
2041 1465 2355 1562 oportere.

573 1553 735 1654 Quia
785 1553 1062 1631 defuerat
1112 1551 1526 1632 superioribus
1582 1551 1945 1633 temporibus
1998 1551 2070 1613 in
2111 1551 2355 1614 aerario
2386 1572 2437 1610 ιε»

428 1643 693 1726 pecunia
723 1641 994 1722 publiea,
1037 1640 1237 1703 multa
1280 1645 1338 1703 et
1378 1659 1553 1720 saepe
1588 1640 1719 1704 eius
1752 1641 1845 1703 rei
1877 1639 2147 1703 remedia
2180 1644 2362 1703 erant

435 1730 736 1811 quaesita,
791 1730 861 1792 in
903 1728 1122 1810 quibus
1163 1726 1273 1792 hoe
1314 1748 1570 1809 quoque,
1625 1733 1697 1791 ut
1726 1729 2026 1809 pecuniae
2057 1726 2356 1809 publicae,

435 1837 589 1898 quae
639 1817 918 1880 residuae
969 1817 1139 1896 apud
1192 1836 1480 1897 quemque
1523 1821 1738 1894 essent,
1791 1816 2186 1897 exiyerentur.
2275 1815 2361 1879 Id

434 1910 637 1971 autem
680 1905 949 1969 maxime
985 1904 1329 1986 pertinebat
1361 1906 1447 1969 ad
1481 1902 1832 1972 Cornelium
1865 1904 2192 1982 Faustum,
2237 1904 2355 1968 die—

437 1995 654 2058 tatoris
704 1994 933 2075 filium,
996 1995 1146 2074 quia
1199 1993 1380 2059 Sulla
1422 2015 1538 2076 per
1589 1994 1812 2058 multos
1862 2012 2084 2075 annos,
2138 1992 2352 2074 quibus
2377 2011 2429 2050 20

436 2082 790 2147 exercitibus
828 2082 1193 2164 praefuerat
1246 2087 1305 2147 et
1363 2103 1480 2164 quo
1543 2087 1804 2164 tempore
1863 2103 1993 2146 rem
2042 2081 2350 2164 publicam

437 2176 738 2248 tenuerat,
809 2176 1153 2252 sumpserat
1208 2172 1508 2252 pecunias
1576 2190 1652 2235 ex
1719 2170 2107 2252 veetiqalibus
2167 2175 2226 2234 et
2282 2188 2353 2233 ex

434 2261 679 2324 aerario
711 2259 933 2341 populi
975 2259 1273 2337 Romani,
1328 2279 1512 2340 eaque
1563 2279 1660 2324 res
1710 2279 1886 2340 saepe
1927 2264 2063 2322 erat
2102 2260 2355 2340 ayitata,

435 2368 611 2430 saepe
647 2349 890 2430 omissa,
914 2349 1155 2428 partim
1179 2353 1432 2430 propter
1460 2349 1735 2430 qratiam
1770 2347 2180 2412 Sullanarum
2207 2366 2353 2427 par-

438 2439 618 2515 tium,
675 2437 910 2517 partim
952 2438 1114 2518 quod
1154 2438 1438 2518 iniquum
1481 2436 1795 2500 videbatur
1827 2441 1973 2517 post
2015 2440 2102 2499 tot
2142 2454 2355 2516 annos
2383 2450 2436 2490 2⁵

437 2546 622 2606 quam
666 2526 805 2605 quis
837 2525 1168 2606 pecuniam
1212 2529 1519 2605 acceperat
1569 2544 1778 2606 resque
1813 2571 2354 2587 .............

440 2662 761 2676 ........
806 2613 1077 2676 redderet
1117 2613 1435 2677 rationem.

483 2702 585 2764 34.
649 2700 885 2781 Aquila
945 2699 1125 2764 Rom.
1186 2705 1269 2765 16
1320 2722 1388 2782 p.
1442 2704 1547 2765 26.
1608 2702 1701 2766 23
1760 2699 1848 2763 H.
1912 2696 2358 2782 Μετάστασιν,

351 2790 864 2865 transmotionem,
908 2789 1160 2869 quidam
1197 2790 1355 2853 inter
1387 2789 1623 2870 ftanas
1656 2790 2013 2871 nominavit,
2059 2808 2195 2851 eum
2229 2808 2359 2851 rem

350 2900 393 2942 a
435 2877 610 2942 nobis
655 2878 780 2940 alio
827 2882 1305 2942 transmovemus
1348 2897 1475 2941 non
1517 2878 1639 2960 ita,
1682 2882 1754 2941 ut
1794 2877 1885 2941 ibi
1926 2896 2178 2940 eausam
2220 2895 2356 2940 eon·
2385 2891 2441 2932 ⁸0

350 2968 693 3031 stituamus.
782 2965 1084 3046 Alioquin
1135 2967 1267 3029 iam
1318 2986 1445 3030 non
1505 2966 1709 3047 fiqura
1770 2967 1911 3044 erit,
1975 2966 2083 3030 sed
2139 2965 2360 3047 speeies

347 3057 649 3138 quaedam
701 3055 832 3119 eius
882 3059 1103 3131 status,
1165 3074 1343 3134 quem
1398 3054 1718 3134 qualitatis
1772 3059 1887 3118 ant
1935 3073 2011 3118 eoe
2067 3053 2361 3117 accidenti

350 3144 665 3226 appellant
695 3144 1023 3207 secundnm
1049 3142 1521 3225 Hermaqoram.
1586 3141 1861 3207 Ceterum
1895 3142 2050 3206 alibi
2084 3143 2155 3207 in
2178 3145 2362 3224 parte

350 3233 566 3313 aliqua
609 3232 908 3295 orationis
948 3232 1307 3296 sententiam
1350 3230 1461 3294 hoe
1504 3231 1678 3295 modo
1729 3232 2097 3312 fiquramus‚
2157 3229 2361 3311 qualis

350 3325 438 3383 est
487 3320 658 3400 apud
700 3318 1161 3383 Demosthenem
1212 3355 1310 3382 —.
1406 3318 1555 3382 Tale
1605 3323 1663 3382 et
1716 3320 1875 3383 illud
1913 3339 2036 3401 pro
2084 3316 2359 3383 Cornelio
2390 3335 2445 3375 sa

352 3407 545 3469 videri
585 3411 786 3487 potest
836 3408 909 3470 de
959 3408 1234 3471 aerario:
1296 3405 1659 3484 Refertum,
1712 3408 1939 3489 inquit,
1994 3405 2358 3471 tribuniciis

353 3491 608 3574 legibus
656 3493 1039 3558 exhaustum
1088 3518 1127 3559 a
1172 3494 1406 3578 quibus
1452 3494 1565 3579 sit,
1589 3495 1738 3579 'ipsi
1785 3495 2013 3560 sciunt.
