2630 3913
755 212 887 266 ΙΛΒ
929 215 993 266 11.
1071 212 1224 267 CAP.
1266 220 1348 279 19,
1387 219 1471 267 20,
1548 221 1578 278 ἓ
1614 220 1836 268 65-71.
2203 214 2283 275 81

277 377 473 462 volgo
539 379 911 459 loquuntur,
976 397 1044 440 se
1107 375 1176 438 in
1238 374 1565 440 beneficiis
1629 373 2020 439 collocandis
2076 392 2288 438 mores

278 464 639 548 hominum,
692 485 821 528 non
877 464 1205 528 fortunam
1264 464 1461 562 sequi.
1555 462 1850 527 Honesta
1904 462 2114 527 oratio
2160 465 2286 544 est3

277 553 388 618 sed
440 552 583 636 quis
645 557 745 616 est
790 552 1085 652 tandem,
1120 551 1228 634 qui
1265 552 1479 636 inopis
1518 554 1582 616 et
1622 552 1851 634 optimi
1888 551 2012 614 viri
2057 571 2287 615 causae

277 664 407 710 non
466 644 821 724 anteponat
875 641 943 704 in
999 662 1194 724 opera
1250 639 1458 704 danda
1514 640 1797 725 gratiam
1850 638 2166 704 fortunati
2222 641 2289 702 et

225 749 249 788 ⁵
279 729 608 814 potentis?
664 751 703 793 a
758 749 885 811 quo
941 729 1111 792 enim
1165 728 1522 812 expeditior
1577 733 1642 792 et
1687 728 1957 792 celerior
2002 748 2287 792 remune-

279 818 447 883 ratio
500 816 640 881 fore
695 817 976 900 videtur,
1037 817 1108 881 in
1161 837 1304 880 eum
1360 816 1496 880 fere
1551 820 1650 880 est
1705 817 2006 881 voluntas
2061 819 2289 880 nostra

284 905 673 990 propensior.
748 903 873 970 Sed
901 904 1537 969 animadvertendum
1568 909 1668 969 est
1697 905 2090 990 diligentiuS,
2127 925 2287 987 quae

282 999 514 1058 natura
558 1015 772 1057 rerum
821 994 924 1058 sit.
998 992 1324 1058 Nimirum
1372 993 1541 1057 enim
1583 994 1772 1076 inops
1810 993 1941 1075 ille,
1988 993 2045 1057 si
2084 993 2288 1057 bonus

280 1087 381 1147 est
434 1082 553 1163 vir,
621 1082 879 1146 etiamsi
935 1081 1174 1145 referre
1231 1081 1513 1167 gratiam
1570 1103 1701 1145 non
1751 1085 1998 1165 potest,
2052 1081 2287 1145 habere

199 1192 250 1229 ιο
280 1175 451 1236 certe
497 1173 733 1254 potest.
792 1168 1143 1234 Commode
1190 1173 1426 1252 autem,
1474 1170 1855 1253 quicumque
1903 1169 2087 1252 dixit,
2136 1169 2288 1254 ‘pe-

279 1259 577 1324 cuniam
625 1259 752 1342 qui
799 1259 1109 1342 habeat,
1153 1280 1300 1323 non
1348 1256 1807 1339 reddidisse,
1864 1258 1992 1341 qui
2036 1257 2288 1322 reddi-

281 1347 517 1430 derit,
552 1369 700 1412 non
737 1347 1047 1430 habere,
1086 1349 1419 1432 gratiam
1458 1351 1711 1410 autem
1741 1350 1841 1428 et,
1882 1347 2008 1428 qui
2045 1349 2288 1410 rettu-

282 1435 497 1520 lerit,
559 1435 843 1500 habere
908 1439 1010 1518 et,
1076 1434 1202 1518 qui
1265 1434 1585 1518 habeat,
1648 1433 2094 1498 rettulisse?
2196 1433 2289 1498 At

283 1523 393 1609 qui
439 1545 507 1588 se
553 1524 927 1608 locupletes,
972 1523 1347 1606 honoratOS,
1398 1524 1618 1588 beatos
1665 1526 1916 1606 putant,
1960 1522 2005 1585 ii
2051 1543 2133 1586 ne
2182 1522 2287 1587 ob-

201 1631 252 1670 15
282 1613 475 1698 ligari
525 1611 781 1695 quidem
827 1611 1135 1676 beneficio
1182 1612 1438 1695 volunt3
1485 1611 1638 1695 quin
1675 1611 1870 1675 etiam
1913 1611 2286 1675 beneficium

282 1723 349 1764 se
414 1698 662 1764 dedisse
727 1700 1156 1778 arbitr,antur
1223 1722 1367 1764 cum
1431 1700 1555 1783 ipsi
1622 1700 1917 1783 quamvis
1980 1720 2286 1784 magnum

283 1788 545 1872 aliquod
602 1789 990 1873 acceperint,
1057 1792 1249 1872 atque
1305 1789 1503 1853 etiam
1560 1811 1598 1853 a
1661 1810 1730 1852 se
1794 1792 1909 1852 aut
1968 1788 2289 1872 postulari

282 1881 395 1942 aut
442 1877 802 1961 exspectari
847 1877 1092 1961 aliquid
1138 1877 1564 1962 suspicantur,
1613 1875 1973 1963 patrocinio
2019 1897 2172 1941 vero
2221 1897 2288 1941 se

281 1987 433 2031 usos
482 1970 595 2030 aut
639 1967 905 2030 clientes
962 1967 1280 2050 appellari
1326 1967 1555 2031 mortis
1601 1967 1809 2030 instar
1854 1969 2106 2050 putant.
2197 1966 2290 2030 At
2327 1985 2393 2033 ἰο

199 2074 253 2114 20
281 2076 433 2119 vero
479 2054 593 2117 ille
638 2054 879 2139 tenuiS,
926 2076 1097 2136 cum,
1144 2054 1444 2138 quicquid
1488 2054 1735 2120 factum
1780 2054 1884 2138 sit,
1931 2076 1999 2119 se
2045 2058 2288 2139 specta-

282 2148 441 2225 tum,
485 2164 615 2207 non
651 2142 981 2207 fortunam
1018 2147 1222 2227 putet,
1257 2165 1388 2207 non
1425 2143 1616 2207 modo
1655 2143 1774 2226 illi,
1819 2143 1929 2227 qui
1967 2146 2069 2206 est
2106 2143 2288 2207 meri·

282 2237 416 2314 tus,
470 2231 582 2295 sed
638 2231 835 2295 etiam
889 2231 1048 2314 illis,
1113 2252 1152 2294 a
1208 2231 1442 2313 quibus
1497 2234 1828 2315 exspectat
1883 2228 2062 2315 (eget
2119 2232 2287 2295 enim

285 2317 563 2404 multis),
628 2323 886 2404 gratum
952 2341 1020 2383 se
1074 2319 1278 2383 videri
1334 2318 1553 2383 studet
1605 2340 1810 2402 neque
1865 2339 2018 2383 vero
2071 2319 2288 2383 verbis

284 2411 481 2493 auget
526 2429 713 2471 suum
760 2429 1019 2491 munuS,
1073 2407 1129 2471 si
1178 2428 1302 2489 quo
1349 2406 1519 2470 forte
1564 2406 1887 2491 fungitur,
1934 2406 2046 2470 sed
2091 2406 2288 2470 etiam

200 2516 253 2556 85
284 2499 604 2560 extenuat.
667 2494 1157 2578 Videndumque
1202 2494 1365 2559 illud
1411 2499 1528 2577 est,
1575 2494 1763 2577 quod,
1809 2494 1865 2558 si
1912 2494 2290 2578 opulentum

282 2584 813 2668 fortunatumque
860 2583 1235 2667 defenderiS‚
1280 2584 1349 2647 in
1394 2605 1521 2647 uno
1549 2583 1664 2647 illo
1713 2586 1842 2667 aut,
1887 2582 1945 2647 si
1989 2582 2177 2664 forte,
2223 2583 2289 2646 in

284 2673 505 2737 liberis
552 2673 687 2737 eius
735 2676 953 2737 manet
1000 2671 1245 2758 gratia3
1292 2672 1393 2736 sin
1439 2675 1655 2736 autem
1692 2671 1968 2756 inopem,
2012 2672 2288 2757 probum

283 2767 502 2826 tamen
539 2764 605 2825 et
642 2762 1023 2845 modestum,
1070 2781 1292 2825 omnes
1327 2782 1459 2824 non
1495 2761 1752 2844 inprobi
1790 2761 2084 2844 humiles„
2125 2781 2288 2843 quae

283 2870 521 2935 magna
563 2849 633 2914 in
676 2850 917 2934 populo
964 2849 1313 2914 multitudo
1354 2852 1471 2932 est,
1516 2849 1905 2932 praesidium
1945 2848 2069 2912 sibi
2107 2870 2288 2933 para·

200 2957 252 2997 ³0
282 2942 419 3003 tum
469 2938 703 3002 vident.
794 2937 1001 3013 Quam
1048 2937 1131 3001 ob
1177 2959 1315 3001 rem
1361 2937 1593 3001 melius
1640 2937 1809 3022 apud
1849 2936 2054 3001 bonos
2095 2958 2287 3019 quam
2327 2954 2385 3002 ‘11

282 3026 452 3109 apud
520 3026 889 3090 fortunatos
964 3025 1342 3089 beneficium
1407 3025 1711 3090 collocari
1774 3028 1951 3107 puto.
2057 3023 2288 3088 Danda

281 3113 542 3177 omnino
591 3134 787 3197 opera
832 3117 957 3196 est,
1011 3116 1087 3177 ut
1132 3114 1306 3177 omni
1354 3113 1575 3199 generi
1621 3113 1781 3177 satis
1826 3111 2037 3177 facere
2083 3113 2285 3196 possi-

283 3223 453 3286 mus3
525 3202 635 3266 sed
708 3202 763 3266 si
832 3224 936 3266 res
1008 3202 1077 3264 in
1139 3202 1618 3267 contentionem
1681 3200 1920 3283 veniet,
1983 3200 2287 3264 nimirum

280 3289 747 3355 Themistocles
796 3294 896 3355 est
942 3294 1166 3355 auctor
1213 3290 1641 3373 adhibendu83
1700 3289 1811 3373 qui
1865 3311 2010 3353 cum
2066 3309 2285 3353 consu·

200 3394 251 3436 ⁸5
279 3380 548 3461 leretur,
602 3382 820 3443 utrum
874 3379 1044 3443 bono
1099 3378 1239 3442 viro
1297 3378 1566 3462 pauperi
1622 3400 1704 3441 an
1750 3377 1962 3440 minus
2009 3377 2285 3460 probato

279 3467 466 3531 diviti
520 3467 724 3531 filiam
778 3467 1153 3533 collocaret.
1220 3465 1413 3551 ‘Ego
1469 3465 1701 3550 vero',
1762 3466 1999 3549 inquit,
2056 3464 2286 3531 malo

278 3555 551 3633 virum,
590 3555 718 3640 qui
745 3557 1069 3639 pecunia
1095 3558 1349 3641 egeat,
1381 3576 1600 3638 quam
1627 3554 2053 3639 pecuniam,
2094 3575 2287 3638 quae

386 3667 664 3707 (210.1V.3
1939 3664 1970 3707 6
