2630 3913
1006 255 1157 311 CAP.
1198 263 1354 310 2—4.
1421 263 1451 322 ς
1486 263 1678 311 4-11.
2220 258 2349 321 427

331 442 498 502 rem;
533 418 847 483 honorem
887 416 1073 483 dico?
1108 417 1309 482 immo
1340 440 1490 482 vero
1520 418 1782 500 famam,
1819 418 2133 498 fortunas,
2170 420 2354 485 fami-

331 507 509 590 liam,
544 506 806 589 liberOS,
848 527 923 571 ca
971 509 1061 587 ut,
1106 527 1359 591 corpuS,
1406 506 1622 590 ipsum
1661 505 1931 589 denique
1967 508 2352 591 sanguinem

333 601 529 679 atque
558 594 862 659 animam.
964 593 1081 659 edo
1109 594 1352 658 invitus
1384 594 1462 658 de
1489 617 1558 657 re
1586 593 1865 678 publica,
1902 595 2056 659 cedo
2092 617 2352 680 oppres-

331 707 442 748 sus
499 684 576 747 de
629 682 920 765 fortuna,
981 682 1056 746 de
1113 683 1456 767 dignitate,
1517 682 1769 746 discedo
1828 682 1909 747 ab
1966 706 2035 747 re
2088 684 2352 768 publica

275 791 306 830 s
334 771 543 835 victus
583 770 851 836 audacia
887 771 1227 835 malorum.
1298 770 1521 835 Liceat
1561 792 1839 855 manere,
1885 771 1942 835 si
1986 793 2119 836 non
2162 772 2351 836 illum
2387 790 2420 836 8

333 860 419 924 M.
460 859 766 941 Tullium,
812 858 1144 924 custodem
1189 859 1387 942 urbis,
1435 858 1836 923 defensorem
1883 859 2190 944 omnium,
2236 883 2350 945 pa-

333 954 501 1012 trem
544 947 827 1031 patriae,
888 952 959 1011 at
1014 951 1186 1011 certe
1231 946 1541 1030 reliquias
1588 946 1789 1030 Tulli3
1850 947 2044 1012 liceat
2087 947 2157 1011 in
2203 970 2352 1013 con-

335 1039 561 1120 spectu
614 1035 878 1116 civium,
941 1035 1012 1099 in
1064 1036 1185 1099 hac
1238 1036 1426 1118 urbe,
1492 1056 1686 1118 quam
1742 1057 1819 1099 ex
1881 1036 2352 1121 parricidarum

333 1124 630 1189 faucibus
660 1124 915 1207 eripuit,
951 1145 1302 1207 remanere,
1340 1127 1514 1188 tecta
1542 1123 1848 1205 omnium,
1883 1122 2039 1189 fana
2068 1125 2351 1209 deorum,

253 1233 308 1271 ιο
336 1213 705 1277 universam
742 1212 958 1276 videre
996 1211 1266 1296 periculi
1300 1218 1599 1293 expertem
1635 1211 1993 1296 civitatem3
2036 1212 2232 1277 liceat
2274 1236 2352 1277 ex

333 1301 458 1366 hac
501 1301 764 1364 flamma
810 1300 1091 1383 evolare,
1146 1300 1530 1383 praesertim
1579 1300 1689 1383 qui
1733 1299 1898 1364 illud
1941 1300 2214 1385 impium
2260 1301 2352 1365 in·

333 1389 630 1456 cendium
689 1388 1093 1471 perditorum
1154 1388 1490 1453 hominum
1553 1387 1841 1453 lacrimis
1905 1389 2125 1472 potius
2189 1390 2352 1454 meis

335 1500 528 1562 quam
582 1482 800 1540 vestro
858 1475 1169 1560 sanguine
1223 1476 1544 1561 restingui
1596 1476 1816 1540 malui.
1906 1476 2131 1561 Neque
2179 1478 2354 1542 enim

336 1587 457 1650 ego
503 1569 683 1649 pet0,
735 1568 811 1628 ut
856 1564 1018 1628 mihi
1065 1564 1230 1628 detis
1276 1564 1507 1647 vitam,
1567 1564 1678 1628 sed
1733 1565 1951 1628 datam
2006 1569 2230 1650 repeto
2278 1571 2352 1630 ut

254 1673 307 1713 ιε
335 1653 637 1718 reddatis,
712 1650 780 1716 Si
816 1652 1222 1736 meministiS,
1268 1652 1441 1737 quod
1478 1652 1639 1736 dedi,
1684 1674 1817 1717 non
1852 1652 2100 1717 debetis
2150 1654 2346 1734 [istis]

334 1741 633 1808 oblivisci
677 1741 1063 1824 retribuere,
1109 1740 1282 1825 quod
1329 1741 1660 1805 debuistis.

466 1828 623 1913 Vos,
667 1851 784 1894 vos
831 1832 1144 1913 optestor,
1189 1829 1254 1893 di
1297 1829 1722 1913 immortales,
1769 1829 1880 1914 qui
1925 1830 2353 1914 meaementi
2388 1812 2430 1934 ἓ

336 1918 584 1983 lumina
636 1917 1068 2001 praetulistiS,
1123 1939 1270 1983 cum
1324 1939 1707 1983 consensum
1763 1917 2008 1983 extinxi
2062 1919 2353 1984 coniura-

335 2006 537 2071 tionis
602 2028 938 2089 arcemque
1001 2006 1181 2071 urbis
1244 2007 1538 2071 incendio
1603 2030 1677 2072 ac
1748 2008 2012 2072 flamma
2080 2008 2354 2072 liberavi

254 2114 309 2153 20
339 2094 706 2178 liberosque
752 2098 1003 2159 vestros
1051 2118 1090 2159 a
1134 2095 1383 2177 gremio
1431 2099 1497 2158 et
1547 2097 1886 2180 complexu
1939 2100 2226 2160 matrum
2272 2096 2354 2160 ad

337 2182 598 2249 caedem
653 2185 719 2246 et
773 2204 1064 2247 cruorem
1118 2204 1250 2247 non
1307 2204 1451 2246 sum
1495 2204 1726 2267 passus
1775 2183 2086 2247 abstrahi.
2176 2182 2352 2247 Num

336 2271 541 2357 igitur
592 2273 813 2356 potest
865 2270 1031 2352 fieri,
1095 2293 1135 2335 a
1180 2270 1526 2335 clientibus
1581 2274 1655 2334 ut
1712 2271 2012 2354 recipiar,
2077 2293 2248 2352 cum,
2313 2294 2353 2335 a

338 2360 572 2443 quibus
620 2359 888 2424 debeam
934 2358 1216 2441 retineri,
1261 2359 1500 2424 reicere
1543 2358 1937 2422 instituant?
2011 2356 2182 2423 Socii
2224 2381 2350 2442 quo

336 2447 607 2531 fugient,
654 2470 800 2511 cum
845 2446 1059 2511 aditus
1106 2447 1359 2511 custodi
1404 2447 1777 2531 praeclusus
1817 2446 1946 2510 sit?
1995 2468 2121 2530 quo
2159 2447 2350 2512 modo

255 2554 309 2593 25
339 2558 486 2619 spes
534 2535 765 2599 salutis
810 2535 1077 2618 reliquis
1123 2534 1458 2617 residebit,
1513 2557 1659 2599 cum
1713 2534 1960 2599 civibus
2014 2535 2354 2618 praeclusa

337 2625 426 2689 sit
490 2622 851 2708 expectatio
923 2623 1437 2687 incolumitatis?
1510 2645 1639 2707 pax
1710 2628 1776 2686 et
1848 2622 2188 2687 concordia
2252 2645 2352 2686 ex-

336 2711 581 2777 traneis
641 2711 971 2797 gignetur,
1035 2734 1180 2776 cum
1245 2711 1613 2775 domesticis
1676 2732 1809 2775 non
1870 2710 2176 2794 insideat,
2241 2711 2352 2774 sed

335 2799 592 2885 publice
646 2799 1014 2883 providenti
1069 2799 1424 2884 eripiatur?
1515 2798 1687 2863 Nam
1742 2799 1895 2881 quid
1941 2820 2060 2883 ego
2114 2798 2351 2882 impro-
2392 2816 2454 2862 ω

336 2890 570 2953 borum
615 2888 790 2951 facta
834 2909 1136 2952 renovem
1183 2888 1498 2971 oratione,
1542 2891 1617 2951 ut
1660 2886 2125 2970 redintegratio
2172 2887 2350 2950 illius

258 2996 311 3035 ⁸0
338 2975 806 3042 coniurationis
853 2975 1103 3040 animos
1150 2976 1444 3040 vulneret
1492 2976 1786 3040 vestros?
1878 2975 2213 3039 Auxilium
2268 2976 2349 3039 ab

338 3063 568 3129 alienis
642 3063 1120 3148 efflagitabitiS,
1202 3086 1349 3129 cum
1426 3063 1597 3128 cives
1671 3063 2030 3127 deseratis?
2140 3060 2353 3128 Socio-

335 3175 482 3218 rum
534 3152 826 3216 invocem
882 3149 1267 3234 subsidium,
1332 3173 1478 3216 cum
1532 3174 1572 3216 a
1627 3152 1874 3216 civibus
1927 3150 2350 3215 interclusum

337 3242 426 3306 sit
479 3240 915 3323 praesidium?
1006 3237 1215 3314 Quam
1269 3240 1478 3304 colere
1536 3244 1795 3324 gentem
1855 3262 1989 3304 non
2049 3238 2350 3302 institui?

335 3333 555 3394 utrum
602 3333 819 3394 custos
868 3328 1146 3412 accipiar
1191 3350 1276 3392 an
1320 3333 1394 3392 ut
1437 3327 1733 3410 proditor
1779 3327 2122 3392 excludar?
2179 3326 2234 3390 si
2279 3330 2353 3390 ut

256 3436 308 3474 35
335 3421 778 3499 conservator,
833 3419 1051 3479 vestra
1097 3414 1219 3479 erit
1263 3415 1646 3499 ignominia3
1703 3416 1761 3480 si
1805 3420 1880 3481 ut
1926 3419 2351 3500 oppugnator,

334 3505 627 3591 praecisa
674 3508 863 3568 erunt
909 3503 1143 3568 omnia.
1231 3503 1480 3586 Itaque,
1528 3503 1699 3586 quod
1743 3504 1971 3588 putavi
2013 3504 2152 3568 fore
2199 3525 2351 3588 gau-

335 3595 540 3677 dium,
584 3593 650 3657 id
697 3590 915 3657 extitit
963 3592 1179 3656 exitio.
1270 3589 1359 3673 Si,
1405 3588 1717 3675 Quirites,
1761 3593 2032 3657 eundem
2076 3591 2146 3656 in
2187 3597 2353 3656 cete·
2392 3608 2452 3653 11
