2630 3913
811 148 945 204 Lm.
986 149 1027 202 1.
1086 149 1237 205 cAP.
1277 156 1329 217 4,
1367 155 1416 204 5.
1473 155 1504 216 ς)
1544 156 1766 204 11-17,
2252 151 2294 212 ⁷

289 312 432 376 dam
485 314 709 395 putat,
739 314 1087 407 cavetque,
1137 332 1219 375 ne
1284 311 1438 395 quid
1490 310 1787 376 indecore
1847 309 2292 376 effeminateve

285 400 507 481 faciat,
569 403 712 463 tum
774 399 843 462 in
901 399 1198 463 omnibus
1255 404 1321 463 et
1376 399 1787 484 opinionibus
1844 403 1910 463 et
1964 398 2155 463 factis
2211 421 2291 464 ne

287 488 436 571 quid
465 487 827 551 lubidinose
857 491 970 551 aut
998 488 1199 552 faciat
1228 492 1342 552 aut
1370 488 1630 573 cogitet.
1696 486 1942 562 Quibus
1982 508 2058 551 ex
2097 487 2292 552 rebus

287 577 598 640 conflatur
653 579 720 639 et
774 574 1050 639 efficitur
1102 577 1168 640 id
1172 614 1209 667 ,1
1252 577 1422 659 quod
1478 577 1846 660 quaerimus
1843 619 1887 663 s
1928 575 2292 659 honestum,

232 680 260 722 5
288 665 454 748 quod
492 663 749 728 etiamsi
784 663 1201 729 nobiJitatum
1235 664 1512 747 nonsit,
1548 669 1769 729 tamen
1802 664 2149 728 honestum
2188 664 2293 745 sit,

285 753 578 836 quodque
615 772 764 816 vere
802 750 1088 836 dicimuS,
1125 753 1381 816 etiamsi
1419 775 1458 817 a
1492 753 1671 817 nullo
1706 751 2022 829 laudetur,
2057 756 2293 815 natura

285 862 422 905 esse
470 840 813 904 laudabile.

411 928 716 993 Formam
773 927 1030 1011 quidem
1084 929 1322 1013 ipsam,
1385 927 1600 994 Marce
1654 929 1777 1012 fili,
1833 932 1898 993 et
1957 932 2293 1012 tamquam
2329 919 2371 982 5

280 1017 512 1081 faciem
558 1016 817 1081 honesti
861 1016 1066 1099 videS,
1124 1017 1347 1100 ‘quae
1403 1017 1468 1081 si
1524 1016 1770 1082 oculis
1817 1020 2292 1100 cerneretur,
2331 995 2396 1100 {⁵

207 1123 256 1163 ιο
281 1104 686 1170 mirabiles
741 1103 1090 1188 amores',
1150 1108 1225 1168 ut
1279 1106 1372 1169 ait
1424 1103 1645 1188 Plato,
1710 1104 2123 1170 eexcitaret
2178 1090 2368 1189 saa-³³v

279 1191 679 1278 pientiae'.
752 1190 877 1256 Sed
911 1214 1132 1274 omne,h
1156 1193 1327 1275 quod
1364 1197 1464 1256 est
1490 1193 1853 1277 honestum,
1889 1193 1955 1256 id
1985 1197 2293 1276 quattuor

279 1282 564 1366 partium
622 1280 828 1345 oritur
886 1302 962 1345 ex
1017 1281 1261 1363 aliqua:
1324 1286 1437 1345 aut
1491 1281 1661 1345 enim
1715 1281 1784 1344 in
1836 1281 2294 1365 perspicientia

278 1371 415 1434 veri
474 1369 892 1453 sollertiaque
945 1373 1273 1449 versatur,
1298 1375 1412 1433 aut
1463 1369 1533 1434 in
1593 1369 1929 1433 hominum
1984 1369 2291 1433 societate

279 1458 522 1522 tuenda
565 1457 1035 1541 tribuendoque
1082 1479 1268 1521 suum
1306 1458 1534 1540 cuique
1580 1461 1646 1522 et
1681 1479 1898 1522 rerum
1935 1460 2294 1522 contracta·

207 1563 254 1604 ¹⁵
281 1569 423 1611 rum
481 1545 606 1610 fide
626 1549 778 1638 ,aut
828 1547 900 1610 in
953 1546 1153 1610 animi
1207 1546 1443 1610 excelsi
1501 1549 1695 1629 atque
1758 1545 1985 1610 invicti
2047 1546 2294 1631 magni·

279 1635 504 1699 tudine
552 1656 626 1699 ac
670 1634 1063 1722 robore‚aut
1107 1634 1176 1698 in
1222 1634 1548 1718 omnium,
1585 1656 1747 1717 quae
1791 1634 1958 1698 fiunt
2004 1655 2293 1716 quaeque

281 1723 621 1815 dicuntur,
663 1722 886 1787 ordine
940 1725 1006 1786 et
1060 1722 1278 1807 modo,
1332 1723 1402 1786 in
1456 1744 1584 1806 quo
1639 1722 1810 1786 inest
1864 1721 2182 1786 modestia
2228 1726 2294 1786 et

279 1811 732 1897 temperantia.
797 1809 974 1885 Quae
1011 1814 1320 1893 quattuor
1359 1832 1749 1894 quamquam
1783 1811 1955 1875 inter
1982 1832 2051 1874 se
2091 1810 2267 1874 colli·
2287 1821 2398 1889 (15)

280 1905 435 1987 gata
495 1902 690 1983 atque
742 1899 1079 1984 implicata
1133 1903 1310 1983 sunt,
1375 1904 1595 1964 tamen
1654 1921 1731 1963 ex
1786 1898 2061 1985 singulis
2118 1903 2295 1964 certa

204 2006 252 2047 20
281 1989 647 2054 officiorum
695 2008 932 2072 genera
973 1991 1354 2071 nascuntur,
1403 1989 1583 2052 velut
1628 2010 1704 2051 ex
1751 2009 1826 2052 ea
1870 1991 2055 2071 parte
2059 2039 2098 2078 ,.
2131 2011 2294 2071 quae

278 2078 496 2161 prima
542 2076 851 2160 discripta
897 2080 1014 2160 est,
1060 2076 1130 2140 in
1174 2098 1303 2160 qua
1341 2076 1726 2160 sapientiam
1774 2080 1839 2139 et
1884 2076 2294 2160 prudentiam

278 2165 602 2249 ponimuS,
646 2165 818 2228 inest
861 2164 1196 2250 indagatio
1245 2168 1440 2248 atque
1484 2164 1772 2228 inventio
1818 2164 1981 2247 veri,
2032 2164 2293 2248 eiusque

278 2254 543 2318 virtutis
598 2253 723 2318 hoc
776 2273 1008 2317 munus
1065 2255 1166 2316 est
1218 2253 1570 2336 proprium.
1660 2250 1755 2316 Ut
1800 2251 1971 2315 enim
2022 2253 2291 2335 quisque

280 2343 561 2406 maxime
606 2341 915 2426 perspicit
917 2389 960 2429 γ
998 2340 1152 2425 quid
1204 2339 1273 2404 in
1319 2362 1388 2403 re
1435 2361 1686 2423 quaque
1732 2340 2140 2404 verissimum
2189 2341 2293 2422 sit,

206 2446 254 2486 25
282 2430 520 2514 quique
566 2429 938 2494 acutissime
983 2433 1050 2493 et
1095 2428 1426 2494 celerrime
1471 2431 1689 2511 potest
1735 2431 1802 2491 et
1836 2426 2051 2491 videre
2090 2432 2156 2491 et
2193 2450 2293 2491 ex-

279 2518 525 2602 plicare
571 2518 916 2596 rationem,
974 2518 1031 2581 is
1077 2515 1618 2601 prudentissimus
1666 2518 1733 2579 et
1778 2515 2292 2599 sapientissimus

280 2605 402 2670 rite
448 2606 680 2671 haberi
725 2606 910 2671 solet.
984 2604 1295 2681 Quocirca
1340 2605 1491 2670 huic
1537 2604 1724 2688 quasi
1759 2603 2059 2690 materia,
2098 2626 2291 2688 quam

281 2698 522 2760 tractet
566 2698 633 2759 et
677 2694 747 2759 in
793 2716 920 2777 qua
964 2698 1257 2759 versetur
1322 2694 1612 2759 subiecta
1658 2696 1757 2756 est
1791 2693 2050 2757 veritas,
2122 2692 2292 2757 Reli·

283 2784 426 2865 quis
485 2786 703 2848 autem
757 2782 969 2847 tribus
1023 2739 1377 2847 virtutibus
1433 2781 1854 2847 necessitates
1917 2781 2291 2865 propositae

207 2884 255 2925 ³0
283 2874 434 2934 sunt
491 2871 572 2935 ad
626 2892 734 2935 eas
790 2891 892 2935 res
948 2871 1269 2954 parandas
1334 2870 1775 2954 tuendasque,
1824 2869 2055 2953 quibus
2121 2870 2290 2933 actio

280 2959 454 3023 vitae
493 2960 876 3042 continetur,
912 2964 987 3022 ut
1025 2962 1090 3022 et
1128 2959 1401 3023 societas
1438 2955 1773 3022 hominum
1802 2957 2290 3040 coniunctioque

283 3050 574 3112 servetur
638 3052 702 3111 et
768 3046 969 3112 animi
1032 3047 1411 3111 excellentia
1464 3044 1970 3131 magnitudoque
2025 3067 2169 3109 cum
2223 3045 2293 3109 in

283 3136 592 3221 augendis
649 3134 879 3219 opibus
934 3134 1457 3219 utilitatibusque
1513 3139 1579 3198 et
1635 3134 1758 3197 sibi
1814 3137 1879 3196 et
1934 3133 2067 3197 suis
2123 3155 2290 3198 com-

281 3224 611 3307 parandis,
666 3228 806 3288 tum
861 3223 1068 3287 multo
1124 3224 1336 3309 magis
1389 3223 1458 3286 in
1512 3221 1615 3286 his
1662 3221 1821 3305 ipsis
1869 3221 2291 3305 despiciendis

213 3322 258 3363 ⁸⁵
284 3310 548 3377 eluceat.
647 3310 820 3377 Ordo
884 3314 1042 3377 item
1107 3315 1171 3376 et
1236 3309 1602 3377 constantia
1665 3313 1731 3373 et
1804 3309 2161 3374 moderatio
2227 3321 2292 3375 et

284 3420 397 3483 ea,k
420 3422 584 3483 quae
633 3404 783 3465 sunt
827 3401 929 3465 his
977 3400 1243 3485 similia,
1287 3402 1630 3464 versantur
1675 3398 1743 3461 in
1790 3419 1863 3462 eo
1913 3420 2180 3484 genere,
2211 3400 2291 3463 ad

285 3488 453 3570 quod
501 3492 598 3552 est
645 3489 1007 3555 adhibenda
1046 3489 1213 3553 actio
1258 3486 1590 3572 quaedam,
1635 3508 1767 3551 non
1805 3487 2015 3551 solum
2054 3489 2290 3552 mentis

2332 2270 2399 2320 16

2333 2711 2398 2758 1⁰1
