2630 3913
847 241 1270 297 POEMATUM.
1309 242 1378 296 H.
1417 241 1468 294 X
1505 242 1752 297 8-X111,
2180 243 2310 307 403

424 402 487 467 3.
536 401 656 468 Gie.
708 403 776 482 Q.
818 402 902 482 fr.
947 401 1082 466 III
1118 409 1177 467 8.
1221 408 1267 466 3
1308 402 1411 467 De
1461 404 1682 467 virtute
1725 408 1783 467 et
1818 405 2122 485 qravitate
2165 403 2310 469 an-

291 491 484 569 sariS,
538 511 726 572 quam
779 491 852 554 in
900 510 1137 554 summo
1190 491 1393 555 dolore
1443 490 1838 567 adhibuisset,
1892 511 2184 572 mayuam
2239 512 2312 556 ex

293 579 557 660 epistula
612 584 721 642 tua
774 578 903 658 cepi
952 578 1336 658 voluptatem.
1438 578 1616 658 Quod
1663 599 1758 643 me
1817 580 2166 644 institutum
2229 582 2314 644 aol

293 668 474 732 illum
498 671 724 747 poe’ma
755 666 923 730 iubes
944 667 1252 748 perficere,
1287 666 1400 730 etsi
1435 666 1728 732 distentus
1763 686 1899 730 eum
1935 687 2134 748 opera,
2181 671 2312 731 tum

241 773 267 813 5
294 756 507 819 animo
559 774 699 818 sum
751 753 943 818 multo
994 754 1220 835 mayis,
1275 759 1502 831 tamen,
1560 756 1855 835 quoniam
1905 775 1982 820 ex
2033 755 2310 836 epistula,

292 862 482 924 quam
533 843 622 906 ad
671 847 727 906 te
781 842 1098 918 miseram,
1154 842 1430 922 eoquovit
1471 840 1700 906 Caesar
1751 863 1848 906 me
1899 843 2142 923 aliquid
2190 862 2313 907 esse

294 950 592 1008 exorsum,
635 933 906 994 revertar
948 930 1036 993 ael
1066 930 1418 993 institutum
1451 929 1632 1010 idque
1663 931 1987 1011 perficiam
2030 930 2128 994 his
2171 951 2311 1012 sup-

281 1019 694 1100 plicationum
730 1017 936 1081 otiosis
966 1016 1189 1096 diebus,
1224 1017 1444 1099 quibus
1468 1017 1834 1083 Messallam
1867 1019 2000 1082 iam
2034 1023 2311 1084 nostrum

293 1107 672 1187 reliquosque
716 1105 992 1170 molestia
1038 1104 1261 1169 levatos
1303 1105 1671 1168 vehementer
1709 1107 1960 1188 yaudeo.

213 1211 267 1250 10
428 1196 490 1257 4.
537 1192 659 1259 Cio.
707 1193 776 1273 Q.
818 1193 901 1272 fr.
945 1191 1081 1256 III
1115 1198 1174 1256 9.
1221 1198 1262 1256 6
1309 1192 1487 1272 Quod
1527 1213 1623 1257 me
1665 1191 1964 1276 hortaris,
2009 1199 2081 1258 ut
2120 1196 2309 1260 absol-

293 1302 464 1364 vam,
518 1281 703 1345 habeo
756 1281 1102 1346 absolutum
1153 1300 1362 1363 suave,
1416 1280 1572 1344 mihi
1623 1282 1866 1362 quidem
1912 1283 2009 1345 uti
2058 1283 2312 1360 violetur,

297 1371 452 1445 ἔπος
496 1370 582 1434 ad
606 1367 946 1451 Gaesarem,
989 1369 1097 1441 seol
1135 1388 1360 1449 quaero
1398 1369 1744 1449 locupletem
1789 1369 2193 1453 tabellarium,
2236 1391 2314 1434 ue

294 1458 550 1538 aecidat,
594 1458 757 1538 quod
796 1457 1111 1537 Eriyouae
1155 1461 1311 1539 tuae,
1355 1458 1457 1520 eui
1499 1457 1617 1521 soli
1652 1455 1912 1522 Caesare
1952 1458 2314 1539 imperatore

296 1547 414 1610 iter
456 1565 532 1611 ex
579 1544 798 1609 Gallia
842 1549 1043 1608 tutum
1086 1564 1213 1608 nou
1253 1543 1395 1625 fuit.

220 1875 271 1916 ιε
721 1864 856 1923 XII.
920 1862 1220 1922 ELEGIA
1266 1859 1314 1941 †
1360 1864 1901 1925 TALEMASTIS-

430 1999 597 2066 Serv.
651 2003 737 2065 ad
790 2000 1011 2082 Veryil.
1066 2000 1284 2064 Bueol.
1330 1999 1382 2063 I
1414 2003 1500 2065 58
1552 2001 1917 2085 Palumbes]
1975 2001 2314 2081 Columbae,

296 2109 453 2171 quas
485 2087 703 2169 vulyus
735 2085 930 2151 ‘tetas'
967 2091 1154 2163 vocat,
1190 2092 1248 2150 et
1279 2106 1406 2150 non
1431 2088 1720 2152 dicuntur
1745 2090 1987 2168 Latine,
2020 2093 2129 2156 sed
2158 2093 2314 2156 mul-

300 2183 503 2242 torum
546 2175 882 2239 auotoritas
926 2174 1227 2238 Latinum
1269 2174 1441 2254 facit.
1514 2173 1721 2240 Gieero
1764 2178 1836 2240 iu
1879 2178 2116 2259 eleqeia,
2160 2199 2316 2259 quae

300 2264 348 2346 †
398 2264 765 2328 Talemastis
810 2262 1201 2326 inscribitur:

216 2369 271 2408 20
387 2351 530 2415 Iam
578 2371 755 2414 mare
801 2349 1204 2432 Tyrrhenum
1251 2349 1445 2432 longe
1490 2348 1874 2433 penitusque
1919 2352 2256 2434 palumbes

388 2438 722 2521 Relliquit.

803 2651 967 2711 xm.
1032 2649 1379 2710 PONTIUS
1426 2623 1810 2712 GLAUCUS.

434 2787 746 2852 Plutarch.
783 2786 905 2852 Oto.
940 2790 988 2852 2
1020 2783 1418 2869 Γενόμενος,
1463 2781 1682 2871 ὥσπερ
1730 2782 1766 2852 ὅ
1807 2784 2094 2853 Πλάτων
2140 2786 2318 2867 ἀξιοῖ

299 2880 424 2966 τὴν
472 2885 816 2966 φιλομαθῆ
863 2878 975 2947 καὶ
1014 2878 1395 2965 φιλόσοφον
1442 2878 1673 2965 φύσιν,
1720 2874 1860 2960 οἷος
1903 2880 2314 2962 ἀσπάζεσθαι

219 2998 271 3038 25
301 2981 437 3044 πᾶν
475 2976 755 3062 μάθημα
791 2975 902 3042 καὶ
938 2974 1148 3061 μηδὲν
1185 2973 1393 3061 λόγου
1429 2976 1596 3062 μηδὲ
1635 2981 1935 3056 παιδείας
1980 2974 2315 3061 ἀτιμάζειν

304 3071 502 3157 εἶδος,
551 3072 753 3159 ἐρρύη
801 3097 937 3151 πως
982 3069 1494 3159 προθυμότερον
1541 3073 1645 3140 ἐπὶ
1682 3072 2060 3159 ποιητικήν·
2104 3080 2223 3140 καί
2253 3100 2317 3141 τι

300 3170 410 3236 καὶ
439 3166 838 3255 ποιημάτιον
878 3172 972 3235 ἔτι
1008 3165 1247 3247 παιδὸς
1286 3166 1494 3235 αὐτοῦ
1530 3167 1935 3253 διασώζεται,
1974 3171 2316 3252 Πόντιος

301 3270 683 3348 Γλαῦκος,
754 3268 826 3332 ἐν
884 3265 1292 3356 τετραμέτρου
1348 3266 1810 3351 πεποιημένον.
1901 3265 2180 3353 Προϊὼν
2241 3269 2317 3337 δὲ

300 3366 390 3452 τῷ
438 3360 659 3448 χρόνῳ
706 3360 818 3426 καὶ
854 3360 1328 3448 ποικιλώτερον
1366 3358 1736 3444 απτόμενος
1770 3365 1887 3447 τῆς
1921 3361 2072 3448 περὶ
2108 3368 2317 3432 ταῦτα

219 3480 271 3519 80
301 3457 554 3545 μούσης
618 3459 844 3537 ἔδοξεν
910 3453 993 3523 οὐ
1047 3456 1259 3542 μόνον
1319 3455 1570 3544 ῥήτωρ,
1635 3454 1803 3524 αλλὰ
1866 3456 1978 3524 καὶ
2040 3458 2316 3545 ποιητὴς

304 3552 573 3639 αριστος
620 3549 793 3620 εἶναι
831 3549 1190 3638 Ῥωμαίων.
1256 3550 1344 3619 Ἡ
1381 3552 1501 3637 μὲν
1549 3544 1674 3619 οὖν
1723 3553 1826 3620 ἐπὶ
1870 3558 1949 3642 τῇ
1999 3555 2313 3644 ῥητορικῇ

1885 3658 1994 3712 26*
