2630 3913
196 977 263 1027 83

195 1860 263 1910 84

304 183 390 246 86
1086 179 1184 235 DE
1222 180 1524 237 OFFICIIS

302 344 494 429 cipes,
531 365 677 409 cum
714 340 947 427 quibus
983 364 1211 408 causas
1249 343 1558 429 cognovit
1593 345 1659 409 et
1685 364 1927 427 eorum,
1964 344 2072 428 qui
2102 344 2315 408 aliena

302 432 640 516 tenebant,
703 436 769 496 et
822 453 1071 515 eorum,
1136 431 1245 515 qui
1300 453 1418 503 sua
1473 432 1856 516 amiserant,
1917 431 2314 517 perfecitque

304 520 741 586 aestumandis
795 519 1313 604 possessionibus
1322 571 1340 603 ,
1404 524 1478 584 ut
1530 520 1947 605 persuaderet
2002 521 2177 603 aliis,
2241 525 2316 585 ut

301 609 638 694 pecuniam
701 608 986 692 accipere
1048 608 1348 692 mallent,
1419 608 1938 692 possessionibus
2000 609 2314 692 cederent,

303 697 468 779 aliis,
503 701 578 762 ut
614 696 1012 762 commodius
1048 701 1357 782 putarent
1391 698 1718 762 numerari
1754 697 1900 781 sibi,
1936 697 2107 781 quod
2142 699 2315 762 tanti
2367 716 2397 758 5

303 790 501 869 esset,
559 807 753 870 quam
799 806 986 849 suum
1031 806 1426 869 recuperare.
1514 785 1620 850 Ita
1663 785 2022 870 perfectum
2067 791 2195 869 est,
2239 791 2314 850 ut

303 895 525 938 omnes
572 873 913 938 concordia
956 874 1315 938 constituta
1366 874 1503 961 sine
1561 875 1849 958 querella
1899 874 2313 939 discederent.

303 962 357 1027 Ο
393 962 605 1026 virum
641 983 952 1048 magnum
989 961 1401 1047 dignumque,
1439 961 1551 1046 qui
1585 964 1655 1026 in
1689 984 1759 1027 re
1795 962 2058 1046 publica
2085 967 2314 1027 nostra

300 1055 496 1115 natus
544 1052 743 1114 esset!
836 1047 941 1115 Sic
985 1072 1106 1135 par
1152 1054 1251 1114 est
1297 1072 1490 1136 agere
1537 1072 1683 1115 cum
1728 1051 2002 1132 civibuS,
2045 1073 2196 1133 non,
2238 1056 2314 1116 ut

300 1139 403 1204 bis
439 1139 570 1203 iam
606 1139 902 1221 vidimuS,
937 1138 1197 1203 hastam
1231 1139 1302 1202 in
1336 1138 1479 1203 foro
1517 1161 1754 1222 ponere
1783 1143 1850 1203 et
1875 1139 2048 1203 bona
2074 1139 2311 1204 civium
2342 1159 2395 1198 10

300 1229 442 1293 voci
489 1228 777 1293 subicere
814 1228 1165 1312 praeconis,
1234 1226 1328 1291 At
1362 1228 1476 1291 ille
1514 1226 1817 1311 Graecus,
1859 1226 1926 1291 id
1971 1227 2143 1311 quod
2187 1227 2313 1292 fuit

302 1317 613 1401 sapientis
652 1320 718 1380 et
756 1316 1150 1402 praestantis
1188 1316 1331 1398 viri,
1377 1315 1674 1380 omnibus
1713 1316 2172 1380 consulendum
2201 1339 2312 1401 pu·

301 1406 496 1483 tavit,
552 1427 752 1489 eaque
799 1407 899 1468 est
945 1427 1198 1468 summa
1242 1404 1411 1468 ratio
1459 1408 1526 1468 et
1571 1404 1891 1488 sapientia
1935 1404 2091 1468 boni
2136 1405 2312 1489 civiS,

301 1494 637 1559 commoda
681 1493 917 1558 civium
959 1514 1090 1556 non
1137 1492 1441 1556 divellere
1489 1496 1682 1576 atque
1729 1493 1938 1557 omnis
1986 1494 2312 1576 aequitate

302 1583 525 1647 eadem
586 1582 930 1647 continere.
1027 1579 1346 1644 Habitent
1410 1582 1617 1667 gratis
1680 1581 1750 1644 in
1813 1581 2041 1646 alieno.
2145 1580 2312 1656 Quid
2342 1600 2394 1640 15

298 1671 439 1734 ita?
477 1673 567 1748 ut,
604 1692 749 1734 cum
778 1691 899 1755 ego
928 1669 1211 1752 emerim,
1240 1668 1649 1754 aedificarim,
1686 1675 1889 1754 tuear,
1923 1669 2313 1754 impendam,

300 1763 374 1822 tu
428 1781 531 1822 me
587 1757 794 1821 invito
849 1757 1067 1820 fruare
1125 1758 1312 1821 meo?
1405 1756 1571 1832 Quid
1626 1763 1726 1822 est
1779 1758 1955 1822 aliud
2002 1758 2146 1822 aliis
2195 1780 2313 1822 sua

301 1846 573 1930 eripere,
622 1846 770 1909 aliis
817 1845 969 1910 dare
1016 1845 1275 1910 aliena?
1369 1846 1659 1911 Tabulae
1704 1868 1856 1911 vero
1903 1867 2111 1911 novae
2159 1846 2312 1930 quid

299 1934 544 1999 habent
589 1933 972 2020 argumenti,
1016 1933 1140 1998 nisi
1187 1937 1261 1999 ut
1306 1956 1484 2000 emas
1532 1958 1674 2000 mea
1718 1935 1990 2020 pecunia
2023 1935 2312 2019 fundum,

196 2023 281 2087 24
303 2046 447 2088 eum
493 2027 567 2087 tu
610 2023 881 2106 habeaS,
936 2043 1057 2107 ego
1111 2045 1241 2087 non
1296 2023 1573 2089 habeam
1627 2024 2010 2109 pecuniam?
2101 2023 2308 2099 Quam
2339 2043 2392 2083 ιο

192 3539 257 3585 85

301 2111 383 2178 ob
430 2134 572 2175 rem
615 2133 696 2175 ne
742 2112 829 2175 sit
875 2132 982 2175 aes
1030 2111 1330 2194 alienum,
1378 2112 1548 2195 quod
1593 2112 1687 2177 rei
1730 2112 2028 2197 publicae
2063 2117 2312 2196 noceat,

298 2199 763 2286 providendum
800 2203 917 2283 est,
955 2199 1126 2283 quod
1163 2201 1389 2265 multis
1426 2201 1787 2266 rationibus
1824 2201 2039 2267 caveri
2073 2206 2311 2285 potest,

298 2311 454 2370 non,
501 2288 557 2352 si
600 2288 824 2372 fuerit,
877 2292 952 2352 ut
997 2288 1354 2374 locupletes
1403 2311 1589 2354 suum
1635 2287 1936 2376 perdant,
1987 2290 2309 2355 debitores

299 2379 627 2443 lucrentur
664 2378 973 2460 alienum3
1017 2398 1133 2442 nec
1172 2378 1343 2441 enim
1379 2378 1516 2442 ulla
1551 2399 1655 2442 res
1691 2378 2134 2443 vehementius
2171 2400 2309 2442 rem

297 2466 624 2551 publicam
670 2467 959 2531 continet
1004 2486 1197 2548 quam
1244 2466 1423 2548 fides,
1469 2487 1632 2548 quae
1678 2488 1817 2531 esse
1853 2466 2038 2530 nulla
2072 2471 2309 2551 potest,
2337 2485 2390 2525 25

296 2554 425 2619 nisi
470 2554 594 2618 erit
638 2553 1000 2618 necessaria
1045 2553 1285 2618 solutio
1343 2576 1558 2618 rerum
1613 2554 2020 2621 creditarum.
2110 2554 2173 2619 N
2175 2577 2310 2619 um-

298 2664 494 2726 quam
545 2641 990 2706 vehementius
1046 2645 1264 2705 actum
1320 2645 1421 2706 est
1475 2664 1668 2726 quam
1722 2665 1826 2707 me
1880 2644 2168 2726 consule,
2225 2665 2308 2708 ne

299 2730 683 2812 solveretur3
729 2730 925 2793 armis
973 2732 1039 2794 et
1084 2730 1317 2794 castris
1363 2734 1685 2816 temptata
1730 2753 1833 2796 res
1871 2736 1972 2796 est
2008 2731 2091 2796 ab
2134 2732 2309 2796 omni

299 2839 530 2905 genere
575 2817 907 2881 hominum
956 2822 1022 2881 et
1068 2818 1318 2901 ordine3
1367 2819 1597 2902 quibus
1642 2820 1739 2885 ita
1783 2821 2022 2903 restiti,
2066 2824 2143 2885 ut
2186 2821 2309 2885 hoc

298 2911 510 2973 totum
575 2907 818 2970 malum
882 2906 959 2970 de
1022 2926 1092 2968 re
1155 2907 1418 2990 publica
1479 2909 1836 2973 tolleretur.
1935 2907 2309 2993 Numquam
2336 2927 2390 2966 ³⁰

297 3018 412 3061 nec
468 2996 675 3060 maius
734 3016 841 3059 aes
897 2994 1178 3059 alienum
1233 2996 1360 3059 fuit
1412 3017 1530 3061 nec
1593 2998 1823 3062 melius
1878 3018 1995 3062 nec
2051 2997 2307 3063 facilius

299 3086 686 3149 dissolutum
732 3089 859 3166 est;
912 3083 1254 3148 fraudandi
1308 3085 1481 3148 enim
1536 3107 1648 3170 spe
1705 3086 1965 3150 sublata
2018 3086 2309 3151 solvendi

294 3173 646 3238 necessitas
714 3177 1057 3238 consecuta
1123 3177 1240 3237 est.
1340 3173 1434 3237 At
1495 3195 1649 3238 vero
1703 3174 1809 3239 hic
1862 3196 2029 3239 nunc
2083 3175 2309 3257 victor,

297 3265 436 3325 tum
491 3261 748 3344 quidem
801 3262 1012 3325 victus
1078 3282 1242 3344 quae
1287 3262 1640 3346 cogitarat,
1694 3284 1772 3327 ea
1815 3262 2109 3347 perfecit,
2164 3285 2307 3328 cum

298 3349 432 3412 eius
468 3349 598 3412 iam
636 3349 799 3413 nihil
837 3349 1198 3414 interesset.
1272 3348 1485 3414 Tanta
1519 3352 1589 3413 in
1634 3372 1709 3415 eo
1756 3352 2062 3435 peccandi
2107 3351 2310 3415 libido
2338 3367 2389 3408 ³5

295 3435 445 3516 fuit,
500 3441 574 3500 ut
619 3437 741 3501 hoc
795 3438 1009 3521 ipsum
1066 3460 1212 3502 eum
1269 3437 1647 3521 delectaret,
1706 3461 1997 3524 peccare,
2053 3439 2310 3504 etiamsi

298 3544 491 3586 causa
545 3545 678 3587 non
734 3529 919 3587 esset.
1011 3525 1116 3588 Ab
1173 3527 1295 3590 hoc
1355 3527 1558 3609 igitur
1623 3549 1855 3611 genere
1919 3527 2310 3611 largitioniS,
