2630 3913
708 241 1237 297 EPISTULARUM.
1278 242 1339 294 E.
1379 242 1739 296 XII—XVIII
1779 250 1824 298 1.
2150 244 2280 307 305

259 406 701 470 demonstrasse
744 405 924 486 dicis,
978 402 1223 469 Sullam
1278 405 1348 468 in
1400 405 1516 468 illa
1555 404 1750 485 fuisse
1792 404 2099 486 superiore
2142 409 2276 470 con'·

261 495 583 557 iuratione.
627 528 701 538 —
744 490 940 557 Schol.
979 492 1132 557 Bob.
1172 494 1239 556 in
1276 491 1398 557 Gic.
1436 513 1522 556 or.
1549 513 1671 573 pro
1707 492 1967 557 Plancio
2004 492 2136 574 (38.
2165 493 2278 575 85)

250 602 317 663 p.
343 586 477 647 270
493 601 579 662 sq.
643 578 971 662 Siynificat
1012 581 1337 662 epistulam
1382 600 1507 644 non
1552 581 1907 645 mediocrem
1951 582 2037 645 ad
2078 582 2280 645 instar

260 670 590 733 voluminis
639 670 958 752 scriptam,
1009 689 1197 749 quam
1242 668 1532 750 Pompeio
1584 670 1655 732 in
1701 669 1925 733 Asiam
1979 671 2052 733 de
2102 670 2280 733 rebus

210 775 235 815 5
262 759 392 821 suis
429 759 499 821 in
535 758 855 822 consulatu
882 759 1069 839 yestis
1104 759 1361 821 miserat
1395 755 1601 821 Cicero
1637 757 1971 840 aliquante,
2014 761 2087 821 ut
2118 759 2279 821 vide-

264 846 469 922 batur,
523 845 883 910 insolentius
934 846 1253 929 scriptam,
1312 850 1385 910 ut
1426 844 1680 926 Pompei
1732 844 2110 910 stomachum
2154 866 2279 910 non

261 934 635 1010 mediocriter
669 939 1071 1017 commoveret,
1107 934 1270 1015 quod
1300 934 1572 1015 quadam
1607 934 1952 1015 superbiore
1978 936 2279 998 iactantia

262 1022 541 1086 omnibus
593 1041 656 1085 se
700 1021 986 1103 yloriosis
1038 1022 1290 1086 ducibus
1343 1025 1741 1103 anteponeret.
1795 1058 1880 1066 —
1939 1020 2283 1102 Obsitemcnt

263 1115 468 1173 autem
521 1130 587 1173 re
642 1129 817 1184 vera,·
881 1129 1032 1173 nam
1084 1111 1173 1174 sic
1226 1106 1501 1189 effectum
1556 1114 1668 1192 est,
1719 1113 1792 1173 ut
1841 1109 1899 1173 ei
1950 1108 2278 1191 Pompeius

186 1216 235 1254 ιο
263 1202 475 1261 contra
520 1196 889 1262 Clodianam
933 1199 1059 1261 vim
1103 1218 1228 1261 non
1262 1198 1778 1279 patrocinaretur.

885 1501 1043 1559 XVI.
1109 1501 1220 1558 AD
1270 1499 1650 1560 ATTICUM.

397 1635 635 1702 Charis.
681 1636 731 1699 I
757 1658 821 1717 p.
868 1640 1009 1700 146.
1054 1641 1135 1701 31
1175 1635 1339 1700 Keil.
1387 1634 1898 1720 Vectigaliorum
1947 1636 2151 1701 Cicero
2196 1638 2283 1701 ad

264 1726 556 1790 Atticum.
647 1724 756 1806 (V.
805 1724 978 1803 infra
1024 1724 1094 1788 F
1133 1723 1204 1787 X
1246 1725 1339 1804 4.)

264 2030 454 2088 XVII.
522 2030 633 2087 AD
680 2027 1084 2104 HERODEM,
1131 2028 1243 2086 AD
1293 2026 1676 2103 GORGIAM,
1722 2029 1835 2087 AD
1882 2029 2279 2091 PELOPEM.

188 2185 237 2225 ιε»
399 2164 566 2229 Plu-t.
587 2162 706 2230 Cic.
725 2168 814 2229 24
842 2169 955 2229 ext.
982 2160 1355 2228 Ἐπιστολαὶ
1385 2159 1562 2246 παρὰ
1589 2165 1711 2228 τοῦ
1742 2163 2123 2250 Κικέρωνος
2152 2164 2278 2230 εἰσὶ

266 2247 431 2335 πρὸς
467 2247 807 2335 “Ηρῶδην,
854 2251 1066 2334 ἕτεραι
1114 2249 1188 2316 δὲ
1232 2247 1397 2334 πρὸς
1441 2249 1560 2316 τὸν
1607 2248 1762 2316 υἱόν
1812 2289 1911 2316 -.
1983 2257 2278 2336 Γοργίαν

266 2338 342 2406 δὲ
387 2336 506 2403 τὸν
553 2337 804 2425 ῥήτορα
841 2336 1229 2423 αἰτιώμενος
1274 2342 1368 2416 εἰς
1408 2335 1659 2422 ἡδονὰς
1693 2337 1803 2403 καὶ
1841 2337 2085 2416 πότους
2121 2362 2277 2427 προ-

266 2426 457 2511 ἄγειν
509 2423 585 2491 τὸ
641 2426 986 2511 μειράκιον
1040 2424 1398 2492 ἀπελαύνει
1453 2429 1569 2510 τῆς
1627 2430 1987 2504 συνουσίας
2051 2424 2278 2493 αὐτοῦ.

265 2514 404 2581 Καὶ
450 2511 690 2600 σχεδὸν
737 2512 903 2599 αὕτη
949 2539 1018 2580 τε
1062 2518 1197 2580 τῶν
1234 2511 1641 2597 Ἑλληνικῶν
1686 2518 1803 2598 μία
1847 2513 1957 2580 καὶ
2007 2516 2280 2599 δευτέρα

183 2625 237 2665 20
266 2599 431 2689 πρὸς
475 2603 749 2669 Πέλοπα
800 2599 920 2668 τὸν
966 2601 1337 2682 Βυζάντιον
1389 2605 1461 2667 ἐν
1509 2599 1675 2690 ὀργῇ
1721 2626 1853 2669 τινι
1898 2604 2279 2690 γέγραπται,

265 2688 385 2758 τὸν
450 2689 572 2776 μὲν
635 2695 928 2775 Γοργίαν
993 2688 1202 2756 αὐτοῦ
1264 2691 1734 2801 προσῃκόντως
1793 2691 2279 2775 ἐπικόπτοντος,

267 2786 447 2865 εἴπερ
476 2770 562 2863 ἦν
592 2782 849 2863 φαῦλος
876 2778 987 2844 καὶ
1014 2775 1401 2861 ἀκόλαστος,
1429 2801 1596 2864 ῃπερ
1619 2777 1855 2863 ἐδόκει,
1883 2776 2048 2867 πρὸς
2069 2779 2142 2847 δὲ
2160 2777 2280 2846 τὸν

267 2867 540 2933 Πέλοπα
586 2866 1199 2952 μικρολογουμένου
1242 2865 1354 2932 καὶ
1409 2870 2013 2952 μεμψιμοιροῦντος
2059 2865 2279 2953 ὥσπερ

268 2952 689 3040 ἀμελήσαντα
725 2953 916 3040 τιμάς
950 2979 1134 3032 τινας
1172 2951 1351 3043 αὐτῷ
1386 2954 1496 3019 καὶ
1525 2960 1916 3040 ψηφίσματα
1942 2952 2120 3042 παρὰ
2151 2961 2278 3021 Βυ-

181 3064 236 3104 25
270 3049 550 3124 ζαντίων
586 3043 920 3128 γενέσθαι.

633 3260 851 3319 XVIII.
917 3260 1022 3318 Ex
1070 3259 1483 3319 EPISTULIS
1530 3257 1919 3319 INCERTIS.

407 3399 458 3459 1.
508 3396 762 3476 Quintil.
804 3394 917 3458 IX
958 3400 1016 3459 3.
1064 3400 1143 3459 61
1187 3397 1324 3478 qu
1369 3417 1448 3460 ne
1489 3394 1652 3458 illud
1691 3395 1934 3474 quidem
1978 3397 2282 3478 aposiope-

261 3486 367 3551 sin
411 3504 642 3565 semper
686 3503 847 3560 vocO,
902 3484 970 3547 in
1015 3503 1131 3564 quo
1184 3503 1281 3547 res
1325 3501 1732 3565 quaecumque
1774 3482 2144 3564 relinquitur
2187 3486 2282 3548 in·

263 3573 618 3654 telleyenda,
671 3577 744 3635 ut
784 3570 831 3653 †
876 3591 947 3635 ea
1000 3591 1157 3652 quae
1208 3573 1277 3634 in
1333 3569 1607 3653 epistulis
1653 3568 1890 3635 Cicero:
1942 3570 2116 3635 Data
2162 3570 2282 3635 Lu·

374 3684 483 3725 (210.
510 3685 588 3725 1v.
621 3686 659 3723 8.
1896 3678 1964 3725 20
