2630 3913
706 211 987 267 FACETE
1025 210 1420 265 DICTORUM.
1459 210 1523 266 G.
1562 227 1596 263 a
1627 211 1764 263 1-b
1798 219 1845 265 7.
2169 211 2299 274 343

1109 371 1164 423 b.
1222 369 1456 423 DICTA.

421 464 475 528 1.
521 462 795 527 Macrob.
841 462 971 527 Sat.
1016 461 1108 524 II
1144 466 1202 525 3.
1247 463 1336 523 12
1380 458 1645 541 (Cicero)
1693 461 1771 523 ab
1816 462 2113 525 Androne
2156 482 2297 542 quo-

282 554 428 618 dam
454 552 797 615 Laodiceno
823 551 1131 615 salutatus
1165 568 1302 612 cum
1339 567 1588 612 causam
1624 549 1920 612 adventus
1953 551 2300 629 requisisset

284 640 773 721 comperissetque
815 638 995 720 (nam
1049 638 1153 701 ille
1195 656 1257 702 se
1312 636 1575 718 leqatum
1619 636 1692 700 de
1746 636 2016 701 libertate
2048 639 2299 719 patriae

238 745 259 785 ⁵
284 730 370 793 ad
422 727 742 792 Caesarem
796 728 1024 792 venisse
1076 724 1440 805 respondit),
1502 725 1594 787 ita
1647 726 1941 805 expressit
1981 726 2297 807 publicam

284 818 661 882 servitutem:
700 808 859 879 Ἐὰν
907 809 1236 897 ἐπιτύχῃς,
1280 809 1392 875 καὶ
1438 809 1586 890 περὶ
1631 806 1821 895 ἡμῶν
1866 813 2297 898 πρέσβευσον.

290 905 361 969 Si
406 905 762 981 obtinueris,
807 908 865 967 et
895 923 1016 984 pro
1061 902 1236 966 nobis
1279 902 1585 964 intercede.

418 993 478 1056 2.
541 992 815 1056 Macrob.
869 991 1124 1055 Saturn.
1178 988 1270 1053 II
1312 993 1376 1054 3.
1431 994 1472 1053 9
1533 988 1621 1052 In
1685 987 2005 1053 Caesarem
2068 1012 2299 1091 quoque

289 1081 658 1145 mordacitas
694 1078 999 1144 Ciceronis
1043 1080 1243 1143 dentes
1286 1096 1429 1141 suos
1470 1077 1741 1142 strinxit.
1811 1077 1984 1142 Nam
2018 1080 2299 1159 primum

213 1188 263 1225 ιο
279 1175 422 1250 post
452 1169 768 1232 victoriam
802 1167 1084 1233 Caesaris
1120 1169 1542 1247 interroqatus,
1587 1185 1697 1228 cur
1730 1165 1802 1228 in
1838 1166 2113 1231 electione
2145 1187 2297 1248 par-

291 1257 372 1321 tis
414 1259 690 1332 errasset,
732 1256 1073 1337 respondit:
1118 1252 1571 1317 Praecinctura
1617 1274 1719 1316 me
1759 1252 2024 1338 decepit,
2069 1256 2301 1321 iocatus

291 1344 363 1407 in
416 1342 762 1421 Caesarem,
815 1344 923 1424 qui
975 1344 1067 1406 ita
1121 1347 1258 1423 toqa
1305 1341 1835 1423 praecinqebatur,
1887 1348 1959 1406 ut
2010 1342 2300 1407 trahendo

294 1432 587 1495 laciniam
629 1431 792 1494 velut
832 1431 1035 1495 mollis
1079 1431 1384 1494 incederet.

425 1519 484 1584 3.
521 1519 797 1584 Macrob.
842 1518 972 1583 Sat.
1009 1518 1100 1582 II
1125 1523 1182 1583 3.
1217 1523 1299 1582 10
1336 1517 1492 1584 Cum
1526 1517 1827 1583 Laberius
1860 1519 1931 1582 in
1964 1520 2089 1600 fine
2133 1521 2299 1584 ludo·

213 1625 262 1665 1⁵
290 1628 435 1672 rum
477 1608 665 1672 anulo
710 1627 895 1672 aureo
930 1607 1264 1671 honoratus
1306 1627 1349 1669 a
1386 1604 1644 1670 Caesare
1679 1626 1711 1669 e
1743 1608 1988 1688 vestiqio
2025 1609 2095 1671 in
2127 1613 2299 1690 quat-

290 1696 621 1761 tuordecim
664 1697 752 1760 ad
790 1696 1183 1778 spectandum
1229 1695 1483 1759 transiit
1523 1694 1745 1759 violato
1790 1697 2017 1774 ordine,
2065 1700 2125 1759 et
2164 1717 2302 1761 cum

287 1786 646 1849 detrectatus
691 1789 779 1849 est
818 1804 991 1865 eques
1034 1783 1358 1848 Romanus
1400 1787 1458 1846 et
1491 1784 1829 1848 comminus
1862 1785 2167 1866 remissus,
2212 1787 2304 1849 ait

289 1872 492 1938 Cicero
527 1874 941 1953 praetereunti
984 1872 1244 1936 Laberio
1289 1876 1348 1934 et
1388 1872 1570 1935 sedile
1612 1874 1957 1952 quaerenti:
2006 1871 2303 1959 Recepis·

291 1983 428 2025 sem
474 1965 557 2043 te,
606 1960 735 2025 nisi
781 1965 1057 2047 anguste
1106 1961 1420 2043 sederem,
1462 1961 1652 2025 simul
1696 1967 1754 2025 et
1795 1962 1975 2026 illum
2018 1983 2304 2044 respuens

210 2068 263 2106 20
291 2055 347 2113 et
408 2051 476 2112 in
537 2070 759 2114 novum
819 2056 1100 2114 senatum
1153 2050 1409 2130 iocatus,
1472 2049 1647 2114 cuius
1698 2070 2023 2114 numerum
2076 2050 2304 2116 Caesar

291 2157 482 2237 supra
523 2138 625 2214 fas
669 2148 943 2201 auxerat.
1033 2137 1162 2201 Nec
1213 2139 1493 2218 impune;
1546 2139 1858 2238 respondit
1907 2140 2069 2202 enim
2113 2139 2303 2203 Labe-

291 2225 458 2288 rius:
516 2223 815 2308 ‘Mirum,
868 2226 925 2290 si
968 2230 1221 2308 anquste
1261 2227 1449 2302 sedes,
1503 2227 1610 2305 qui
1662 2226 1815 2290 soles
1857 2227 2095 2291 duabus
2137 2228 2303 2292 sellis

292 2310 530 2376 sedere?
581 2311 847 2377 ——Sen
894 2318 1079 2378 contr.
1122 2318 1223 2379 18.
1270 2320 1329 2390 9,
1373 2275 1577 2378 Macr.
1635 2314 1869 2378 VII3.
1915 2319 1975 2379 8.

426 2401 486 2463 4.
534 2400 736 2465 Macr.
782 2399 912 2465 Sat.
947 2401 1038 2464 II
1064 2407 1237 2466 3.11
1273 2402 1450 2466 Idem
1486 2399 1692 2466 Cicero
1737 2402 1900 2466 alias
1939 2402 2304 2482 facilitatem

210 2505 263 2545 25
293 2487 578 2554 Caesaris
621 2489 693 2552 in
736 2489 1071 2570 adleqando
1122 2496 1340 2554 senatu
1383 2490 1589 2554 irrisit
1621 2490 1857 2570 palam.
1948 2489 2119 2553 Nam
2165 2510 2303 2554 cum

292 2577 370 2641 ab
414 2577 643 2658 hospite
683 2597 793 2641 suo
828 2577 902 2641 P.
930 2578 1158 2643 Mallio
1193 2583 1527 2660 roqaretur,
1571 2584 1644 2643 ut
1680 2578 2140 2643 decurionatum
2169 2581 2302 2660 pri-

290 2666 471 2765 viqno
516 2666 645 2729 eius
688 2666 1004 2747 expediret,
1049 2667 1375 2730 adsistente
1413 2665 1759 2747 frequentia
1801 2667 1993 2732 dixit:
2038 2666 2303 2748 Romae,

292 2753 348 2816 si
394 2753 521 2836 vis,
565 2753 862 2836 habebit,
908 2754 1235 2838 Pompeiis
1284 2753 1543 2819 difficile
1591 2758 1707 2820 est.

423 2841 483 2906 5.
527 2842 730 2906 Macr.
777 2841 907 2907 Sat.
951 2842 1044 2907 II
1078 2847 1138 2907 3.
1183 2847 1225 2906 4
1279 2843 1409 2907 Nec
1456 2843 1524 2921 Q.
1571 2843 1847 2908 Ciceroni
1895 2844 2090 2923 fratri
2143 2846 2303 2907 circa

208 2948 263 2987 30
290 2930 554 2994 similem
589 2930 1045 2994 mordacitatem
1069 2932 1351 3012 pepercit.
1416 2930 1588 2994 Nam
1614 2952 1749 2995 cum
1775 2932 1847 2995 in
1873 2951 1945 2994 ea
1963 2933 2304 3033 provincia,

289 3038 478 3098 quam
522 3019 625 3083 ille
667 3023 934 3099 rexerat,
985 3020 1230 3084 vidisset
1281 3019 1603 3100 clipeatam
1657 3020 1988 3101 imaqinem
2032 3020 2163 3084 eius
2206 3021 2302 3083 in-

283 3106 564 3187 qentibus
629 3106 1007 3173 liniamentis
1067 3128 1255 3187 usque
1318 3108 1404 3171 ad
1452 3113 1661 3188 pectus
1721 3128 1794 3171 ex
1854 3128 2020 3171 more
2067 3108 2303 3189 pictam

289 3192 455 3274 (erat
504 3199 706 3258 autem
756 3194 1021 3274 Quintus
1064 3197 1194 3276 ipse
1246 3200 1519 3260 staturae
1559 3195 1843 3277 parvae),
1896 3196 1990 3259 ait
1999 3217 2019 3257 .·
2074 3193 2305 3259 Frater

295 3303 472 3346 meus
525 3282 826 3347 dimidius
875 3283 1080 3347 maior
1129 3287 1228 3347 est
1276 3305 1467 3367 quam
1516 3286 1712 3348 totus.

205 3396 259 3435 35
425 3371 484 3452 6,
533 3372 590 3434 7.
648 3370 903 3450 Quintil.
961 3372 1062 3435 VI
1097 3377 1154 3436 3.
1201 3377 1289 3436 48
1313 3392 1401 3452 sq.
1459 3372 1661 3451 Quare
1714 3370 1876 3454 [non
1928 3372 2038 3436 hoc
2090 3372 2302 3456 modo]

276 3478 478 3540 paene
521 3463 579 3522 et
627 3460 834 3540 ipsum
886 3460 1140 3524 scurrile
1186 3457 1493 3524 Ciceronis
1541 3465 1629 3524 est
1669 3461 1738 3524 in
1789 3495 1861 3506 —
1912 3459 2302 3525 Isauricum:

286 3544 518 3628 Miror,
566 3546 720 3630 quid
765 3547 877 3630 sit,
934 3547 1105 3631 quod
1147 3550 1337 3631 pater
1383 3551 1559 3625 thS,
1607 3547 1805 3613 homo
1852 3549 2301 3613 constantissi·
