2630 3913
225 633 321 681 121

332 192 458 256 130
574 191 670 245 DE
710 188 1011 246 OFFICIIS
1048 188 1183 244 LIB.
1221 188 1318 244 111.
1391 188 1543 243 CAP.
1581 195 1667 244 33.
1740 194 1771 255 5
1811 194 1929 255 120,
1972 196 2088 243 121.

325 374 466 418 esse
512 352 573 417 ei
617 374 763 417 cum
799 352 1142 416 honestate
1178 351 1560 415 coniunctio.
1623 348 1814 434 Nam,
1860 355 1934 415 ut
1970 350 2340 416 tribuamus

327 440 572 524 aliquid
615 438 968 524 voluptati,
1022 438 1417 504 condimenti
1459 438 1740 502 fortasse
1782 460 1917 503 non
1959 438 2160 523 nihil,
2219 441 2343 504 uti·

326 529 535 594 litatis
582 531 753 594 certe
798 527 964 591 nihil
1010 527 1296 592 habebit.

459 616 680 681 Habes
727 638 766 680 a
805 619 992 700 patre
1030 637 1280 698 munuS‚
1318 614 1534 680 Marce
1569 615 1684 693 fili,
1720 636 1865 679 mea
1904 614 2161 699 quidem
2201 637 2339 679 sen-

328 705 535 769 tentia
582 725 906 788 magnum,
953 704 1066 768 sed
1111 704 1374 788 perinde
1412 704 1553 787 erit,
1597 709 1671 767 ut
1708 703 2048 788 acceperis.
2105 701 2339 777 Quam·
2394 721 2423 763 5

330 815 524 876 quam
570 792 640 856 hi
687 792 809 856 tibi
863 797 996 857 tres
1054 792 1206 856 libri
1264 792 1435 855 inter
1482 790 1778 876 Cratippi
1839 792 2341 857 commentarios

328 886 661 964 tamquam
716 880 1008 966 hospites
1064 884 1251 945 erunt
1304 879 1679 963 recipiendi3
1736 879 1872 962 sed,
1935 883 2036 963 ut,
2101 880 2157 943 si
2202 880 2341 964 ipse

327 969 646 1034 venissem
683 968 977 1033 Athenas
1026 966 1227 1053 (quod
1270 968 1528 1052 quidem
1566 972 1736 1032 esset
1773 966 2037 1051 factum,
2072 967 2201 1031 nisi
2238 990 2341 1032 me

328 1079 363 1121 e
409 1057 619 1122 medio
659 1079 848 1122 cursu
887 1059 1063 1122 clara
1098 1078 1254 1122 voce
1291 1057 1508 1141 patria
1535 1054 1951 1140 revocasset),
1990 1056 2337 1139 aliquando

327 1166 431 1209 me
478 1167 732 1229 quoque
778 1146 1031 1210 audires
1041 1195 1059 1229 ‚
1107 1145 1224 1228 sic,
1272 1145 1577 1228 quoniam
1623 1144 1726 1208 his
1772 1144 2208 1209 voluminibus
2257 1144 2339 1208 ad
2371 1164 2428 1202 ιο

326 1237 394 1297 te
439 1233 733 1316 profecta
773 1256 897 1299 vox
935 1238 1036 1297 est
1073 1256 1234 1316 mea,
1271 1233 1521 1297 tribues
1556 1233 1637 1297 iis
1675 1232 1987 1317 temporis
2026 1238 2341 1317 quantum

327 1321 591 1406 poteris,
637 1322 885 1406 poteris
930 1325 1164 1404 autem,
1213 1325 1527 1405 quantum
1572 1322 1769 1385 voles,
1839 1318 2002 1385 Cum
2048 1342 2200 1385 vero
2247 1321 2340 1384 in-

327 1410 638 1474 tellexero
685 1414 749 1473 te
787 1410 909 1475 hoc
948 1410 1251 1474 scientiae
1281 1431 1514 1495 genere
1553 1410 1849 1494 gaudere,
1895 1413 2036 1472 tum
2065 1412 2131 1472 et
2157 1430 2340 1492 prae-

328 1519 476 1562 sens
515 1503 728 1563 tecum
755 1498 1146 1582 propediem,
1182 1501 1258 1561 ut
1294 1518 1503 1582 spem,
1541 1501 1623 1579 et,
1664 1497 1815 1561 dum
1845 1497 2077 1579 aberis,
2105 1496 2340 1561 absens

328 1586 577 1669 loquar.
649 1585 813 1650 Vale
851 1586 1078 1670 igitur,
1125 1585 1214 1650 mi
1254 1584 1497 1668 Cicero,
1541 1585 1791 1669 tibique
1837 1584 2150 1670 persuade
2198 1606 2340 1649 esse
2370 1603 2425 1644 ιε»

325 1678 394 1737 te
433 1673 689 1757 quidem
736 1673 895 1736 mihi
942 1674 1365 1755 carissimum,
1413 1673 1524 1738 sed
1570 1674 1777 1738 multo
1823 1673 1962 1738 fore
2009 1673 2342 1756 cariorem,

327 1762 387 1825 si
425 1762 670 1826 talibus
707 1761 971 1826 monitis
1018 1762 1508 1847 praeceptisque
1555 1762 1899 1827 laetabere.
