2630 3913
673 253 1093 307 POEMATUM.
1132 254 1198 306 H.
1239 253 1317 306 IV
1354 271 1389 306 a
1425 272 1475 306 v.
1516 262 1812 309 263—329.
2127 257 2253 320 369

236 413 379 480 Hoc
426 437 580 480 cave
627 419 691 478 te
738 415 807 477 in
852 419 1124 499 pontum
1172 417 1432 480 studeas
1480 416 1883 480 committere
1931 439 2174 500 mense3

236 502 408 568 Nam
453 525 584 567 non
631 502 1057 587 longinquum
1105 504 1390 587 spatium
1437 504 1655 568 labere
1703 505 2032 588 diurnum,

238 591 388 655 Non
433 591 709 655 hiberna
755 589 884 655 cito
931 591 1230 655 volvetur
1276 591 1594 656 curriculo
1641 615 1785 656 nox.

130 688 213 746 65
237 678 476 743 Umida
521 700 653 743 non
700 700 839 742 sese
886 679 1119 743 vestris
1168 681 1424 744 Aurora
1471 681 1776 764 querellis

240 767 432 832 Ocius
481 767 804 849 ostendet,
851 766 1009 832 clari
1054 769 1440 851 praenuntia
1487 769 1672 849 soliS,
2152 786 2254 835 300

239 855 333 918 At
377 855 611 919 validis
660 877 901 938 aequor
946 856 1238 939 pulsabit
1283 856 1531 920 viribus
1581 858 1837 920 Auster.

241 943 406 1007 Tum
450 944 652 1006 fixum
696 942 975 1007 tremulo
1025 944 1353 1027 quatietur
1397 944 1642 1029 frigore
1690 967 1938 1028 corpus

241 1029 365 1095 Sed
410 1035 629 1095 tamen
677 1032 830 1094 anni
874 1032 1004 1095 iam
1051 1031 1362 1095 labuntur
1406 1036 1698 1117 tempore
1745 1037 1886 1097 toto

124 1128 220 1186 '⁷0
240 1118 377 1185 Nec
423 1120 524 1183 cui
571 1120 906 1205 signorum
952 1119 1188 1183 cedunt
1232 1141 1440 1204 neque
1484 1120 1750 1184 flamina
1794 1120 2009 1185 vitant

240 1206 377 1271 Neo
422 1210 717 1271 metuunt
764 1229 956 1272 canos
1004 1208 1332 1272 minitanti
1381 1231 1707 1272 murmure
1754 1209 2000 1273 fluctus,
2151 1225 2254 1273 305

328 1296 420 1359 At
460 1301 687 1359 nautae
726 1295 955 1375 fulicae
997 1297 1254 1379 similes,
1299 1317 1615 1379 meryoque
1658 1299 1931 1374 natanti,

238 1384 462 1447 Anxia
494 1405 611 1464 per
655 1389 845 1448 totum
887 1385 1180 1449 iactantes
1225 1385 1466 1449 lumina
1500 1391 1787 1467 pontum,

242 1472 665 1552 Nequaquam
705 1492 1011 1553 nusquam
1046 1474 1340 1553 parentia
1385 1475 1569 1538 litora
1613 1479 1942 1555 quaerunt,

242 1559 420 1624 Dum
465 1561 661 1624 tenuis
703 1562 879 1642 ni9r0
926 1561 1135 1624 tabula
1178 1561 1287 1625 hos
1332 1562 1656 1644 distinquit
1698 1563 1774 1626 ab
1823 1561 1993 1626 Oreo.

242 1647 460 1731 Atque
508 1646 702 1711 etiam
751 1669 983 1731 supero
1030 1648 1182 1712 navi
1227 1650 1589 1734 pelagoque
1636 1653 1864 1714 vacato
2152 1665 2256 1712 310

239 1735 490 1819 Mense,
536 1732 1117 1821 Sagittipotens
1164 1734 1336 1801 Solis
1383 1760 1528 1802 cum
1573 1738 1851 1802 sustinet
1899 1738 2140 1818 orbem,

241 1824 427 1907 [Non
470 1824 661 1888 multo
708 1825 932 1888 leviora
965 1830 1146 1906 putes
1188 1827 1422 1890 instare
1453 1828 1716 1910 pericla,

240 1912 407 1977 Ante
449 1913 664 1995 niqras
709 1917 925 1977 cautus
970 1914 1241 1979 tenebras
1282 1914 1604 1980 subducere
1640 1914 1957 2000 puppim]

241 2000 422 2065 Nam·
459 2000 590 2065 iam
637 2004 778 2065 tum
822 2001 1016 2065 nimis
1065 2002 1297 2087 exiguo
1347 2004 1458 2066 lux
1503 2008 1794 2089 tempore
1831 2007 2091 2090 praesto
2141 2006 2257 2067 est.

127 2100 169 2155 7
179 2098 217 2153 5
243 2089 388 2153 Hoc
426 2089 683 2173 signum
712 2089 974 2153 veniens
1012 2094 1320 2175 poterunt
1357 2113 1775 2174 praenoscere
1809 2096 2079 2173 nautae3
2155 2107 2256 2156 315
2295 2096 2301 2102 “

242 2176 385 2241 Iam
430 2198 631 2261 prope
678 2177 1149 2261 praecipitante
1196 2179 1418 2243 licebit
1465 2179 1671 2244 visere
1714 2184 1930 2261 nocte,

242 2262 340 2329 Ut
386 2286 524 2329 sese
572 2286 906 2350 emergens
955 2266 1255 2331 ostendat
1302 2264 1604 2351 Scorpios
1652 2267 1785 2331 alto

242 2352 611 2417 Posteriore
660 2353 926 2418 trahens
973 2354 1209 2418 flexum
1253 2355 1320 2418 vi
1365 2354 1655 2439 corporis
1702 2376 1950 2436 arcum3

242 2440 368 2506 Sed
409 2442 587 2523 Nepa
629 2462 756 2506 non
799 2443 1062 2507 multum
1100 2444 1299 2524 prior,
1345 2448 1414 2506 at
1443 2443 1627 2525 prior
1669 2444 1796 2507 exit
1835 2444 1912 2507 ab
1956 2444 2157 2507 undis,

242 2528 385 2593 Iam
432 2551 665 2613 supera
711 2552 930 2594 cernes
976 2530 1163 2595 Arcti
1209 2534 1404 2616 caput
1450 2552 1590 2595 esse
1637 2530 1906 2595 minoris
2157 2545 2257 2594 320

130 2621 220 2686 So
242 2617 336 2682 Et
382 2617 591 2703 magis
640 2622 924 2683 erectum
971 2618 1053 2682 ad
1100 2641 1424 2682 summum
1470 2618 1787 2684 versarier
1825 2619 2065 2683 orbem.

244 2705 412 2770 Tum
460 2727 600 2770 sese
648 2704 847 2771 Orion
892 2709 1035 2771 toto
1080 2706 1210 2770 iam
1260 2729 1530 2792 corpore
1577 2708 1794 2773 condit

242 2793 560 2858 Extrema
604 2816 805 2879 prope
850 2798 1066 2878 nocte,
1114 2799 1178 2858 et
1225 2793 1520 2879 Cepheus
1567 2797 1864 2861 conditur
1910 2798 2040 2860 alte

243 2881 646 2946 Lumborum
689 2885 879 2946 tenus
927 2905 965 2947 a
1009 2884 1232 2967 palma
1278 2884 1582 2968 depulsus
1631 2885 1712 2948 ad
1756 2885 2039 2948 umbras,

333 2969 460 3034 Hic
496 2970 770 3035 missore
805 2992 1041 3035 vacans
1077 2971 1338 3056 fulgens
1375 2972 1543 3037 iacet
1579 2994 1710 3036 una
1738 2970 2072 3057 Sagitta,
2156 2986 2258 3034 325

125 3066 216 3126 85
244 3057 457 3133 Quam
502 3062 772 3143 propter
816 3058 1028 3123 nitens
1074 3059 1275 3144 pinna
1321 3060 1726 3124 convolvitur
1770 3059 1956 3141 Ales;

245 3146 426 3210 Haec
471 3145 717 3210 clinata
761 3146 973 3233 magis
1019 3147 1214 3230 paulo
1263 3149 1364 3211 est
1409 3147 1753 3231 Aquilonis
1801 3148 1882 3212 ad
1929 3169 2136 3213 auras,

244 3234 338 3296 At
384 3237 652 3318 propter
698 3254 767 3299 se
813 3235 1099 3318 Aquila
1144 3235 1396 3299 ardenti
1442 3257 1587 3301 cum
1632 3258 1901 3321 corpore
1947 3238 2172 3321 portat

245 3320 606 3407 Igniferum
653 3323 941 3387 mulcens
988 3323 1429 3388 tremebundis
1477 3324 1743 3389 aethera
1787 3323 2032 3409 pinnis,

387 3527 454 3582 V.
496 3534 597 3583 317
619 3546 699 3597 sq.
741 3530 851 3584 Cic.
883 3531 956 3583 N.
991 3532 1065 3585 D.
1095 3531 1174 3583 II
1192 3536 1277 3585 44.
1307 3535 1440 3585 113:
1476 3531 1556 3584 Ut
1591 3547 1712 3585 sese
1749 3530 2048 3585 ostendens
2087 3547 2254 3586 emer·

247 3598 336 3668 git
370 3616 412 3655 e.
450 3615 499 3668 q.
538 3615 581 3653 8.
618 3630 688 3639 —
727 3606 828 3655 326
865 3603 1028 3655 ibid..·
1066 3600 1238 3665 Quem
1275 3604 1507 3670 propter
1542 3612 1582 3655 e.
1621 3617 1671 3670 q.
1708 3618 1750 3656 s.
1788 3633 1858 3642 —
1896 3608 1998 3656 328
2034 3604 2168 3658 ibid.

354 3695 464 3737 010.
493 3697 574 3737 Π.
603 3698 640 3737 3.
693 3718 698 3724 -
1873 3696 1942 3743 24
