2630 3913
418 223 547 288 276
1193 220 1643 274 FRAGMENTA

420 389 544 467 est,
603 387 884 468 inquam,
940 383 1125 468 quasi
1171 383 1345 446 dicas
1391 382 1460 445 in
1504 386 1731 466 operto
1776 382 1994 447 fuisse.
2087 382 2279 467 Quid,
2329 384 2427 448 in·

418 475 567 556 quit,
611 472 860 538 homini
904 471 1208 555 Arpinati
1254 493 1401 535 cum
1457 471 1642 554 aquis
1689 470 1960 535 calidis?
2051 468 2290 555 Narra,
2335 474 2427 536 in-

417 584 628 644 quam,
684 566 960 646 patrono
1013 562 1154 642 tuo,
1220 559 1332 643 qui
1386 558 1723 643 Arpinatis
1780 581 1982 643 aquas
2037 560 2429 644 concupivit3

419 651 596 716 nosti
652 650 822 714 enim
875 647 1178 713 marinas.
1270 646 1642 732 Quousque,
1705 650 1931 730 inquit,
1986 648 2157 713 hunc
2209 670 2431 734 regem

419 739 742 804 feremus?
816 737 1064 823 Regem
1101 736 1411 820 appellas,
1456 739 1728 818 inquam,
1775 758 1918 801 curn
1947 735 2086 801 Rex
2121 737 2219 800 tui
2256 759 2427 802 men·
2489 761 2511 799 ⁵

419 827 665 892 tionem
718 827 968 890 nullam
1020 825 1288 889 fecerit?
1352 825 1487 907 (ille
1547 831 1751 890 autem
1803 824 1990 907 Reyis
2046 825 2431 890 hereditatem

419 937 522 997 spe
556 917 925 998 devorarat).
996 912 1296 990 Domum,
1334 915 1551 994 inquit,
1590 913 1823 978 emisti.
1893 911 2112 997 Putes,
2158 915 2434 997 inquam,

421 1004 661 1068 dicere:
704 1002 955 1068 Iudices
1003 1002 1235 1066 emisti.
1315 1001 1583 1083 Iuranti,
1628 1004 1846 1084 inquit,
1890 1001 2017 1067 tibi
2058 1023 2190 1066 non
2236 1002 2436 1067 credi-

423 1094 666 1157 derunt.
752 1092 916 1156 Mihi
960 1112 1132 1174 vero,
1176 1093 1450 1172 inquam,
1494 1089 1677 1154 XXV
1722 1090 1961 1155 iudices
2009 1090 2435 1174 crediderunt,

420 1180 664 1264 XXXI,
720 1180 1023 1265 quoniam
1077 1199 1377 1243 nummos
1433 1181 1585 1242 ante
1632 1182 2038 1263 acceperunt,
2097 1179 2220 1242 tibi
2264 1179 2432 1244 nihil
2466 1203 2513 1240 ιο

423 1269 844 1336 crediderunt.
950 1269 1209 1351 Maqnis
1269 1267 1634 1332 clamoribus
1695 1268 1968 1349 afflictus
2028 1269 2316 1333 conticuit
2376 1276 2439 1334 et

421 1361 693 1425 concidit.

422 1646 581 1706 xlv.
653 1640 1252 1703 INTERROGATIO
1307 1643 1414 1701 DE
1471 1643 1684 1701 AERE
1731 1640 2033 1701 ALIENO
2080 1642 2437 1705 MILONIS.
2578 1613 2584 1686 ¹

451 1797 454 1798 ⁷
572 1776 1179 1832 ARGUMENTUM
1213 1775 1780 1831 SGHOLIASTAE
1810 1774 2277 1830 BOBIENSIS.

556 1887 644 1951 In
695 1888 949 1950 eundem
1001 1904 1238 1949 annum
1288 1886 1671 1950 consulatum
1702 1885 2016 1967 petierunt
2061 1884 2132 1948 T.
2176 1885 2437 1951 Annius
2466 1906 2515 1946 15

423 1977 587 2041 Milo
622 1981 680 2039 et
717 1975 785 2054 Q.
822 1974 1107 2039 Metellus
1141 1973 1348 2075 Scipio
1384 1980 1442 2039 et
1473 1975 1832 2076 Hypsaeus,·
1877 1994 1996 2055 9110
2040 1994 2206 2038 anno
2245 1976 2433 2039 etiam

425 2065 499 2129 Ρ.
547 2063 799 2129 Clodius
843 2062 1130 2146 Pulcher,
1183 2064 1474 2128 inimicus
1516 2065 1671 2140 31113,
1727 2064 1797 2126 in
1838 2067 2171 2143 praeturae
2224 2065 2426 2126 candi-

424 2156 571 2218 dam
621 2157 879 2218 venerat.
970 2151 1145 2216 Idem
1199 2172 1337 2216 cum
1371 2153 1656 2234 petitioni
1699 2151 1963 2215 Milonis
2005 2151 2428 2215 adversaretur

423 2247 483 2307 et
532 2242 779 2306 comitia
829 2240 1020 2305 multo
1073 2245 1130 2304 et
1178 2241 1352 2305 vario
1397 2240 1662 2304 ambitus
1699 2259 1912 2321 yenere
1965 2239 2260 2318 turbaret,
2315 2260 2433 2321 9110

424 2332 623 2413 1110913
668 2330 995 2412 Hypsaeus
1047 2335 1104 2393 et
1144 2328 1351 2411 Scipio
1405 2328 1674 2393 consules
1727 2330 2214 2409 desiynwrentur,
2267 2329 2438 2392 Milo
2466 2350 2516 2388 20

424 2425 628 2484 autem
672 2419 982 2500 repulsam
1022 2418 1232 2497 ferret,
1280 2438 1397 2499 per
1447 2416 1556 2482 hos
1609 2418 1737 2481 dies
1787 2420 2033 2481 senatus
2076 2422 2443 2482 convocatus

424 2513 541 2585 est‚·
586 2509 757 2589 apud
797 2527 973 2587 quem
1019 2506 1091 2570 Ρ.
1130 2504 1382 2571 Clodius
1425 2506 1816 2569 invectionem
1859 2505 1978 2569 sibi
2019 2525 2145 2569 non
2190 2510 2444 2569 tantum

423 2600 636 2661 contra
680 2595 998 2675 Milonem,
1041 2614 1249 2658 verwm
1292 2595 1477 2657 etiam
1521 2598 1735 2657 contra
1777 2594 1982 2674 ipsum
2026 2593 2123 2657 M.
2154 2593 2447 2657 Tullium

425 2684 916 2748 contumeliosam
960 2683 1147 2746 simul
1200 2687 1379 2762 atque
1430 2701 1711 2763 asperam
1764 2683 2124 2762 depoposcit,
2176 2686 2250 2744 ut
2298 2702 2446 2746 am-

426 2772 619 2836 bitwm
670 2772 897 2835 moveri
948 2771 1026 2834 ab
1078 2790 1144 2835 eo
1196 2772 1439 2847 diceret,
1497 2771 1790 2851 quoniam
1840 2770 2054 2833 multis
2105 2790 2250 2852 crya
2302 2791 2447 2834 rem
2478 2791 2530 2830 25

423 2860 731 2942 publicam
783 2859 1018 2924 meritis
1061 2858 1462 2942 praevaleret,
1514 2860 1638 2922 vim
1691 2859 1901 2922 moliri
1952 2858 2137 2922 etiam
2177 2879 2287 2939 per
2334 2879 2448 2922 ar-

425 2954 623 3013 matos
666 2948 937 3012 homines
979 2948 1440 3025 criminaretur,
1489 2948 1576 3011 ad
1615 2952 1949 3011 extremum
1995 2948 2164 3029 longe
2205 2948 2452 3029 minus,

424 3058 613 3120 quam
654 3036 919 3114 haberet,
973 3037 1136 3101 aeris
1187 3037 1380 3100 alieni
1432 3055 1554 3101 3333
1592 3036 1972 3117 professum,·
2026 3055 2177 3099 nam
2228 3041 2453 3099 sester-

426 3127 582 3190 tium
635 3126 905 3209 seoeayies
965 3126 1036 3190 in
1091 3145 1229 3188 aere
1280 3124 1479 3188 alieno
1532 3145 1594 3189 33
1644 3124 1860 3189 habere
1900 3124 2216 3206 professus
2269 3124 2455 3188 Milo

425 3215 753 3280 secundwm
795 3218 1047 3278 veterem
1088 3214 1576 3278 consuetudinem
1615 3212 1840 3291 fuerat.
1904 3211 2060 3278 Gum
2104 3213 2294 3294 iyitur
2344 3213 2455 3276 ob-
2486 3231 2537 3270 so

427 3304 567 3367 nixe
612 3304 988 3368 contenderet
1030 3299 1287 3367 C'lodius
1329 3322 1457 3366 non
1499 3307 1766 3383 oportere
1797 3306 2013 3382 petere,
2058 3302 2168 3381 qui
2210 3321 2457 3382 mayno

426 3409 563 3454 aere
606 3391 806 3454 alieno
850 3391 1273 3470 defaeneratus
1305 3391 1578 3471 praedae
1620 3390 1923 3453 videretur¹
1956 3389 2278 3453 habiturus
2316 3410 2460 3454 esse

427 3494 556 3538 rem
610 3477 948 3556 publicam,
1010 3479 1385 3542 contradixit
1443 3479 1574 3541 eius
1625 3478 2006 3542 insectationi
2057 3478 2154 3542 M.
2209 3475 2460 3561 0133νο,

427 3563 534 3637 qui
574 3563 1008 3640 familiaritate
1043 3566 1383 3645 praecipua
1414 3566 1715 3629 Milonem
1749 3566 2036 3647 diliqebat
2076 3565 2149 3630 ob
2191 3565 2262 3628 id
2300 3586 2460 3629 ma-
