2630 3913
314 180 446 244 280
1094 178 1543 233 FRAGMENTA

533 341 728 407 Facto
771 363 962 424 supra
998 390 1011 404 .
1051 390 1064 403 .
1104 390 1118 402 .
1154 360 1269 420 per
1312 360 1416 403 eas
1458 341 1695 423 species,
1739 341 1956 422 quibus
1999 342 2327 407 insectatus

403 431 702 495 Milonem
739 429 993 495 Clodius
1024 430 1246 509 fuerat,
1292 429 1497 492 subdit
1538 434 1748 493 orator
1791 431 1976 493 etiam
2020 431 2141 495 duo
2185 430 2327 495 haec

392 520 760 602 posteriora,
822 538 976 599 quae
1030 518 1097 581 in
1151 519 1354 597 ipsum
1395 519 1617 597 procul
1670 518 1851 581 dubio
1905 519 2326 585 adversarium

400 628 512 672 con
559 658 572 671 .
611 658 623 670 .
664 657 677 669 .
718 657 731 670 .
778 608 933 671 lium
977 606 1251 669 nomina.

450 705 548 768 15.
593 703 717 767 Est
764 704 953 785 enim,
1002 722 1401 785 quocumque
1439 702 1633 783 venit,
1681 706 1746 765 et
1791 723 2050 765 reorum
2086 701 2327 766 crimen
2387 724 2415 763 ε

314 798 379 858 et
427 793 725 856 iudicum.

538 890 712 969 Quod
741 890 1009 971 pertinet
1053 890 1139 952 ad
1177 909 1330 970 reos,
1376 889 1535 953 illud
1576 893 1693 953 est:
1737 889 2042 952 inutiliter
2083 889 2326 971 loquens

399 978 602 1058 adfert
642 979 772 1043 illis
802 978 1148 1059 pericvdum
1192 978 1643 1052 damnationis,·
1688 977 1851 1058 quod
1891 981 2095 1041 autem
2138 979 2322 1057 refer-

402 1072 504 1132 tur
547 1068 634 1131 ad
675 1068 931 1148 iudices,
984 1064 1083 1129 hic
1136 1066 1473 1147 intelleqere
1524 1066 1800 1130 debemus
1852 1086 2146 1147 maynam
2198 1065 2327 1130 illis

402 1156 703 1220 invidiam
755 1155 943 1220 simul
998 1159 1056 1218 et
1100 1153 1433 1234 infamiam
1485 1155 1837 1233 comparari
1879 1154 1958 1217 ab
2004 1154 2324 1235 litiyatori-
2359 1174 2414 1214 ιο

400 1245 537 1326 bus,
596 1245 655 1309 si
699 1245 968 1325 corrupti
1003 1243 1268 1324 pecunia
1310 1243 1836 1319 existimarentur,
1881 1243 2173 1323 quoniam
2216 1242 2327 1305 hoc

396 1333 558 1417 falso
611 1333 927 1397 iactaverit
970 1330 1219 1396 Clodius
1226 1380 1243 1412 ,
1276 1332 1561 1411 pretium
1614 1331 2055 1395 sententiarum
2108 1331 2324 1394 iudici-

401 1422 510 1486 bus
543 1441 666 1486 esse
701 1421 1102 1502 tribuendum,
1146 1440 1282 1483 cum
1319 1424 1523 1482 tamen
1557 1420 1808 1483 eandem
1832 1419 2164 1499 pecuniam
2199 1419 2328 1499 ipse

326 1532 330 1537 ·
399 1512 837 1591 intercepturus
880 1509 1184 1588 acciperet.

449 1607 547 1670 16.
592 1611 899 1688 tuamque
944 1606 1317 1688 praeturam
1366 1626 1496 1667 non
1542 1607 1656 1668 tuo
1703 1625 1882 1668 more
1931 1603 2208 1667 differaS.
2356 1623 2411 1663 15

533 1703 673 1767 Hoc
714 1704 785 1766 in
829 1702 1186 1765 narratione
1233 1702 1628 1765 Milonianae
1675 1701 2044 1781 defensionis
2075 1700 2327 1781 plenius

399 1792 671 1871 ostendit,
717 1788 1004 1855 Clodium
1039 1791 1355 1869 petitorem
1404 1790 1598 1869 fuisse
1631 1795 1978 1870 praeturae.
2059 1787 2329 1869 Gumque

398 1880 900 1943 animadverteret
943 1878 1190 1941 comitia
1232 1897 1359 1941 non
1403 1879 1491 1941 sic
1521 1880 1859 1961 procedere,
1907 1882 1979 1940 ut
2019 1877 2170 1941 Kal.
2215 1877 2324 1939 Ia-

399 1969 644 2032 nuariis
686 1972 893 2048 posset
942 1967 1102 2030 inire
1138 1970 1531 2049 praeturam,
1600 1969 1892 2032 maluisse
1949 1968 2230 2032 desistere
2279 1987 2322 2028 a

392 2057 697 2138 petitione.
785 2056 925 2120 Hoc
987 2075 1122 2136 erqo
1190 2055 1434 2119 Tullius
1495 2057 1797 2138 arripuit,
1861 2054 2141 2120 omnibus
2201 2073 2319 2118 esse
2345 2074 2399 2112 πο

400 2145 697 2208 miraculo
711 2196 727 2226 ‚
773 2146 935 2226 quod
975 2164 1102 2207 non
1146 2143 1399 2222 differat
1439 2145 1624 2208 etiam
1659 2145 1973 2225 praesenti
2016 2161 2183 2206 anno
2222 2162 2320 2223 pe-

400 2235 691 2315 titionem,
734 2235 896 2314 quod
937 2234 1066 2296 iam
1110 2233 1287 2296 semel
1328 2232 1553 2311 fecerit.
1636 2232 1923 2297 Solebant
1965 2236 2167 2295 autem
2212 2233 2324 2294 im-

388 2323 597 2405 pediri
640 2323 886 2387 comitia
921 2341 1036 2401 per
1079 2322 1511 2385 dissensionem
1554 2323 2040 2403 mayistratuum.

449 2421 546 2485 17.
592 2417 729 2483 Nec
775 2417 1083 2502 suffragia
1130 2417 1312 2480 dabis
1324 2468 1340 2499 ,
1388 2419 1621 2500 quibus
1669 2422 1978 2482 ostentas».

531 2514 957 2582 Comminatur
1000 2521 1057 2579 et
1098 2517 1423 2579 denuntiat
1461 2535 1525 2579 se
1567 2515 1906 2579 actionibus
1949 2515 2079 2578 eius
2114 2514 2324 2578 adver-
2353 2536 2408 2575 25

398 2606 638 2669 sarium
677 2604 962 2683 futurum
1006 2623 1113 2667 nec
1155 2605 1225 2665 in
1279 2603 1633 2684 leyationem
1687 2623 1825 2667 cum
1870 2601 2157 2683 Pompeio
2201 2603 2325 2666 dis-

399 2712 719 2758 cessurum.
819 2692 1097 2755 Laturus
1158 2697 1362 2755 autem
1416 2693 1488 2756 de
1541 2691 1841 2772 suffrayio
1903 2691 2326 2755 libertinorum

399 2780 473 2844 P.
519 2780 776 2845 Clodius
822 2781 1006 2862 leqem
1050 2780 1388 2862 videbatur,
1435 2785 1504 2843 ut
1546 2785 1604 2844 et
1646 2782 1767 2861 ipsi
1813 2783 1854 2860 †
1901 2799 2038 2843 eum
2080 2781 2150 2842 in
2195 2799 2323 2842 cen-

397 2890 535 2934 sum
578 2869 912 2951 aequaliter
947 2870 1346 2949 pervenirent.

447 2968 544 3032 18.
590 2987 708 3030 neo
754 2987 905 3030 vero
953 2965 1136 3029 illam
1180 2964 1498 3028 nefariam
1547 2965 1937 3029 libertatem.
2352 2985 2412 3024 so

529 3063 837 3145 Suffrayii
886 3063 1111 3127 scilicet
1162 3062 1610 3140 libertinorum,
1674 3065 1846 3127 cuius
1902 3063 2048 3144 leyis
2102 3062 2325 3125 mentio

394 3153 470 3233 fit
510 3153 580 3215 in
625 3153 917 3235 oratione,
970 3171 1124 3232 911116
1177 3150 1387 3214 habita
1441 3157 1528 3215 est
1572 3172 1692 3232 pro
1737 3151 1977 3215 Milone
2017 3150 2147 3232 (12.
2191 3152 2322 3217 33).

449 3251 542 3313 19.
592 3248 747 3324 Quis
793 3272 924 3313 non
970 3248 1337 3312 meminerit
1381 3248 1731 3332 pueritiam
1779 3248 2004 3311 tuam?

528 3347 938 3427 Interroyatio
973 3347 1325 3428 asperitatis
1364 3346 1748 3426 invidiaeque
1772 3346 2140 3426 plenissima
2185 3364 2320 3408 cum

396 3433 791 3513 descriptione
813 3454 1131 3515 personae,
1173 3454 1299 3514 91111
1335 3454 1530 3498 mores
1576 3435 1706 3498 eius
1751 3434 2099 3507 illuminat;
2147 3452 2322 3513 quem
2353 3450 2412 3490 35

396 3537 522 3581 non
574 3523 772 3600 mayis
827 3523 1028 3585 timeri
1081 3527 1350 3602 oporteat
1398 3542 1581 3603 quam
1640 3523 1864 3604 despici
1910 3526 1995 3584 tot
2035 3522 2325 3585 vitiorum
