2630 3913
819 189 1265 245 ORATIONUM.
1305 193 1368 245 A.
1407 189 1483 244 IX
1519 196 1708 244 4—10.
2134 188 2265 252 263

348 356 513 419 linae
546 355 730 437 eyisse
764 374 901 417 eum
935 354 1132 418 videri
1164 353 1295 417 vult
1328 353 1685 429 Fenestella,
1721 372 1844 429 cur,
1885 371 2021 415 cum
2057 371 2267 432 quam-

346 444 440 507 vis
483 443 645 506 male
687 443 987 506 eaeistimet
1030 443 1103 506 de
1145 461 1335 505 causa
1372 441 1568 518 Meci,
1615 444 1816 503 tamen
1859 441 1917 503 ei
1960 439 2268 520 exprobret

337 532 759 613 patrocinium
810 550 1018 609 suum,
1080 550 1205 594 non
1257 530 1417 593 idem
1470 530 1539 592 in
1595 527 1871 593 Catilina
1928 527 2149 607 faciat,
2212 530 2269 592 si

348 620 524 684 modo
573 639 695 701 pro
757 639 823 683 eo
884 580 1086 683 dixit?
1149 623 1261 681 aut
1322 638 1431 680 cur
1490 619 1693 698 ipsum
1754 617 1915 680 illud
1972 617 2267 680 iudicium

211 732 239 775 ι
349 708 591 789 saepius
624 708 695 771 in
731 707 1063 786 infamiam
1097 706 1310 770 vocat?
1348 706 1508 786 quod
1528 706 1786 786 parcius
1811 706 2046 769 videtur
2076 705 2270 784 fuisse

347 797 652 878 facturus,
707 796 765 860 si
809 797 877 859 in
921 815 987 860 eo
1032 795 1256 859 iudicio
1296 794 1514 873 fuisset
1543 798 1867 875 patronus
1955 793 2159 874 Atque
2201 799 2272 857 ut

351 885 483 948 alia
526 885 829 964 omittam,
874 883 982 947 hoc
1025 887 1176 947 certe
1218 883 1324 946 vix
1365 883 1604 946 videtur
1647 883 1921 947 dicturus
1961 881 2171 964 fuisse,
2215 884 2272 947 si

352 973 460 1037 illo
493 977 760 1053 patrono
805 968 1082 1037 Catilina
1123 971 1596 1051 repetundarum
1639 969 1949 1035 absolutus
1991 976 2169 1034 esset:

400 1062 457 1124 7.
512 1057 767 1144 Stupris
832 1080 900 1123 se
965 1059 1263 1123 omnibus
1330 1080 1404 1123 ac
1465 1056 1733 1143 flagitiis
1789 1058 2271 1142 contaminavit,

191 1175 241 1215 10
269 1147 456 1212 caede
501 1148 751 1214 nefaria
794 1148 1181 1231 cruentavit,
1236 1146 1502 1231 diripuit
1548 1146 1755 1210 socios
1766 1197 1783 1229 ,
1829 1146 2006 1231 leges
2018 1198 2034 1229 ,
2082 1169 2271 1230 quae-

270 1236 540 1317 stiones,
586 1235 820 1300 iudicia
867 1234 1153 1299 violavit.

397 1330 460 1389 ,et
490 1329 739 1406 postea:

406 1413 463 1477 8.
509 1410 675 1487 Quid
722 1432 861 1497 ego,
907 1414 981 1475 ut
1024 1410 1368 1476 violaveris
1405 1409 1821 1495 provinciam,
1867 1409 2274 1493 praedicem?

270 1522 424 1564 nam
469 1504 543 1564 ut
587 1503 654 1564 te
699 1500 836 1564 illic
882 1500 1185 1585 gesseris,
1242 1520 1375 1563 non
1422 1499 1623 1562 audeo
1679 1498 1911 1581 dicere,
1972 1499 2273 1582 quoniam

192 1615 245 1656 ιο
274 1589 609 1653 absolutus
657 1611 742 1652 eS.
830 1587 1140 1652 Mentitos
1188 1609 1328 1652 esse
1376 1587 1622 1671 equites
1669 1585 2029 1669 RomanOS‚
2072 1586 2274 1651 falsas

270 1677 470 1741 fuisse
515 1677 795 1741 tabellas
840 1676 1338 1741 honestissimae
1385 1674 1669 1740 civitatis
1725 1674 2051 1758 existimo,
2106 1697 2275 1739 men-

270 1766 466 1830 titum
512 1765 584 1840 Q.
630 1765 967 1829 Metellum
1012 1762 1227 1846 Pium,
1282 1763 1620 1828 mentitam
1668 1762 1986 1846 Africam3
2040 1763 2277 1827 vidisse

271 1854 446 1918 aliud
482 1854 698 1918 nescio
738 1854 890 1937 quid
924 1853 1077 1917 illos
1113 1853 1372 1934 iudices,
1419 1852 1529 1935 qui
1563 1854 1630 1914 te
1671 1851 2077 1916 innocentem
2121 1852 2277 1916 iudi-

271 1946 516 2008 carunt
607 1940 661 2007 Ο
708 1942 929 2025 miser,
978 1941 1087 2025 qui
1131 1964 1261 2007 non
1309 1940 1550 2006 sentias
1596 1940 1712 2005 illo
1758 1940 1992 2005 iudicio
2037 1944 2104 2005 te
2149 1963 2279 2006 non

193 2057 245 2097 ιο
274 2032 673 2131 absolutum,
736 2051 956 2094 verum
1021 2030 1102 2094 ad
1167 2030 1430 2113 aliquod
1494 2029 1776 2093 severius
1840 2029 2145 2094 iudicium
2206 2051 2279 2094 ac

281 2118 489 2183 maius
537 2117 925 2202 supplicium
971 2120 1394 2182 reservatum!

509 2205 728 2270 Verine
770 2226 907 2286 eryo
951 2206 1149 2270 simile
1192 2211 1277 2270 est
1318 2206 1462 2270 haec
1505 2226 1641 2269 eum
1685 2204 1992 2271 Catilinae
2041 2206 2280 2284 obicere,

363 2293 423 2358 si
484 2293 593 2357 illo
654 2293 999 2373 defendente
1058 2294 1371 2358 absolutus
1431 2299 1622 2359 esset?
1708 2293 2034 2358 Praeterea
2092 2300 2284 2359 movet

365 2401 477 2458 me,
513 2382 689 2463 quod,
733 2401 870 2445 cum
902 2382 1030 2446 sint
1063 2384 1483 2446 commentarii
1510 2380 1816 2446 Ciceronis
1850 2402 2061 2446 earum
2097 2384 2281 2446 etiam

197 2496 249 2535 25
366 2469 782 2550 defensionum
818 2517 833 2534 .
871 2517 888 2534 .
923 2516 940 2533 .
978 2519 991 2534 .
1029 2472 1529 2534 commentarium
1569 2475 1682 2533 aut
1711 2470 2111 2552 principium.
2174 2471 2283 2534 Ita

367 2556 598 2641 [quod]
643 2558 870 2622 iudicio
922 2563 1011 2623 est
1060 2557 1369 2623 absolutus
1413 2558 1712 2635 Catilina,
1765 2563 1836 2622 ut
1880 2557 2133 2623 Clodius
2185 2560 2281 2624 in-

361 2646 557 2726 famis
595 2646 790 2727 fuerit
832 2647 1291 2726 praevaricatus
1344 2666 1496 2723 esse‚·
1550 2666 1699 2710 nam
1744 2652 1801 2711 et
1842 2648 2079 2712 reiectio
2124 2648 2282 2712 iudi-

369 2755 506 2798 cum
550 2736 637 2799 ad
676 2734 1004 2799 arbitrium
1048 2736 1142 2799 rei
1183 2735 1497 2799 videbatur
1539 2754 1662 2799 esse
1700 2736 1886 2815 facta.

410 2821 469 2886 9.
498 2820 818 2906 Populum
847 2844 1018 2904 ver0,
1054 2843 1199 2887 cum
1224 2823 1629 2906 inspectante
1656 2826 1895 2907 populo
1924 2825 2163 2888 collum
2192 2845 2283 2886 se-

196 2934 250 2975 so
279 2909 412 2975 cuit
439 2910 720 2974 hominis
752 2911 1030 2974 maxime
1057 2911 1408 2995 populariS,
1435 2911 1661 2994 quanti
1688 2911 1947 2993 faceret,
1987 2911 2282 2975 ostendit.

497 2998 797 3064 Diximus
848 3004 906 3063 et
943 3000 1138 3080 paulo
1192 3004 1334 3063 ante
1386 3020 1578 3063 manu
1622 3000 1803 3063 Mari
1845 3005 2030 3080 caput
2072 2998 2283 3064 Catili-

369 3107 520 3152 nam
553 3108 670 3169 per
713 3088 921 3152 urbem
967 3088 1189 3151 tulisse.

419 3175 515 3239 10.
562 3174 667 3238 Me
715 3196 843 3259 qua
887 3175 1171 3240 amentia
1224 3176 1524 3240 inductus
1572 3175 1658 3238 sit
1704 3178 1775 3238 ut
1831 3178 2285 3257 contemneret,

279 3264 672 3328 constituere
706 3284 836 3327 non
874 3284 1155 3348 possum.
1222 3261 1459 3328 Utrum
1498 3284 1699 3346 aequo
1739 3263 1953 3327 animo
2001 3263 2284 3327 laturum

197 3374 250 3417 85
279 3350 577 3435 putavit?
677 3351 769 3415 At
836 3351 904 3415 in
970 3373 1084 3415 suo
1156 3350 1665 3416 familiarissimo
1730 3351 1977 3415 viderat
2041 3373 2144 3416 me
2205 3373 2287 3416 ne

280 3439 557 3504 aliorum
601 3440 841 3521 quidem
884 3439 1153 3504 iniurias
1201 3439 1608 3504 mediocriter
1653 3460 1843 3522 posse
1888 3439 2074 3504 ferre.

499 3527 910 3608 Manifestum
954 3533 1043 3592 est
1084 3526 1149 3593 C.
1208 3528 1452 3593 Verrem
1496 3528 1854 3609 siqnificari.
