<?xml version="1.0" encoding="UTF-8"?>
<!DOCTYPE html PUBLIC "-//W3C//DTD XHTML 1.0 Transitional//EN"
    "http://www.w3.org/TR/xhtml1/DTD/xhtml1-transitional.dtd">
<html xmlns="http://www.w3.org/1999/xhtml" xml:lang="en" lang="en">
 <head>
  <title>
</title>
<meta http-equiv="Content-Type" content="text/html;charset=utf-8" />
  <meta name='ocr-system' content='tesseract 3.04.00' />
  <meta name='ocr-capabilities' content='ocr_page ocr_carea ocr_par ocr_line ocrx_word'/>
</head>
<body>
  <div class='ocr_page' id='page_1' title='image "./scriptaquaemans01cicegoog_0217.png"; bbox 0 0 2630 3913; ppageno 0'>
   <div class='ocr_carea' id='block_1_1' title="bbox 887 207 2276 275">
    <p class='ocr_par' dir='ltr' id='par_1_1' title="bbox 887 207 2276 275">
     <span class='ocr_line' id='line_1_1' title="bbox 887 207 2276 275; baseline 0.011 -15"><span class='ocrx_word' id='word_1_1' title='bbox 887 207 1039 263; x_wconf 80' lang='lat' dir='ltr'>CAP.</span> <span class='ocrx_word' id='word_1_2' title='bbox 1078 215 1269 261; x_wconf 85' lang='lat'>9—11.</span> <span class='ocrx_word' id='word_1_3' title='bbox 1346 214 1375 273; x_wconf 65' lang='grc' dir='ltr'><strong>ς</strong></span> <span class='ocrx_word' id='word_1_4' title='bbox 1414 215 1641 263; x_wconf 80' lang='lat'>30—36.</span> <span class='ocrx_word' id='word_1_5' title='bbox 2145 211 2276 275; x_wconf 82' lang='lat'>143</span> 
     </span>
    </p>
   </div>
   <div class='ocr_carea' id='block_1_2' title="bbox 205 368 2276 896">
    <p class='ocr_par' dir='ltr' id='par_1_2' title="bbox 205 368 2276 896">
     <span class='ocr_line' id='line_1_2' title="bbox 255 368 2276 456; baseline 0.002 -23"><span class='ocrx_word' id='word_1_6' title='bbox 255 370 464 456; x_wconf 89' lang='lat' dir='ltr'>igitur</span> <span class='ocrx_word' id='word_1_7' title='bbox 509 369 628 433; x_wconf 90' lang='lat' dir='ltr'>has</span> <span class='ocrx_word' id='word_1_8' title='bbox 676 371 965 452; x_wconf 91' lang='lat' dir='ltr'>corporis</span> <span class='ocrx_word' id='word_1_9' title='bbox 1012 391 1097 433; x_wconf 88' lang='lat' dir='ltr'>an</span> <span class='ocrx_word' id='word_1_10' title='bbox 1129 368 1222 452; x_wconf 59' lang='lat' dir='ltr'>P)</span> <span class='ocrx_word' id='word_1_11' title='bbox 1230 369 1543 455; x_wconf 85' lang='lat' dir='ltr'>thagorae</span> <span class='ocrx_word' id='word_1_12' title='bbox 1581 369 1705 434; x_wconf 90' lang='lat' dir='ltr'>tibi</span> <span class='ocrx_word' id='word_1_13' title='bbox 1741 372 1931 435; x_wconf 91' lang='lat' dir='ltr'>malis</span> <span class='ocrx_word' id='word_1_14' title='bbox 1968 372 2139 435; x_wconf 86' lang='lat' dir='ltr'>vires</span> <span class='ocrx_word' id='word_1_15' title='bbox 2179 371 2276 435; x_wconf 91' lang='lat' dir='ltr'>in·</span> 
     </span>
     <span class='ocr_line' id='line_1_3' title="bbox 259 456 2274 648; baseline 0 -37"><span class='ocrx_word' id='word_1_16' title='bbox 259 457 462 630; x_wconf 65' lang='grc' dir='ltr'>Ξὶἓῗέ,</span> <span class='ocrx_word' id='word_1_17' title='bbox 474 456 1189 628; x_wconf 53' lang='grc' dir='ltr'>ᾶὲῗῖθξὲιῖᾆέῗέἒῖὲο</span> <span class='ocrx_word' id='word_1_18' title='bbox 1209 457 1398 609; x_wconf 66' lang='grc' dir='ltr'>εξῖἓὲ</span> <span class='ocrx_word' id='word_1_19' title='bbox 1425 458 1864 611; x_wconf 56' lang='grc' dir='ltr'>ἒέἒῖἒέοέἕιῗε</span> <span class='ocrx_word' id='word_1_20' title='bbox 1887 459 2274 648; x_wconf 53' lang='grc' dir='ltr'>Ἑῗὲξίιξέᾆ</span> 
     </span>
     <span class='ocr_line' id='line_1_4' title="bbox 258 596 2275 720; baseline 0.001 -21"><span class='ocrx_word' id='word_1_21' title='bbox 258 596 602 720; x_wconf 81' lang='lat' dir='ltr'>paultilum</span> <span class='ocrx_word' id='word_1_22' title='bbox 639 636 852 698; x_wconf 85' lang='lat' dir='ltr'>aetate</span> <span class='ocrx_word' id='word_1_23' title='bbox 889 635 1219 718; x_wconf 86' lang='lat' dir='ltr'>progressi</span> <span class='ocrx_word' id='word_1_24' title='bbox 1257 634 1760 699; x_wconf 80' lang='lat' dir='ltr'>adulescentiam</span> <span class='ocrx_word' id='word_1_25' title='bbox 1797 635 2032 700; x_wconf 91' lang='lat' dir='ltr'>debent</span> <span class='ocrx_word' id='word_1_26' title='bbox 2053 636 2275 720; x_wconf 90' lang='lat' dir='ltr'>requi-</span> 
     </span>
     <span class='ocr_line' id='line_1_5' title="bbox 205 719 2273 807; baseline 0.003 -25"><span class='ocrx_word' id='word_1_27' title='bbox 205 740 233 782; x_wconf 78' lang='lat'><strong>5</strong></span> <span class='ocrx_word' id='word_1_28' title='bbox 260 744 422 788; x_wconf 88' lang='lat' dir='ltr'>rere.</span> <span class='ocrx_word' id='word_1_29' title='bbox 513 719 756 788; x_wconf 87' lang='lat' dir='ltr'>Cursus</span> <span class='ocrx_word' id='word_1_30' title='bbox 812 726 912 786; x_wconf 90' lang='lat' dir='ltr'>est</span> <span class='ocrx_word' id='word_1_31' title='bbox 966 726 1178 786; x_wconf 88' lang='lat' dir='ltr'>certus</span> <span class='ocrx_word' id='word_1_32' title='bbox 1236 722 1470 786; x_wconf 88' lang='lat' dir='ltr'>aetatis</span> <span class='ocrx_word' id='word_1_33' title='bbox 1527 726 1592 787; x_wconf 91' lang='lat' dir='ltr'>et</span> <span class='ocrx_word' id='word_1_34' title='bbox 1643 745 1773 787; x_wconf 91' lang='lat' dir='ltr'>una</span> <span class='ocrx_word' id='word_1_35' title='bbox 1826 723 1934 788; x_wconf 83' lang='lat' dir='ltr'>via</span> <span class='ocrx_word' id='word_1_36' title='bbox 1985 719 2273 807; x_wconf 88' lang='lat' dir='ltr'>naturae,</span> 
     </span>
     <span class='ocr_line' id='line_1_6' title="bbox 260 810 2273 896; baseline 0 -21"><span class='ocrx_word' id='word_1_37' title='bbox 260 833 463 895; x_wconf 87' lang='lat' dir='ltr'>eaque</span> <span class='ocrx_word' id='word_1_38' title='bbox 510 810 802 894; x_wconf 77' lang='lat' dir='ltr'>simpleX,</span> <span class='ocrx_word' id='word_1_39' title='bbox 849 831 1090 894; x_wconf 90' lang='lat' dir='ltr'>suaque</span> <span class='ocrx_word' id='word_1_40' title='bbox 1129 811 1356 894; x_wconf 90' lang='lat' dir='ltr'>cuique</span> <span class='ocrx_word' id='word_1_41' title='bbox 1393 811 1566 894; x_wconf 86' lang='lat' dir='ltr'>parti</span> <span class='ocrx_word' id='word_1_42' title='bbox 1604 812 1837 876; x_wconf 88' lang='lat' dir='ltr'>aetatis</span> <span class='ocrx_word' id='word_1_43' title='bbox 1875 812 2273 896; x_wconf 82' lang='lat' dir='ltr'>tempestivi-</span> 
     </span>
    </p>
   </div>
   <div class='ocr_carea' id='block_1_3' title="bbox 259 899 2328 982">
    <p class='ocr_par' dir='ltr' id='par_1_3' title="bbox 259 899 2328 982">
     <span class='ocr_line' id='line_1_7' title="bbox 259 899 2328 982; baseline 0.001 -18"><span class='ocrx_word' id='word_1_44' title='bbox 259 904 362 964; x_wconf 88' lang='lat' dir='ltr'>tas</span> <span class='ocrx_word' id='word_1_45' title='bbox 411 903 512 964; x_wconf 87' lang='lat' dir='ltr'>est</span> <span class='ocrx_word' id='word_1_46' title='bbox 565 899 745 981; x_wconf 89' lang='lat' dir='ltr'>data,</span> <span class='ocrx_word' id='word_1_47' title='bbox 798 901 873 961; x_wconf 93' lang='lat' dir='ltr'>ut</span> <span class='ocrx_word' id='word_1_48' title='bbox 928 902 994 961; x_wconf 88' lang='lat' dir='ltr'>et</span> <span class='ocrx_word' id='word_1_49' title='bbox 1047 899 1393 962; x_wconf 89' lang='lat' dir='ltr'>infirmitas</span> <span class='ocrx_word' id='word_1_50' title='bbox 1448 921 1793 982; x_wconf 90' lang='lat' dir='ltr'>puerorum</span> <span class='ocrx_word' id='word_1_51' title='bbox 1848 904 1914 964; x_wconf 92' lang='lat' dir='ltr'>et</span> <span class='ocrx_word' id='word_1_52' title='bbox 1965 900 2271 965; x_wconf 85' lang='lat' dir='ltr'>ferocitas</span> <span class='ocrx_word' id='word_1_53' title='bbox 2321 960 2328 966; x_wconf 89' lang='lat'>.</span> 
     </span>
    </p>
   </div>
   <div class='ocr_carea' id='block_1_4' title="bbox 178 986 2274 1953">
    <p class='ocr_par' dir='ltr' id='par_1_4' title="bbox 257 986 2274 1160">
     <span class='ocr_line' id='line_1_8' title="bbox 257 986 2274 1070; baseline 0 -18"><span class='ocrx_word' id='word_1_54' title='bbox 257 989 561 1052; x_wconf 82' lang='lat' dir='ltr'>iuvenum</span> <span class='ocrx_word' id='word_1_55' title='bbox 617 991 684 1051; x_wconf 88' lang='lat' dir='ltr'>et</span> <span class='ocrx_word' id='word_1_56' title='bbox 739 986 1030 1070; x_wconf 83' lang='lat' dir='ltr'>gravitas</span> <span class='ocrx_word' id='word_1_57' title='bbox 1084 987 1216 1050; x_wconf 89' lang='lat' dir='ltr'>iam</span> <span class='ocrx_word' id='word_1_58' title='bbox 1262 987 1622 1051; x_wconf 87' lang='lat' dir='ltr'>constantis</span> <span class='ocrx_word' id='word_1_59' title='bbox 1670 989 1904 1052; x_wconf 85' lang='lat' dir='ltr'>aetatis</span> <span class='ocrx_word' id='word_1_60' title='bbox 1952 992 2018 1052; x_wconf 91' lang='lat' dir='ltr'>et</span> <span class='ocrx_word' id='word_1_61' title='bbox 2063 1010 2274 1053; x_wconf 90' lang='lat' dir='ltr'>senec-</span> 
     </span>
     <span class='ocr_line' id='line_1_9' title="bbox 260 1074 2271 1160; baseline 0 -20"><span class='ocrx_word' id='word_1_62' title='bbox 260 1076 422 1140; x_wconf 88' lang='lat' dir='ltr'>tutis</span> <span class='ocrx_word' id='word_1_63' title='bbox 477 1074 823 1139; x_wconf 73' lang='lat' dir='ltr'><strong>maturitas</strong></span> <span class='ocrx_word' id='word_1_64' title='bbox 876 1074 1175 1138; x_wconf 89' lang='lat' dir='ltr'>naturale</span> <span class='ocrx_word' id='word_1_65' title='bbox 1231 1075 1535 1157; x_wconf 86' lang='lat' dir='ltr'>quiddam</span> <span class='ocrx_word' id='word_1_66' title='bbox 1589 1075 1854 1159; x_wconf 88' lang='lat' dir='ltr'>habeat,</span> <span class='ocrx_word' id='word_1_67' title='bbox 1919 1077 2092 1160; x_wconf 91' lang='lat' dir='ltr'>quod</span> <span class='ocrx_word' id='word_1_68' title='bbox 2155 1098 2271 1141; x_wconf 91' lang='lat' dir='ltr'>suo</span> 
     </span>
    </p>

    <p class='ocr_par' dir='ltr' id='par_1_5' title="bbox 178 1162 2272 1602">
     <span class='ocr_line' id='line_1_10' title="bbox 178 1162 2270 1249; baseline 0 -21"><span class='ocrx_word' id='word_1_69' title='bbox 178 1182 232 1221; x_wconf 81' lang='lat'>10</span> <span class='ocrx_word' id='word_1_70' title='bbox 260 1168 552 1249; x_wconf 88' lang='lat' dir='ltr'>tempore</span> <span class='ocrx_word' id='word_1_71' title='bbox 604 1162 850 1248; x_wconf 81' lang='lat' dir='ltr'>percipi</span> <span class='ocrx_word' id='word_1_72' title='bbox 905 1163 1152 1227; x_wconf 88' lang='lat' dir='ltr'>debeat.</span> <span class='ocrx_word' id='word_1_73' title='bbox 1241 1162 1485 1226; x_wconf 88' lang='lat' dir='ltr'>Audire</span> <span class='ocrx_word' id='word_1_74' title='bbox 1541 1167 1605 1227; x_wconf 91' lang='lat' dir='ltr'>te</span> <span class='ocrx_word' id='word_1_75' title='bbox 1661 1164 1970 1246; x_wconf 77' lang='lat' dir='ltr'>arbitror,</span> <span class='ocrx_word' id='word_1_76' title='bbox 2036 1162 2270 1249; x_wconf 79' lang='lat' dir='ltr'>Scipio,</span> 
     </span>
     <span class='ocr_line' id='line_1_11' title="bbox 257 1250 2270 1336; baseline -0 -20"><span class='ocrx_word' id='word_1_77' title='bbox 257 1253 497 1336; x_wconf 82' lang='lat' dir='ltr'>hospes</span> <span class='ocrx_word' id='word_1_78' title='bbox 542 1255 692 1316; x_wconf 90' lang='lat' dir='ltr'>tuus</span> <span class='ocrx_word' id='word_1_79' title='bbox 740 1251 952 1315; x_wconf 82' lang='lat' dir='ltr'>avitus</span> <span class='ocrx_word' id='word_1_80' title='bbox 996 1250 1345 1315; x_wconf 83' lang='lat' dir='ltr'>Masinissa</span> <span class='ocrx_word' id='word_1_81' title='bbox 1389 1273 1552 1334; x_wconf 88' lang='lat' dir='ltr'>quae</span> <span class='ocrx_word' id='word_1_82' title='bbox 1598 1250 1796 1316; x_wconf 87' lang='lat' dir='ltr'>faciat</span> <span class='ocrx_word' id='word_1_83' title='bbox 1839 1251 2031 1317; x_wconf 88' lang='lat' dir='ltr'>hodie</span> <span class='ocrx_word' id='word_1_84' title='bbox 2071 1274 2270 1317; x_wconf 89' lang='lat' dir='ltr'>nona-</span> 
     </span>
     <span class='ocr_line' id='line_1_12' title="bbox 262 1339 2272 1426; baseline 0 -24"><span class='ocrx_word' id='word_1_85' title='bbox 262 1341 449 1426; x_wconf 87' lang='lat' dir='ltr'>ginta</span> <span class='ocrx_word' id='word_1_86' title='bbox 509 1343 702 1403; x_wconf 88' lang='lat' dir='ltr'>natus</span> <span class='ocrx_word' id='word_1_87' title='bbox 768 1360 1000 1421; x_wconf 81' lang='lat' dir='ltr'>annos3</span> <span class='ocrx_word' id='word_1_88' title='bbox 1072 1361 1217 1403; x_wconf 91' lang='lat' dir='ltr'>cum</span> <span class='ocrx_word' id='word_1_89' title='bbox 1277 1339 1610 1424; x_wconf 88' lang='lat' dir='ltr'>ingressus</span> <span class='ocrx_word' id='word_1_90' title='bbox 1662 1340 1788 1404; x_wconf 91' lang='lat' dir='ltr'>iter</span> <span class='ocrx_word' id='word_1_91' title='bbox 1842 1339 2112 1425; x_wconf 92' lang='lat' dir='ltr'>pedibus</span> <span class='ocrx_word' id='word_1_92' title='bbox 2168 1341 2272 1422; x_wconf 87' lang='lat' dir='ltr'>sit,</span> 
     </span>
     <span class='ocr_line' id='line_1_13' title="bbox 261 1427 2271 1512; baseline -0 -20"><span class='ocrx_word' id='word_1_93' title='bbox 261 1429 331 1492; x_wconf 91' lang='lat' dir='ltr'>in</span> <span class='ocrx_word' id='word_1_94' title='bbox 376 1449 606 1511; x_wconf 89' lang='lat' dir='ltr'>equum</span> <span class='ocrx_word' id='word_1_95' title='bbox 654 1428 915 1491; x_wconf 88' lang='lat' dir='ltr'>omnino</span> <span class='ocrx_word' id='word_1_96' title='bbox 955 1448 1087 1492; x_wconf 92' lang='lat' dir='ltr'>non</span> <span class='ocrx_word' id='word_1_97' title='bbox 1123 1427 1482 1510; x_wconf 82' lang='lat' dir='ltr'>ascendere,</span> <span class='ocrx_word' id='word_1_98' title='bbox 1526 1450 1670 1492; x_wconf 89' lang='lat' dir='ltr'>cum</span> <span class='ocrx_word' id='word_1_99' title='bbox 1709 1432 1927 1492; x_wconf 88' lang='lat' dir='ltr'>autem</span> <span class='ocrx_word' id='word_1_100' title='bbox 1965 1449 2147 1512; x_wconf 83' lang='lat' dir='ltr'>eque,</span> <span class='ocrx_word' id='word_1_101' title='bbox 2195 1451 2271 1492; x_wconf 92' lang='lat' dir='ltr'>ex</span> 
     </span>
     <span class='ocr_line' id='line_1_14' title="bbox 261 1514 2268 1602; baseline -0 -21"><span class='ocrx_word' id='word_1_102' title='bbox 261 1537 425 1600; x_wconf 90' lang='lat' dir='ltr'>equo</span> <span class='ocrx_word' id='word_1_103' title='bbox 479 1538 610 1580; x_wconf 90' lang='lat' dir='ltr'>non</span> <span class='ocrx_word' id='word_1_104' title='bbox 666 1514 1071 1598; x_wconf 79' lang='lat' dir='ltr'>descendere,</span> <span class='ocrx_word' id='word_1_105' title='bbox 1123 1515 1304 1580; x_wconf 91' lang='lat' dir='ltr'>nullo</span> <span class='ocrx_word' id='word_1_106' title='bbox 1360 1514 1580 1599; x_wconf 85' lang='lat' dir='ltr'>imbri,</span> <span class='ocrx_word' id='word_1_107' title='bbox 1634 1517 1815 1581; x_wconf 91' lang='lat' dir='ltr'>nullo</span> <span class='ocrx_word' id='word_1_108' title='bbox 1870 1516 2115 1602; x_wconf 84' lang='lat' dir='ltr'>frigore</span> <span class='ocrx_word' id='word_1_109' title='bbox 2163 1516 2268 1580; x_wconf 89' lang='lat' dir='ltr'>ad-</span> 
     </span>
    </p>

    <p class='ocr_par' dir='ltr' id='par_1_6' title="bbox 180 1604 2272 1953">
     <span class='ocr_line' id='line_1_15' title="bbox 180 1604 2271 1688; baseline -0.001 -19"><span class='ocrx_word' id='word_1_110' title='bbox 180 1620 233 1661; x_wconf 83' lang='lat'>15</span> <span class='ocrx_word' id='word_1_111' title='bbox 263 1605 435 1687; x_wconf 90' lang='lat' dir='ltr'>duci,</span> <span class='ocrx_word' id='word_1_112' title='bbox 487 1607 561 1668; x_wconf 88' lang='lat' dir='ltr'>ut</span> <span class='ocrx_word' id='word_1_113' title='bbox 607 1604 817 1688; x_wconf 88' lang='lat' dir='ltr'>capite</span> <span class='ocrx_word' id='word_1_114' title='bbox 864 1608 1091 1688; x_wconf 90' lang='lat' dir='ltr'>operto</span> <span class='ocrx_word' id='word_1_115' title='bbox 1138 1604 1251 1685; x_wconf 88' lang='lat' dir='ltr'>sit,</span> <span class='ocrx_word' id='word_1_116' title='bbox 1311 1625 1629 1668; x_wconf 87' lang='lat' dir='ltr'>summam</span> <span class='ocrx_word' id='word_1_117' title='bbox 1676 1626 1813 1668; x_wconf 92' lang='lat' dir='ltr'>esse</span> <span class='ocrx_word' id='word_1_118' title='bbox 1859 1605 1929 1668; x_wconf 89' lang='lat' dir='ltr'>in</span> <span class='ocrx_word' id='word_1_119' title='bbox 1974 1626 2049 1668; x_wconf 90' lang='lat' dir='ltr'>eo</span> <span class='ocrx_word' id='word_1_120' title='bbox 2097 1604 2271 1669; x_wconf 91' lang='lat' dir='ltr'>sicci-</span> 
     </span>
     <span class='ocr_line' id='line_1_16' title="bbox 258 1691 2271 1778; baseline -0.001 -21"><span class='ocrx_word' id='word_1_121' title='bbox 258 1697 464 1757; x_wconf 85' lang='lat' dir='ltr'>tatem</span> <span class='ocrx_word' id='word_1_122' title='bbox 510 1691 827 1776; x_wconf 87' lang='lat' dir='ltr'>corporis,</span> <span class='ocrx_word' id='word_1_123' title='bbox 879 1691 1100 1774; x_wconf 84' lang='lat' dir='ltr'>itaque</span> <span class='ocrx_word' id='word_1_124' title='bbox 1155 1692 1375 1756; x_wconf 90' lang='lat' dir='ltr'>omnia</span> <span class='ocrx_word' id='word_1_125' title='bbox 1428 1692 1655 1776; x_wconf 87' lang='lat' dir='ltr'>exequi</span> <span class='ocrx_word' id='word_1_126' title='bbox 1709 1693 1881 1778; x_wconf 88' lang='lat' dir='ltr'>regis</span> <span class='ocrx_word' id='word_1_127' title='bbox 1939 1692 2153 1757; x_wconf 86' lang='lat' dir='ltr'>officia</span> <span class='ocrx_word' id='word_1_128' title='bbox 2206 1697 2271 1756; x_wconf 93' lang='lat' dir='ltr'>et</span> 
     </span>
     <span class='ocr_line' id='line_1_17' title="bbox 256 1779 2272 1866; baseline -0.001 -20"><span class='ocrx_word' id='word_1_129' title='bbox 256 1802 543 1847; x_wconf 86' lang='lat' dir='ltr'>munera.</span> <span class='ocrx_word' id='word_1_130' title='bbox 601 1779 832 1844; x_wconf 89' lang='lat' dir='ltr'>Potest</span> <span class='ocrx_word' id='word_1_131' title='bbox 858 1779 1063 1866; x_wconf 91' lang='lat' dir='ltr'>igitur</span> <span class='ocrx_word' id='word_1_132' title='bbox 1101 1780 1474 1846; x_wconf 85' lang='lat' dir='ltr'>exercitatio</span> <span class='ocrx_word' id='word_1_133' title='bbox 1512 1784 1578 1845; x_wconf 89' lang='lat' dir='ltr'>et</span> <span class='ocrx_word' id='word_1_134' title='bbox 1614 1780 2045 1865; x_wconf 87' lang='lat' dir='ltr'>temperantia</span> <span class='ocrx_word' id='word_1_135' title='bbox 2073 1781 2272 1845; x_wconf 88' lang='lat' dir='ltr'>etiam</span> 
     </span>
     <span class='ocr_line' id='line_1_18' title="bbox 255 1868 2041 1953; baseline -0.001 -18"><span class='ocrx_word' id='word_1_136' title='bbox 255 1871 325 1935; x_wconf 92' lang='lat' dir='ltr'>in</span> <span class='ocrx_word' id='word_1_137' title='bbox 370 1871 700 1934; x_wconf 89' lang='lat' dir='ltr'>senectute</span> <span class='ocrx_word' id='word_1_138' title='bbox 747 1889 1126 1933; x_wconf 84' lang='lat' dir='ltr'>conservare</span> <span class='ocrx_word' id='word_1_139' title='bbox 1173 1868 1420 1952; x_wconf 88' lang='lat' dir='ltr'>aliquid</span> <span class='ocrx_word' id='word_1_140' title='bbox 1464 1869 1725 1953; x_wconf 82' lang='lat' dir='ltr'>pristini</span> <span class='ocrx_word' id='word_1_141' title='bbox 1769 1870 2041 1934; x_wconf 88' lang='lat' dir='ltr'>roboris.</span> 
     </span>
    </p>
   </div>
   <div class='ocr_carea' id='block_1_5' title="bbox 2309 1188 2377 1236">
    <p class='ocr_par' dir='ltr' id='par_1_7' title="bbox 2309 1188 2377 1236">
     <span class='ocr_line' id='line_1_19' title="bbox 2309 1188 2377 1236; baseline -0.015 0"><span class='ocrx_word' id='word_1_142' title='bbox 2309 1188 2377 1236; x_wconf 80' lang='lat'>34</span> 
     </span>
    </p>
   </div>
   <div class='ocr_carea' id='block_1_6' title="bbox 389 1955 2371 2043">
    <p class='ocr_par' dir='ltr' id='par_1_8' title="bbox 389 1955 2371 2043">
     <span class='ocr_line' id='line_1_20' title="bbox 389 1955 2371 2043; baseline 0.003 -20"><span class='ocrx_word' id='word_1_143' title='bbox 389 1956 543 2023; x_wconf 91' lang='lat' dir='ltr'>Non</span> <span class='ocrx_word' id='word_1_144' title='bbox 571 1962 725 2022; x_wconf 88' lang='lat' dir='ltr'>sunt</span> <span class='ocrx_word' id='word_1_145' title='bbox 751 1958 821 2022; x_wconf 91' lang='lat' dir='ltr'>in</span> <span class='ocrx_word' id='word_1_146' title='bbox 848 1960 1177 2023; x_wconf 85' lang='lat' dir='ltr'>senectute</span> <span class='ocrx_word' id='word_1_147' title='bbox 1205 1958 1393 2022; x_wconf 85' lang='lat' dir='ltr'>vires.</span> <span class='ocrx_word' id='word_1_148' title='bbox 1447 1955 1548 2022; x_wconf 85' lang='lat' dir='ltr'>Ne</span> <span class='ocrx_word' id='word_1_149' title='bbox 1567 1960 1983 2043; x_wconf 88' lang='lat' dir='ltr'>postulantur</span> <span class='ocrx_word' id='word_1_150' title='bbox 2012 1959 2272 2043; x_wconf 92' lang='lat' dir='ltr'>quidem</span> <span class='ocrx_word' id='word_1_151' title='bbox 2295 1966 2371 2028; x_wconf 91' lang='lat'>11</span> 
     </span>
    </p>
   </div>
   <div class='ocr_carea' id='block_1_7' title="bbox 168 2045 2272 3633">
    <p class='ocr_par' dir='ltr' id='par_1_9' title="bbox 168 2045 2272 3633">
     <span class='ocr_line' id='line_1_21' title="bbox 174 2045 2272 2131; baseline -0 -20"><span class='ocrx_word' id='word_1_152' title='bbox 174 2064 230 2103; x_wconf 76' lang='lat'>²⁰</span> <span class='ocrx_word' id='word_1_153' title='bbox 256 2048 429 2112; x_wconf 82' lang='lat' dir='ltr'>vires</span> <span class='ocrx_word' id='word_1_154' title='bbox 477 2068 517 2110; x_wconf 89' lang='lat' dir='ltr'>a</span> <span class='ocrx_word' id='word_1_155' title='bbox 562 2049 907 2111; x_wconf 89' lang='lat' dir='ltr'>senectute.</span> <span class='ocrx_word' id='word_1_156' title='bbox 977 2045 1157 2130; x_wconf 87' lang='lat' dir='ltr'>Ergo</span> <span class='ocrx_word' id='word_1_157' title='bbox 1204 2050 1270 2110; x_wconf 87' lang='lat' dir='ltr'>et</span> <span class='ocrx_word' id='word_1_158' title='bbox 1314 2046 1569 2131; x_wconf 88' lang='lat' dir='ltr'>legibus</span> <span class='ocrx_word' id='word_1_159' title='bbox 1617 2051 1682 2110; x_wconf 92' lang='lat' dir='ltr'>et</span> <span class='ocrx_word' id='word_1_160' title='bbox 1721 2047 2043 2111; x_wconf 88' lang='lat' dir='ltr'>institutis</span> <span class='ocrx_word' id='word_1_161' title='bbox 2081 2051 2272 2112; x_wconf 83' lang='lat' dir='ltr'>vacat</span> 
     </span>
     <span class='ocr_line' id='line_1_22' title="bbox 259 2133 2271 2219; baseline 0 -20"><span class='ocrx_word' id='word_1_162' title='bbox 259 2137 441 2199; x_wconf 90' lang='lat' dir='ltr'>aetas</span> <span class='ocrx_word' id='word_1_163' title='bbox 476 2136 704 2197; x_wconf 87' lang='lat' dir='ltr'>nostra</span> <span class='ocrx_word' id='word_1_164' title='bbox 739 2133 1164 2198; x_wconf 88' lang='lat' dir='ltr'>muneribus</span> <span class='ocrx_word' id='word_1_165' title='bbox 1145 2134 1447 2217; x_wconf 88' lang='lat' dir='ltr'>1is,quae</span> <span class='ocrx_word' id='word_1_166' title='bbox 1482 2156 1615 2200; x_wconf 92' lang='lat' dir='ltr'>non</span> <span class='ocrx_word' id='word_1_167' title='bbox 1649 2142 1926 2219; x_wconf 89' lang='lat' dir='ltr'>possunt</span> <span class='ocrx_word' id='word_1_168' title='bbox 1959 2136 2095 2200; x_wconf 89' lang='lat' dir='ltr'>sine</span> <span class='ocrx_word' id='word_1_169' title='bbox 2123 2136 2271 2201; x_wconf 83' lang='lat' dir='ltr'>viri-</span> 
     </span>
     <span class='ocr_line' id='line_1_23' title="bbox 257 2221 2271 2307; baseline 0 -21"><span class='ocrx_word' id='word_1_170' title='bbox 257 2224 382 2287; x_wconf 91' lang='lat' dir='ltr'>bus</span> <span class='ocrx_word' id='word_1_171' title='bbox 431 2221 750 2286; x_wconf 89' lang='lat' dir='ltr'>sustineri.</span> <span class='ocrx_word' id='word_1_172' title='bbox 819 2221 1048 2306; x_wconf 88' lang='lat' dir='ltr'>Itaque</span> <span class='ocrx_word' id='word_1_173' title='bbox 1094 2244 1225 2287; x_wconf 92' lang='lat' dir='ltr'>non</span> <span class='ocrx_word' id='word_1_174' title='bbox 1271 2222 1481 2305; x_wconf 91' lang='lat' dir='ltr'>modo,</span> <span class='ocrx_word' id='word_1_175' title='bbox 1527 2222 1698 2307; x_wconf 89' lang='lat' dir='ltr'>quod</span> <span class='ocrx_word' id='word_1_176' title='bbox 1741 2244 1874 2288; x_wconf 91' lang='lat' dir='ltr'>non</span> <span class='ocrx_word' id='word_1_177' title='bbox 1907 2245 2271 2307; x_wconf 91' lang='lat' dir='ltr'>possumus,</span> 
     </span>
     <span class='ocr_line' id='line_1_24' title="bbox 262 2309 2269 2395; baseline 0 -21"><span class='ocrx_word' id='word_1_178' title='bbox 262 2309 375 2374; x_wconf 92' lang='lat' dir='ltr'>sed</span> <span class='ocrx_word' id='word_1_179' title='bbox 418 2331 500 2373; x_wconf 88' lang='lat' dir='ltr'>ne</span> <span class='ocrx_word' id='word_1_180' title='bbox 546 2313 859 2392; x_wconf 90' lang='lat' dir='ltr'>quantum</span> <span class='ocrx_word' id='word_1_181' title='bbox 892 2332 1234 2395; x_wconf 91' lang='lat' dir='ltr'>possumus</span> <span class='ocrx_word' id='word_1_182' title='bbox 1275 2310 1531 2394; x_wconf 90' lang='lat' dir='ltr'>quidem</span> <span class='ocrx_word' id='word_1_183' title='bbox 1568 2310 1876 2395; x_wconf 86' lang='lat' dir='ltr'>cogimur.</span> <span class='ocrx_word' id='word_1_184' title='bbox 1949 2311 2043 2374; x_wconf 88' lang='lat' dir='ltr'>At</span> <span class='ocrx_word' id='word_1_185' title='bbox 2079 2312 2269 2375; x_wconf 89' lang='lat' dir='ltr'>multi</span> 
     </span>
     <span class='ocr_line' id='line_1_25' title="bbox 258 2396 2268 2482; baseline 0.001 -20"><span class='ocrx_word' id='word_1_186' title='bbox 258 2398 358 2462; x_wconf 88' lang='lat' dir='ltr'>ita</span> <span class='ocrx_word' id='word_1_187' title='bbox 404 2400 555 2461; x_wconf 91' lang='lat' dir='ltr'>sunt</span> <span class='ocrx_word' id='word_1_188' title='bbox 600 2396 886 2461; x_wconf 87' lang='lat' dir='ltr'>inbecilli</span> <span class='ocrx_word' id='word_1_189' title='bbox 931 2419 1143 2482; x_wconf 90' lang='lat' dir='ltr'>senes,</span> <span class='ocrx_word' id='word_1_190' title='bbox 1186 2402 1262 2462; x_wconf 85' lang='lat' dir='ltr'>ut</span> <span class='ocrx_word' id='word_1_191' title='bbox 1305 2398 1558 2462; x_wconf 91' lang='lat' dir='ltr'>nullum</span> <span class='ocrx_word' id='word_1_192' title='bbox 1605 2397 1802 2462; x_wconf 85' lang='lat' dir='ltr'>officii</span> <span class='ocrx_word' id='word_1_193' title='bbox 1847 2402 1961 2462; x_wconf 88' lang='lat' dir='ltr'>aut</span> <span class='ocrx_word' id='word_1_194' title='bbox 2007 2400 2268 2464; x_wconf 91' lang='lat' dir='ltr'>omnino</span> 
     </span>
     <span class='ocr_line' id='line_1_26' title="bbox 172 2485 2270 2587; baseline -0.001 -35"><span class='ocrx_word' id='word_1_195' title='bbox 172 2502 229 2543; x_wconf 76' lang='lat'>2⁵</span> <span class='ocrx_word' id='word_1_196' title='bbox 256 2487 433 2552; x_wconf 82' lang='lat' dir='ltr'>vitae</span> <span class='ocrx_word' id='word_1_197' title='bbox 479 2507 709 2550; x_wconf 90' lang='lat' dir='ltr'>munus</span> <span class='ocrx_word' id='word_1_198' title='bbox 756 2487 1023 2587; x_wconf 83' lang='lat' dir='ltr'>exsequi</span> <span class='ocrx_word' id='word_1_199' title='bbox 1061 2488 1332 2571; x_wconf 91' lang='lat' dir='ltr'>possint.</span> <span class='ocrx_word' id='word_1_200' title='bbox 1404 2487 1497 2550; x_wconf 91' lang='lat' dir='ltr'>At</span> <span class='ocrx_word' id='word_1_201' title='bbox 1541 2485 1608 2549; x_wconf 92' lang='lat' dir='ltr'>id</span> <span class='ocrx_word' id='word_1_202' title='bbox 1650 2485 1907 2569; x_wconf 91' lang='lat' dir='ltr'>quidem</span> <span class='ocrx_word' id='word_1_203' title='bbox 1951 2508 2083 2550; x_wconf 91' lang='lat' dir='ltr'>non</span> <span class='ocrx_word' id='word_1_204' title='bbox 2126 2509 2270 2570; x_wconf 90' lang='lat' dir='ltr'>pro-</span> 
     </span>
     <span class='ocr_line' id='line_1_27' title="bbox 254 2574 2269 2660; baseline 0 -22"><span class='ocrx_word' id='word_1_205' title='bbox 254 2575 472 2660; x_wconf 92' lang='lat' dir='ltr'>prium</span> <span class='ocrx_word' id='word_1_206' title='bbox 519 2574 865 2639; x_wconf 89' lang='lat' dir='ltr'>senectutis</span> <span class='ocrx_word' id='word_1_207' title='bbox 906 2574 1140 2638; x_wconf 84' lang='lat' dir='ltr'>vitium</span> <span class='ocrx_word' id='word_1_208' title='bbox 1176 2579 1293 2658; x_wconf 88' lang='lat' dir='ltr'>est,</span> <span class='ocrx_word' id='word_1_209' title='bbox 1340 2575 1453 2639; x_wconf 90' lang='lat' dir='ltr'>sed</span> <span class='ocrx_word' id='word_1_210' title='bbox 1488 2596 1824 2639; x_wconf 88' lang='lat' dir='ltr'>commune</span> <span class='ocrx_word' id='word_1_211' title='bbox 1861 2575 2269 2640; x_wconf 83' lang='lat' dir='ltr'>valetudinis.</span> 
     </span>
     <span class='ocr_line' id='line_1_28' title="bbox 257 2626 2269 2749; baseline 0.001 -22"><span class='ocrx_word' id='word_1_212' title='bbox 257 2661 464 2738; x_wconf 83' lang='lat' dir='ltr'>Quam</span> <span class='ocrx_word' id='word_1_213' title='bbox 498 2662 626 2726; x_wconf 89' lang='lat' dir='ltr'>fuit</span> <span class='ocrx_word' id='word_1_214' title='bbox 662 2662 1003 2728; x_wconf 89' lang='lat' dir='ltr'>inbecillus</span> <span class='ocrx_word' id='word_1_215' title='bbox 1038 2662 1111 2728; x_wconf 92' lang='lat' dir='ltr'>P.</span> <span class='ocrx_word' id='word_1_216' title='bbox 1147 2626 1441 2728; x_wconf 85' lang='lat' dir='ltr'>Africani</span> <span class='ocrx_word' id='word_1_217' title='bbox 1476 2663 1668 2746; x_wconf 90' lang='lat' dir='ltr'>filius,</span> <span class='ocrx_word' id='word_1_218' title='bbox 1711 2663 1770 2727; x_wconf 92' lang='lat' dir='ltr'>is</span> <span class='ocrx_word' id='word_1_219' title='bbox 1809 2663 1919 2746; x_wconf 92' lang='lat' dir='ltr'>qui</span> <span class='ocrx_word' id='word_1_220' title='bbox 1964 2667 2030 2728; x_wconf 88' lang='lat' dir='ltr'>te</span> <span class='ocrx_word' id='word_1_221' title='bbox 2077 2663 2269 2749; x_wconf 91' lang='lat' dir='ltr'>adop-</span> 
     </span>
     <span class='ocr_line' id='line_1_29' title="bbox 254 2751 2269 2836; baseline 0.001 -21"><span class='ocrx_word' id='word_1_222' title='bbox 254 2752 451 2835; x_wconf 83' lang='lat' dir='ltr'>tavit,</span> <span class='ocrx_word' id='word_1_223' title='bbox 506 2773 699 2834; x_wconf 90' lang='lat' dir='ltr'>quam</span> <span class='ocrx_word' id='word_1_224' title='bbox 746 2751 927 2816; x_wconf 89' lang='lat' dir='ltr'>tenui</span> <span class='ocrx_word' id='word_1_225' title='bbox 973 2755 1086 2815; x_wconf 85' lang='lat' dir='ltr'>aut</span> <span class='ocrx_word' id='word_1_226' title='bbox 1130 2752 1311 2815; x_wconf 83' lang='lat' dir='ltr'>nulla</span> <span class='ocrx_word' id='word_1_227' title='bbox 1359 2753 1575 2836; x_wconf 85' lang='lat' dir='ltr'>potius</span> <span class='ocrx_word' id='word_1_228' title='bbox 1626 2752 2021 2817; x_wconf 82' lang='lat' dir='ltr'>valetudine!</span> <span class='ocrx_word' id='word_1_229' title='bbox 2085 2751 2269 2827; x_wconf 85' lang='lat' dir='ltr'>Quod</span> 
     </span>
     <span class='ocr_line' id='line_1_30' title="bbox 253 2839 2269 2924; baseline 0 -21"><span class='ocrx_word' id='word_1_230' title='bbox 253 2840 323 2903; x_wconf 91' lang='lat' dir='ltr'>ni</span> <span class='ocrx_word' id='word_1_231' title='bbox 367 2840 464 2904; x_wconf 88' lang='lat' dir='ltr'>ita</span> <span class='ocrx_word' id='word_1_232' title='bbox 506 2839 756 2924; x_wconf 85' lang='lat' dir='ltr'>fuisset,</span> <span class='ocrx_word' id='word_1_233' title='bbox 803 2840 1082 2904; x_wconf 90' lang='lat' dir='ltr'>alterum</span> <span class='ocrx_word' id='word_1_234' title='bbox 1127 2840 1289 2904; x_wconf 89' lang='lat' dir='ltr'>illud</span> <span class='ocrx_word' id='word_1_235' title='bbox 1336 2840 1659 2904; x_wconf 82' lang='lat' dir='ltr'>extitisset</span> <span class='ocrx_word' id='word_1_236' title='bbox 1703 2841 1923 2905; x_wconf 90' lang='lat' dir='ltr'>lumen</span> <span class='ocrx_word' id='word_1_237' title='bbox 1956 2841 2269 2924; x_wconf 80' lang='lat' dir='ltr'>civitatis3</span> 
     </span>
     <span class='ocr_line' id='line_1_31' title="bbox 173 2928 2269 3014; baseline 0.001 -23"><span class='ocrx_word' id='word_1_238' title='bbox 173 2945 228 2985; x_wconf 77' lang='lat'>³0</span> <span class='ocrx_word' id='word_1_239' title='bbox 257 2928 340 2992; x_wconf 87' lang='lat' dir='ltr'>ad</span> <span class='ocrx_word' id='word_1_240' title='bbox 383 2932 723 3013; x_wconf 88' lang='lat' dir='ltr'>paternam</span> <span class='ocrx_word' id='word_1_241' title='bbox 771 2928 942 2992; x_wconf 90' lang='lat' dir='ltr'>enim</span> <span class='ocrx_word' id='word_1_242' title='bbox 988 2928 1499 3014; x_wconf 83' lang='lat' dir='ltr'>magnitudinem</span> <span class='ocrx_word' id='word_1_243' title='bbox 1548 2928 1749 2993; x_wconf 86' lang='lat' dir='ltr'>animi</span> <span class='ocrx_word' id='word_1_244' title='bbox 1792 2929 2086 2994; x_wconf 88' lang='lat' dir='ltr'>doctrina</span> <span class='ocrx_word' id='word_1_245' title='bbox 2120 2930 2269 2994; x_wconf 91' lang='lat' dir='ltr'>ube-</span> 
     </span>
     <span class='ocr_line' id='line_1_32' title="bbox 255 3014 2268 3103; baseline 0 -24"><span class='ocrx_word' id='word_1_246' title='bbox 255 3015 387 3079; x_wconf 91' lang='lat' dir='ltr'>rior</span> <span class='ocrx_word' id='word_1_247' title='bbox 435 3020 810 3081; x_wconf 88' lang='lat' dir='ltr'>accesserat.</span> <span class='ocrx_word' id='word_1_248' title='bbox 895 3014 1062 3091; x_wconf 84' lang='lat' dir='ltr'>Quid</span> <span class='ocrx_word' id='word_1_249' title='bbox 1106 3016 1343 3080; x_wconf 85' lang='lat' dir='ltr'>mirum</span> <span class='ocrx_word' id='word_1_250' title='bbox 1389 3017 1591 3103; x_wconf 89' lang='lat' dir='ltr'>igitur</span> <span class='ocrx_word' id='word_1_251' title='bbox 1635 3018 1707 3081; x_wconf 91' lang='lat' dir='ltr'>in</span> <span class='ocrx_word' id='word_1_252' title='bbox 1750 3017 2030 3101; x_wconf 85' lang='lat' dir='ltr'>senibus,</span> <span class='ocrx_word' id='word_1_253' title='bbox 2075 3017 2132 3081; x_wconf 92' lang='lat' dir='ltr'>si</span> <span class='ocrx_word' id='word_1_254' title='bbox 2175 3017 2268 3080; x_wconf 89' lang='lat' dir='ltr'>in-</span> 
     </span>
     <span class='ocr_line' id='line_1_33' title="bbox 253 3103 2267 3189; baseline 0 -22"><span class='ocrx_word' id='word_1_255' title='bbox 253 3104 427 3167; x_wconf 88' lang='lat' dir='ltr'>firmi</span> <span class='ocrx_word' id='word_1_256' title='bbox 472 3106 604 3169; x_wconf 91' lang='lat' dir='ltr'>sint</span> <span class='ocrx_word' id='word_1_257' title='bbox 651 3104 1027 3188; x_wconf 88' lang='lat' dir='ltr'>aliquando,</span> <span class='ocrx_word' id='word_1_258' title='bbox 1082 3127 1228 3170; x_wconf 91' lang='lat' dir='ltr'>cum</span> <span class='ocrx_word' id='word_1_259' title='bbox 1279 3105 1350 3169; x_wconf 93' lang='lat' dir='ltr'>id</span> <span class='ocrx_word' id='word_1_260' title='bbox 1394 3127 1475 3169; x_wconf 92' lang='lat' dir='ltr'>ne</span> <span class='ocrx_word' id='word_1_261' title='bbox 1523 3104 1962 3170; x_wconf 88' lang='lat' dir='ltr'>adulescentes</span> <span class='ocrx_word' id='word_1_262' title='bbox 2010 3103 2267 3189; x_wconf 91' lang='lat' dir='ltr'>quidem</span> 
     </span>
     <span class='ocr_line' id='line_1_34' title="bbox 253 3191 2267 3278; baseline 0 -22"><span class='ocrx_word' id='word_1_263' title='bbox 253 3193 536 3278; x_wconf 88' lang='lat' dir='ltr'>effugere</span> <span class='ocrx_word' id='word_1_264' title='bbox 591 3193 890 3278; x_wconf 75' lang='lat' dir='ltr'>possint?</span> <span class='ocrx_word' id='word_1_265' title='bbox 979 3193 1465 3277; x_wconf 87' lang='lat' dir='ltr'>Resistendum,</span> <span class='ocrx_word' id='word_1_266' title='bbox 1518 3192 1701 3258; x_wconf 91' lang='lat' dir='ltr'>Laeli</span> <span class='ocrx_word' id='word_1_267' title='bbox 1755 3196 1822 3257; x_wconf 88' lang='lat' dir='ltr'>et</span> <span class='ocrx_word' id='word_1_268' title='bbox 1875 3191 2116 3277; x_wconf 80' lang='lat' dir='ltr'>ScipiO,</span> <span class='ocrx_word' id='word_1_269' title='bbox 2175 3215 2267 3257; x_wconf 85' lang='lat' dir='ltr'>se-</span> 
     </span>
     <span class='ocr_line' id='line_1_35' title="bbox 250 3281 2267 3367; baseline 0 -24"><span class='ocrx_word' id='word_1_270' title='bbox 250 3282 499 3346; x_wconf 88' lang='lat' dir='ltr'>nectuti</span> <span class='ocrx_word' id='word_1_271' title='bbox 536 3285 653 3364; x_wconf 88' lang='lat' dir='ltr'>est,</span> <span class='ocrx_word' id='word_1_272' title='bbox 699 3282 961 3365; x_wconf 87' lang='lat' dir='ltr'>eiusque</span> <span class='ocrx_word' id='word_1_273' title='bbox 997 3281 1160 3346; x_wconf 84' lang='lat' dir='ltr'>vitia</span> <span class='ocrx_word' id='word_1_274' title='bbox 1196 3281 1538 3367; x_wconf 86' lang='lat' dir='ltr'>diligentia</span> <span class='ocrx_word' id='word_1_275' title='bbox 1576 3281 2051 3366; x_wconf 87' lang='lat' dir='ltr'>compensanda</span> <span class='ocrx_word' id='word_1_276' title='bbox 2088 3285 2267 3363; x_wconf 81' lang='lat' dir='ltr'>sunt3</span> 
     </span>
     <span class='ocr_line' id='line_1_36' title="bbox 168 3369 2268 3541; baseline 0.001 -22"><span class='ocrx_word' id='word_1_277' title='bbox 168 3384 224 3425; x_wconf 80' lang='lat'>⁸⁶</span> <span class='ocrx_word' id='word_1_278' title='bbox 251 3369 668 3540; x_wconf 53' lang='lat' dir='ltr'>53²&amp;ssssssss</span> <span class='ocrx_word' id='word_1_279' title='bbox 698 3371 2013 3541; x_wconf 42' lang='lat' dir='ltr'>¹1²?ssgssffffrssasssssszffiffiffiffiuff</span> <span class='ocrx_word' id='word_1_280' title='bbox 2035 3374 2268 3524; x_wconf 53' lang='lat'>3223?</span> 
     </span>
     <span class='ocr_line' id='line_1_37' title="bbox 251 3546 2265 3633; baseline 0.002 -24"><span class='ocrx_word' id='word_1_281' title='bbox 251 3546 609 3610; x_wconf 85' lang='lat' dir='ltr'>tationibus</span> <span class='ocrx_word' id='word_1_282' title='bbox 640 3546 925 3630; x_wconf 89' lang='lat' dir='ltr'>modicis,</span> <span class='ocrx_word' id='word_1_283' title='bbox 965 3550 1224 3611; x_wconf 89' lang='lat' dir='ltr'>tantum</span> <span class='ocrx_word' id='word_1_284' title='bbox 1250 3546 1378 3611; x_wconf 88' lang='lat' dir='ltr'>cibi</span> <span class='ocrx_word' id='word_1_285' title='bbox 1409 3550 1472 3611; x_wconf 92' lang='lat' dir='ltr'>et</span> <span class='ocrx_word' id='word_1_286' title='bbox 1500 3546 1783 3633; x_wconf 90' lang='lat' dir='ltr'>potionis</span> <span class='ocrx_word' id='word_1_287' title='bbox 1813 3546 2265 3633; x_wconf 86' lang='lat' dir='ltr'>adhibendum,</span> 
     </span>
    </p>
   </div>
   <div class='ocr_carea' id='block_1_8' title="bbox 2306 2334 2374 2382">
    <p class='ocr_par' dir='ltr' id='par_1_10' title="bbox 2306 2334 2374 2382">
     <span class='ocr_line' id='line_1_38' title="bbox 2306 2334 2374 2382; baseline 0 0"><span class='ocrx_word' id='word_1_288' title='bbox 2306 2334 2374 2382; x_wconf 84' lang='lat'>35</span> 
     </span>
    </p>
   </div>
   <div class='ocr_carea' id='block_1_9' title="bbox 2304 3474 2368 3524">
    <p class='ocr_par' dir='ltr' id='par_1_11' title="bbox 2304 3474 2368 3524">
     <span class='ocr_line' id='line_1_39' title="bbox 2304 3474 2368 3524; baseline 0 0"><span class='ocrx_word' id='word_1_289' title='bbox 2304 3474 2368 3524; x_wconf 74' lang='lat'>35</span> 
     </span>
    </p>
   </div>
  </div>
 </body>
</html>
