2630 3913
706 218 983 276 FACETE
1020 219 1416 274 DIOTORUM.
1456 219 1518 273 G.
1560 219 1595 272 b
1635 226 1725 272 7—
1741 226 1823 274 25.
2145 222 2276 286 345

257 384 588 465 videbatur,
635 380 911 449 Ciceroni
946 383 1230 446 recitanti
1265 383 1390 446 ait:
1438 380 1608 446 ‘Non
1642 383 1846 459 audio,
1886 404 2041 462 quae
2076 384 2274 448 dicis?

256 473 380 538 Ille
411 472 752 554 respondit:
791 468 981 535 Certe
1019 470 1274 534 solebas
1311 469 1474 533 bene
1509 469 1758 534 foratas
1785 468 2026 535 habere
2064 494 2269 536 aureS.

258 560 398 626 Hoc
440 581 506 626 eo
550 561 795 641 dictum,
845 560 995 641 quia
1043 557 1327 623 Octavius
1371 558 1560 639 Libys
1603 560 1899 623 oriundus
1944 560 2272 637 dicebatur,

256 650 475 731 quibus
518 668 648 714 mos
690 653 779 713 est
821 668 1033 711 aurem
1074 648 1299 726 forare.
1351 682 1425 692 —
1477 646 1790 711 Plutarch.
1839 645 1959 712 Cic.
2005 652 2109 712 26.

207 755 232 795 5
396 736 496 821 15,
537 737 636 802 16.
675 736 946 801 Macrob.
983 734 1113 800 Sat.
1150 734 1241 798 II
1267 741 1326 799 3.
1361 740 1443 799 16
1480 733 1701 816 Cicero,
1737 755 1874 799 cum
1909 735 2057 800 Piso
2087 758 2276 818 ρεπεν

258 827 388 890 eius
429 825 678 890 mollius
721 825 1038 901 incederet,
1081 824 1221 905 tilia
1263 827 1467 887 autem
1513 824 1884 906 concitatius,
1933 826 2027 888 ait
2067 826 2273 906 filiae:

259 914 543 977 Ambula
586 916 922 995 tamquam
971 910 1072 975 vir
1119 961 1381 975 .....
1426 912 1518 974 Et
1567 932 1704 975 cum
1746 912 1841 975 M.
1888 912 2159 992 Lepidus
2205 915 2275 978 in

256 1008 474 1067 senatu
531 1002 783 1066 dixisset
828 1000 1109 1082 patribus
1173 1001 1527 1080 conscriptis
1583 1051 1594 1062 .
1644 1050 1656 1062 .
1705 1050 1718 1063 .
1764 1049 1780 1063 .
1839 1000 2086 1065 Tullius
2148 1003 2276 1065 ait:

257 1090 402 1175 Ego
448 1111 582 1155 non
627 1088 795 1152 tanti
837 1088 1135 1152 fecissem
1183 1081 1659 1169 ὁμοιόπτωτον.

184 1197 235 1236 ιο
403 1178 501 1242 17.
541 1177 797 1256 Quintil.
837 1177 938 1241 VI
964 1184 1022 1241 3.
1057 1179 1137 1242 51
1172 1175 1462 1240 Pervenit
1492 1196 1589 1240 res
1623 1197 1809 1257 usque
1848 1179 1935 1241 ad
1975 1180 2278 1262 aeniyma,

264 1266 446 1347 quale
495 1271 582 1330 est
634 1262 942 1331 Ciceronis
993 1265 1063 1329 in
1115 1264 1522 1342 Plaetorium,
1577 1265 1800 1329 Fontei
1850 1272 2275 1345 accusatorem,

261 1355 436 1419 cuius
464 1359 722 1417 matrem
747 1354 923 1434 dixit,
953 1353 1101 1417 dum
1127 1354 1388 1430 vixisset,
1426 1353 1656 1430 ludum,
1681 1357 2008 1434 postquam
2034 1360 2276 1419 mortua

262 1448 430 1520 esset,
476 1443 801 1524 mayistros
843 1440 1140 1505 habuisse.
1222 1440 1604 1505 Dicebantur
1647 1448 1866 1519 autem,
1912 1444 2059 1507 dum
2104 1444 2275 1522 vixit,

264 1531 530 1610 infames
570 1530 840 1610 feminae
882 1530 1193 1594 convenire
1236 1530 1323 1593 ad
1365 1550 1500 1593 eam
1552 1530 1787 1607 solitae,
1830 1536 1975 1610 post
2025 1536 2277 1595 mortem

187 1636 239 1677 1⁵
269 1620 429 1684 bona
472 1619 603 1683 eius
645 1618 947 1682 venibant.

402 1707 677 1772 18—21.
722 1706 998 1771 Macrob.
1036 1705 1167 1770 Sat.
1205 1705 1296 1768 II
1322 1711 1381 1771 3.
1424 1712 1465 1770 7
1482 1727 1567 1787 sq.
1605 1705 1931 1788 Pompeius
1968 1706 2278 1773 Ciceronis

258 1797 627 1876 facetiarum
671 1796 980 1876 inpatiens
1019 1794 1161 1873 ficit.
1253 1792 1446 1859 Cuius
1498 1795 1645 1859 baec
1686 1796 1850 1859 dicta
1891 1796 2274 1875 ferebantur:

261 1883 406 1970 Ego
462 1905 642 1966 vero,
708 1904 898 1967 quem
951 1881 1229 1969 fugiam,
1291 1881 1528 1967 haben,
1585 1904 1773 1967 quem
1831 1905 2089 1968 sequar,
2143 1907 2275 1950 non

262 1973 488 2038 habe0.
580 1971 726 2057 (19)
773 1972 898 2037 Sed
938 1978 996 2042 et
1037 1992 1175 2036 cum
1218 1972 1304 2036 ad
1344 1971 1703 2053 Pompeium
1752 1975 2027 2051 venisset,
2081 1976 2275 2040 dicen-

184 2079 238 2117 20
266 2062 425 2125 tibus
485 2081 616 2125 sero
678 2081 816 2124 eum
876 2060 1105 2124 venisse
1166 2061 1503 2141 respondit:
1563 2059 1827 2125 Minime
1894 2083 2037 2126 sero
2103 2063 2279 2145 veni3

265 2170 418 2212 nam
461 2147 626 2211 nihil
670 2147 778 2213 hie
812 2151 1115 2232 paratum
1152 2147 1355 2212 vide0.
1419 2147 1566 2232 (20)
1602 2148 1840 2213 Deinde
1878 2151 2278 2232 interroyanti

266 2235 572 2317 Pompeio,
614 2236 722 2300 ubi
757 2257 940 2318 ρεπεν
984 2238 1111 2300 eius
1150 2235 1476 2300 Dolabella
1519 2242 1680 2314 esset,
1725 2239 2065 2319 respondit:
2112 2237 2275 2304 Cum

269 2344 491 2388 socero
527 2326 659 2388 tuo,
723 2321 865 2407 (21)
902 2324 992 2388 Et
1030 2345 1166 2387 cum
1210 2326 1492 2389 donasset
1523 2324 1851 2406 Pompeius
1887 2327 2276 2408 transfuyam

266 2414 506 2477 civitate
556 2411 875 2476 Romana:
937 2410 991 2476 Ο
1046 2412 1374 2476 hominem
1437 2413 1708 2476 bellum!
1772 2414 1999 2494 inquit,
2067 2412 2275 2478 Gallis

180 2518 237 2558 25
266 2500 598 2567 civitatem
652 2499 982 2584 promittit
1036 2500 1340 2582 alienam,
1402 2501 1511 2584 qui
1564 2500 1753 2564 nobis
1807 2506 2100 2565 nostram
2147 2524 2278 2566 non

263 2591 485 2674 potest
528 2588 809 2652 reddere.

399 2677 679 2741 22—25.
723 2677 996 2741 Macrob.
1042 2676 1174 2742 Sat.
1218 2676 1311 2741 II
1346 2682 1406 2741 3.
1453 2683 1493 2742 6
1537 2675 1842 2744 Caninius
1884 2682 2115 2761 quoque
2157 2680 2275 2743 Re-

264 2765 448 2848 bilus,
502 2766 611 2847 qui
652 2786 776 2829 uno
821 2767 943 2845 die,
996 2770 1069 2830 ut
1109 2767 1240 2829 iam
1282 2764 1534 2830 Servius
1575 2767 1832 2848 rettulit,
1887 2769 2094 2833 consul
2134 2769 2280 2848 fuit,

263 2859 468 2919 rostra
511 2874 648 2918 cum
692 2855 1078 2936 ascendisset,
1123 2854 1369 2935 pariter
1409 2853 1697 2918 honorem
1740 2856 1888 2919 iniit
1927 2857 2279 2921 consulatus

178 2962 237 3002 so
264 2946 325 3006 et
365 2942 646 3017 eieravit,·
701 2944 863 3022 quod
904 2939 1109 3007 Cicero
1152 2943 1323 3006 omni
1361 2943 1635 3023 gaudens
1677 2944 1982 3007 occasione
2025 2945 2275 3008 urbani-

266 3031 415 3095 tatis
450 3031 780 3112 increpuit:
819 3025 1348 3114 Λογοθεώρητος
1386 3033 1486 3094 est
1516 3028 1820 3094 Caninius
1851 3031 2093 3113 consul,
2134 3029 2277 3115 (23)

264 3123 324 3182 et
373 3119 616 3182 deinde:
678 3116 823 3183 Hoc
877 3122 1255 3182 consecutus
1311 3122 1412 3182 est
1468 3117 1764 3200 Rebilus,
1820 3122 1893 3182 ut
1950 3141 2279 3202 quaerere-

265 3210 392 3289 tur,
438 3206 668 3289 quibus
716 3206 1087 3271 consulibus
1134 3206 1361 3270 consul
1396 3205 1610 3270 fuerit.
1678 3203 1823 3292 (24)
1851 3206 2073 3276 Dicere
2098 3230 2276 3289 prae-

265 3300 427 3359 terea
462 3316 590 3359 non
632 3296 891 3360 destitit:
929 3294 1336 3380 Vigilantem
1373 3294 1685 3358 habemus
1724 3295 2053 3359 consulem
2092 3295 2278 3361 Cani-

178 3402 234 3443 ³5
263 3382 462 3464 nium,
510 3383 622 3465 qui
657 3383 725 3446 in
762 3383 1104 3448 consulatu
1143 3405 1258 3447 suo
1297 3405 1594 3447 somnum
1629 3405 1761 3447 non
1797 3383 1977 3447 vidit.
2014 3422 2101 3430 —
2138 3383 2283 3470 (25)

264 3471 365 3536 Id.
423 3470 567 3536 VII
591 3476 651 3536 3.
687 3477 771 3536 10
812 3472 1055 3536 Tullius
1099 3472 1170 3535 in
1213 3472 1532 3555 consulem,
1579 3473 1686 3553 qui
1729 3493 1853 3536 uno
1901 3477 2139 3536 tantum
2185 3476 2282 3537 die

264 3559 650 3624 consulatum
675 3561 944 3642 pereyit:
992 3557 1234 3642 Solent,
1281 3560 1499 3640 inquit,
1547 3581 1686 3623 esse
1725 3560 2020 3624 flamines
2060 3561 2282 3637 dialeS,
