<?xml version="1.0" encoding="UTF-8"?>
<!DOCTYPE html PUBLIC "-//W3C//DTD XHTML 1.0 Transitional//EN"
    "http://www.w3.org/TR/xhtml1/DTD/xhtml1-transitional.dtd">
<html xmlns="http://www.w3.org/1999/xhtml" xml:lang="en" lang="en">
 <head>
  <title>
</title>
<meta http-equiv="Content-Type" content="text/html;charset=utf-8" />
  <meta name='ocr-system' content='tesseract 3.04.00' />
  <meta name='ocr-capabilities' content='ocr_page ocr_carea ocr_par ocr_line ocrx_word'/>
</head>
<body>
  <div class='ocr_page' id='page_1' title='image "./scriptaquaemans01cicegoog_0242.png"; bbox 0 0 2630 3913; ppageno 0'>
   <div class='ocr_carea' id='block_1_1' title="bbox 367 190 1772 255">
    <p class='ocr_par' dir='ltr' id='par_1_1' title="bbox 367 190 1772 255">
     <span class='ocr_line' id='line_1_1' title="bbox 367 190 1772 255; baseline 0.001 -11"><span class='ocrx_word' id='word_1_1' title='bbox 367 191 493 255; x_wconf 88' lang='grc'><strong>168</strong></span> <span class='ocrx_word' id='word_1_2' title='bbox 964 190 1270 245; x_wconf 74' lang='lat' dir='ltr'>LAELIUS</span> <span class='ocrx_word' id='word_1_3' title='bbox 1306 190 1405 244; x_wconf 83' lang='lat' dir='ltr'><strong>DE</strong></span> <span class='ocrx_word' id='word_1_4' title='bbox 1441 190 1772 245; x_wconf 79' lang='lat' dir='ltr'>AMICITIA</span> 
     </span>
    </p>
   </div>
   <div class='ocr_carea' id='block_1_2' title="bbox 264 349 2456 3610">
    <p class='ocr_par' dir='ltr' id='par_1_2' title="bbox 365 349 2370 523">
     <span class='ocr_line' id='line_1_2' title="bbox 365 349 2370 436; baseline -0 -20"><span class='ocrx_word' id='word_1_5' title='bbox 365 374 517 416; x_wconf 89' lang='lat' dir='ltr'><strong>nere</strong></span> <span class='ocrx_word' id='word_1_6' title='bbox 563 374 823 436; x_wconf 88' lang='lat' dir='ltr'><strong>sperare</strong></span> <span class='ocrx_word' id='word_1_7' title='bbox 876 352 1096 416; x_wconf 81' lang='lat' dir='ltr'><strong>videor</strong></span> <span class='ocrx_word' id='word_1_8' title='bbox 1142 349 1459 435; x_wconf 80' lang='lat' dir='ltr'><strong>Scipionis</strong></span> <span class='ocrx_word' id='word_1_9' title='bbox 1520 357 1586 415; x_wconf 91' lang='lat' dir='ltr'><strong>et</strong></span> <span class='ocrx_word' id='word_1_10' title='bbox 1631 351 1810 417; x_wconf 88' lang='lat' dir='ltr'><strong>Laeli</strong></span> <span class='ocrx_word' id='word_1_11' title='bbox 1858 351 2210 417; x_wconf 77' lang='lat' dir='ltr'><strong>amicitiam</strong></span> <span class='ocrx_word' id='word_1_12' title='bbox 2261 373 2370 416; x_wconf 88' lang='lat' dir='ltr'><strong>no-</strong></span> 
     </span>
     <span class='ocr_line' id='line_1_3' title="bbox 365 439 1120 523; baseline -0.004 -18"><span class='ocrx_word' id='word_1_13' title='bbox 365 445 503 505; x_wconf 88' lang='lat' dir='ltr'><strong>tam</strong></span> <span class='ocrx_word' id='word_1_14' title='bbox 547 439 920 523; x_wconf 70' lang='lat' dir='ltr'><strong>posteritati</strong></span> <span class='ocrx_word' id='word_1_15' title='bbox 963 439 1120 504; x_wconf 85' lang='lat' dir='ltr'><strong>fore.</strong></span> 
     </span>
    </p>

    <p class='ocr_par' dir='ltr' id='par_1_3' title="bbox 264 525 2452 1053">
     <span class='ocr_line' id='line_1_4' title="bbox 264 525 2367 610; baseline 0 -19"><span class='ocrx_word' id='word_1_16' title='bbox 264 544 328 592; x_wconf 78' lang='lat'><strong>16</strong></span> <span class='ocrx_word' id='word_1_17' title='bbox 495 528 792 596; x_wconf 67' lang='lat' dir='ltr'><strong>mevs.</strong></span> <span class='ocrx_word' id='word_1_18' title='bbox 865 527 1041 592; x_wconf 88' lang='lat' dir='ltr'><strong>Istuc</strong></span> <span class='ocrx_word' id='word_1_19' title='bbox 1088 526 1363 610; x_wconf 87' lang='lat' dir='ltr'><strong>quidem,</strong></span> <span class='ocrx_word' id='word_1_20' title='bbox 1408 526 1609 610; x_wconf 89' lang='lat' dir='ltr'><strong>Laeli,</strong></span> <span class='ocrx_word' id='word_1_21' title='bbox 1644 528 1740 591; x_wconf 86' lang='lat' dir='ltr'><strong>ita</strong></span> <span class='ocrx_word' id='word_1_22' title='bbox 1777 549 2034 593; x_wconf 90' lang='lat' dir='ltr'><strong>necesse</strong></span> <span class='ocrx_word' id='word_1_23' title='bbox 2072 531 2188 593; x_wconf 88' lang='lat' dir='ltr'><strong>est.</strong></span> <span class='ocrx_word' id='word_1_24' title='bbox 2243 525 2367 591; x_wconf 88' lang='lat' dir='ltr'><strong>Sed</strong></span> 
     </span>
     <span class='ocr_line' id='line_1_5' title="bbox 369 615 2370 702; baseline -0 -22"><span class='ocrx_word' id='word_1_25' title='bbox 369 617 671 702; x_wconf 85' lang='lat' dir='ltr'><strong>quoniam</strong></span> <span class='ocrx_word' id='word_1_26' title='bbox 718 616 1039 681; x_wconf 82' lang='lat' dir='ltr'><strong>amicitiae</strong></span> <span class='ocrx_word' id='word_1_27' title='bbox 1085 615 1479 680; x_wconf 81' lang='lat' dir='ltr'><strong>mentionem</strong></span> <span class='ocrx_word' id='word_1_28' title='bbox 1522 615 1737 680; x_wconf 84' lang='lat' dir='ltr'><strong>fecisti</strong></span> <span class='ocrx_word' id='word_1_29' title='bbox 1781 621 1847 681; x_wconf 89' lang='lat' dir='ltr'><strong>et</strong></span> <span class='ocrx_word' id='word_1_30' title='bbox 1894 637 2113 681; x_wconf 86' lang='lat' dir='ltr'><strong>sumus</strong></span> <span class='ocrx_word' id='word_1_31' title='bbox 2157 615 2370 695; x_wconf 84' lang='lat' dir='ltr'><strong>otiosi,</strong></span> 
     </span>
     <span class='ocr_line' id='line_1_6' title="bbox 364 701 2452 790; baseline -0.001 -21"><span class='ocrx_word' id='word_1_32' title='bbox 364 710 744 790; x_wconf 85' lang='lat' dir='ltr'><strong>pergratum</strong></span> <span class='ocrx_word' id='word_1_33' title='bbox 788 704 951 768; x_wconf 83' lang='lat' dir='ltr'><strong>mihi</strong></span> <span class='ocrx_word' id='word_1_34' title='bbox 984 703 1231 786; x_wconf 84' lang='lat' dir='ltr'><strong>feceris,</strong></span> <span class='ocrx_word' id='word_1_35' title='bbox 1267 724 1456 788; x_wconf 91' lang='lat' dir='ltr'><strong>spero</strong></span> <span class='ocrx_word' id='word_1_36' title='bbox 1491 703 1652 768; x_wconf 88' lang='lat' dir='ltr'><strong>item</strong></span> <span class='ocrx_word' id='word_1_37' title='bbox 1679 701 2039 788; x_wconf 79' lang='lat' dir='ltr'><strong>Scaevolae,</strong></span> <span class='ocrx_word' id='word_1_38' title='bbox 2077 704 2152 788; x_wconf 87' lang='lat' dir='ltr'><strong>si,</strong></span> <span class='ocrx_word' id='word_1_39' title='bbox 2180 726 2372 788; x_wconf 92' lang='lat' dir='ltr'><strong>quem</strong></span> <span class='ocrx_word' id='word_1_40' title='bbox 2426 725 2452 766; x_wconf 80' lang='lat'>⁵</span> 
     </span>
     <span class='ocr_line' id='line_1_7' title="bbox 368 791 2372 876; baseline -0 -18"><span class='ocrx_word' id='word_1_41' title='bbox 368 793 449 858; x_wconf 89' lang='lat' dir='ltr'><strong>ad</strong></span> <span class='ocrx_word' id='word_1_42' title='bbox 493 793 755 859; x_wconf 89' lang='lat' dir='ltr'><strong>modum</strong></span> <span class='ocrx_word' id='word_1_43' title='bbox 801 792 970 857; x_wconf 89' lang='lat' dir='ltr'><strong>soles</strong></span> <span class='ocrx_word' id='word_1_44' title='bbox 1030 791 1107 856; x_wconf 92' lang='lat' dir='ltr'><strong>de</strong></span> <span class='ocrx_word' id='word_1_45' title='bbox 1161 792 1393 856; x_wconf 89' lang='lat' dir='ltr'><strong>ceteris</strong></span> <span class='ocrx_word' id='word_1_46' title='bbox 1442 793 1662 872; x_wconf 88' lang='lat' dir='ltr'><strong>rebus,</strong></span> <span class='ocrx_word' id='word_1_47' title='bbox 1708 814 1903 876; x_wconf 91' lang='lat' dir='ltr'><strong>quom</strong></span> <span class='ocrx_word' id='word_1_48' title='bbox 1950 814 2026 857; x_wconf 88' lang='lat' dir='ltr'><strong>ex</strong></span> <span class='ocrx_word' id='word_1_49' title='bbox 2070 796 2137 857; x_wconf 89' lang='lat' dir='ltr'><strong>te</strong></span> <span class='ocrx_word' id='word_1_50' title='bbox 2183 813 2372 876; x_wconf 86' lang='lat' dir='ltr'><strong>quae-</strong></span> 
     </span>
     <span class='ocr_line' id='line_1_8' title="bbox 366 879 2371 965; baseline 0 -20"><span class='ocrx_word' id='word_1_51' title='bbox 366 885 613 965; x_wconf 83' lang='lat' dir='ltr'><strong>runtur,</strong></span> <span class='ocrx_word' id='word_1_52' title='bbox 659 881 750 947; x_wconf 91' lang='lat' dir='ltr'><strong>sic</strong></span> <span class='ocrx_word' id='word_1_53' title='bbox 797 880 874 945; x_wconf 92' lang='lat' dir='ltr'><strong>de</strong></span> <span class='ocrx_word' id='word_1_54' title='bbox 911 879 1197 945; x_wconf 89' lang='lat' dir='ltr'><strong>amicitia</strong></span> <span class='ocrx_word' id='word_1_55' title='bbox 1233 879 1585 964; x_wconf 86' lang='lat' dir='ltr'><strong>disputaris</strong></span> <span class='ocrx_word' id='word_1_56' title='bbox 1624 880 1778 965; x_wconf 93' lang='lat' dir='ltr'><strong>quid</strong></span> <span class='ocrx_word' id='word_1_57' title='bbox 1815 880 2076 964; x_wconf 73' lang='lat' dir='ltr'><strong>sentias,</strong></span> <span class='ocrx_word' id='word_1_58' title='bbox 2115 882 2371 965; x_wconf 89' lang='lat' dir='ltr'><strong>qualem</strong></span> 
     </span>
     <span class='ocr_line' id='line_1_9' title="bbox 367 968 1504 1053; baseline -0.001 -20"><span class='ocrx_word' id='word_1_59' title='bbox 367 969 734 1053; x_wconf 84' lang='lat' dir='ltr'><strong>existumes,</strong></span> <span class='ocrx_word' id='word_1_60' title='bbox 779 990 941 1053; x_wconf 88' lang='lat' dir='ltr'><strong>quae</strong></span> <span class='ocrx_word' id='word_1_61' title='bbox 988 972 1332 1052; x_wconf 88' lang='lat' dir='ltr'><strong>praecepta</strong></span> <span class='ocrx_word' id='word_1_62' title='bbox 1377 968 1504 1033; x_wconf 88' lang='lat' dir='ltr'><strong>des.</strong></span> 
     </span>
    </p>

    <p class='ocr_par' dir='ltr' id='par_1_4' title="bbox 367 1056 2450 1231">
     <span class='ocr_line' id='line_1_10' title="bbox 499 1056 2372 1142; baseline -0.001 -19"><span class='ocrx_word' id='word_1_63' title='bbox 499 1057 825 1123; x_wconf 60' lang='lat' dir='ltr'><strong>Sauram.</strong></span> <span class='ocrx_word' id='word_1_64' title='bbox 904 1056 1067 1122; x_wconf 88' lang='lat' dir='ltr'><strong>Mihi</strong></span> <span class='ocrx_word' id='word_1_65' title='bbox 1111 1078 1279 1121; x_wconf 76' lang='lat' dir='ltr'><strong>vero.</strong></span> <span class='ocrx_word' id='word_1_66' title='bbox 1303 1057 1428 1119; x_wconf 89' lang='lat' dir='ltr'><strong>erit</strong></span> <span class='ocrx_word' id='word_1_67' title='bbox 1473 1060 1760 1141; x_wconf 82' lang='lat' dir='ltr'><strong>gratum3</strong></span> <span class='ocrx_word' id='word_1_68' title='bbox 1805 1061 2000 1142; x_wconf 89' lang='lat' dir='ltr'><strong>atque</strong></span> <span class='ocrx_word' id='word_1_69' title='bbox 2042 1056 2111 1121; x_wconf 91' lang='lat' dir='ltr'><strong>id</strong></span> <span class='ocrx_word' id='word_1_70' title='bbox 2156 1057 2372 1140; x_wconf 90' lang='lat' dir='ltr'><strong>ipsum</strong></span> 
     </span>
     <span class='ocr_line' id='line_1_11' title="bbox 367 1142 2450 1231; baseline -0.003 -20"><span class='ocrx_word' id='word_1_71' title='bbox 367 1167 512 1211; x_wconf 90' lang='lat' dir='ltr'><strong>cum</strong></span> <span class='ocrx_word' id='word_1_72' title='bbox 559 1149 773 1211; x_wconf 85' lang='lat' dir='ltr'><strong>tecum</strong></span> <span class='ocrx_word' id='word_1_73' title='bbox 818 1166 1026 1231; x_wconf 86' lang='lat' dir='ltr'><strong>agere·</strong></span> <span class='ocrx_word' id='word_1_74' title='bbox 1056 1166 1349 1228; x_wconf 89' lang='lat' dir='ltr'><strong>conarer,</strong></span> <span class='ocrx_word' id='word_1_75' title='bbox 1393 1144 1677 1209; x_wconf 87' lang='lat' dir='ltr'><strong>Fannius</strong></span> <span class='ocrx_word' id='word_1_76' title='bbox 1725 1144 2096 1211; x_wconf 79' lang='lat' dir='ltr'><strong>antevortit.</strong></span> <span class='ocrx_word' id='word_1_77' title='bbox 2160 1142 2368 1220; x_wconf 87' lang='lat' dir='ltr'><strong>Quam</strong></span> <span class='ocrx_word' id='word_1_78' title='bbox 2400 1168 2450 1205; x_wconf 84' lang='lat'><strong>10</strong></span> 
     </span>
    </p>

    <p class='ocr_par' dir='ltr' id='par_1_5' title="bbox 298 1232 2265 1341">
     <span class='ocr_line' id='line_1_12' title="bbox 298 1232 2265 1341; baseline -0.001 -42"><span class='ocrx_word' id='word_1_79' title='bbox 298 1279 340 1341; x_wconf 78' lang='lat'>5</span> <span class='ocrx_word' id='word_1_80' title='bbox 367 1234 452 1299; x_wconf 93' lang='lat' dir='ltr'><strong>ob</strong></span> <span class='ocrx_word' id='word_1_81' title='bbox 498 1256 635 1298; x_wconf 90' lang='lat' dir='ltr'><strong>rem</strong></span> <span class='ocrx_word' id='word_1_82' title='bbox 679 1233 937 1318; x_wconf 91' lang='lat' dir='ltr'><strong>utrique</strong></span> <span class='ocrx_word' id='word_1_83' title='bbox 982 1237 1278 1298; x_wconf 90' lang='lat' dir='ltr'><strong>nostrum</strong></span> <span class='ocrx_word' id='word_1_84' title='bbox 1327 1236 1586 1317; x_wconf 85' lang='lat' dir='ltr'><strong>gratum</strong></span> <span class='ocrx_word' id='word_1_85' title='bbox 1632 1233 1977 1298; x_wconf 87' lang='lat' dir='ltr'><strong>admodum</strong></span> <span class='ocrx_word' id='word_1_86' title='bbox 2019 1232 2265 1297; x_wconf 83' lang='lat' dir='ltr'><strong>feceris.</strong></span> 
     </span>
    </p>

    <p class='ocr_par' dir='ltr' id='par_1_6' title="bbox 266 1321 2453 2288">
     <span class='ocr_line' id='line_1_13' title="bbox 266 1321 2372 1407; baseline -0 -21"><span class='ocrx_word' id='word_1_87' title='bbox 266 1354 330 1403; x_wconf 69' lang='grc' dir='ltr'>ῃ</span> <span class='ocrx_word' id='word_1_88' title='bbox 499 1323 786 1389; x_wconf 56' lang='lat' dir='ltr'><strong>Las-mos.</strong></span> <span class='ocrx_word' id='word_1_89' title='bbox 873 1321 1018 1406; x_wconf 83' lang='lat' dir='ltr'><strong>Ego</strong></span> <span class='ocrx_word' id='word_1_90' title='bbox 1090 1342 1242 1386; x_wconf 80' lang='lat' dir='ltr'><strong>vero</strong></span> <span class='ocrx_word' id='word_1_91' title='bbox 1296 1342 1430 1385; x_wconf 90' lang='lat' dir='ltr'><strong>non</strong></span> <span class='ocrx_word' id='word_1_92' title='bbox 1485 1342 1817 1407; x_wconf 80' lang='lat' dir='ltr'><strong>gravarer,</strong></span> <span class='ocrx_word' id='word_1_93' title='bbox 1889 1321 1947 1386; x_wconf 89' lang='lat' dir='ltr'><strong>si</strong></span> <span class='ocrx_word' id='word_1_94' title='bbox 2007 1321 2170 1385; x_wconf 82' lang='lat' dir='ltr'><strong>mihi</strong></span> <span class='ocrx_word' id='word_1_95' title='bbox 2229 1321 2372 1407; x_wconf 88' lang='lat' dir='ltr'><strong>ipse</strong></span> 
     </span>
     <span class='ocr_line' id='line_1_14' title="bbox 367 1409 2373 1494; baseline -0.002 -18"><span class='ocrx_word' id='word_1_96' title='bbox 367 1410 778 1493; x_wconf 81' lang='lat' dir='ltr'><strong>confiderem3</strong></span> <span class='ocrx_word' id='word_1_97' title='bbox 839 1431 992 1474; x_wconf 88' lang='lat' dir='ltr'><strong>nam</strong></span> <span class='ocrx_word' id='word_1_98' title='bbox 1048 1413 1114 1474; x_wconf 90' lang='lat' dir='ltr'><strong>et</strong></span> <span class='ocrx_word' id='word_1_99' title='bbox 1165 1409 1500 1494; x_wconf 87' lang='lat' dir='ltr'><strong>praeclara</strong></span> <span class='ocrx_word' id='word_1_100' title='bbox 1553 1430 1655 1473; x_wconf 85' lang='lat' dir='ltr'><strong>res</strong></span> <span class='ocrx_word' id='word_1_101' title='bbox 1711 1414 1812 1474; x_wconf 88' lang='lat' dir='ltr'><strong>est</strong></span> <span class='ocrx_word' id='word_1_102' title='bbox 1866 1414 1931 1474; x_wconf 92' lang='lat' dir='ltr'><strong>et</strong></span> <span class='ocrx_word' id='word_1_103' title='bbox 1986 1431 2233 1494; x_wconf 88' lang='lat' dir='ltr'><strong>sumus,</strong></span> <span class='ocrx_word' id='word_1_104' title='bbox 2297 1415 2373 1474; x_wconf 87' lang='lat' dir='ltr'><strong>ut</strong></span> 
     </span>
     <span class='ocr_line' id='line_1_15' title="bbox 368 1495 2373 1582; baseline -0 -20"><span class='ocrx_word' id='word_1_105' title='bbox 368 1499 531 1562; x_wconf 86' lang='lat' dir='ltr'><strong>dixit</strong></span> <span class='ocrx_word' id='word_1_106' title='bbox 574 1497 878 1581; x_wconf 75' lang='lat' dir='ltr'><strong>Faunine,</strong></span> <span class='ocrx_word' id='word_1_107' title='bbox 924 1497 1136 1562; x_wconf 89' lang='lat' dir='ltr'><strong>otiosi.</strong></span> <span class='ocrx_word' id='word_1_108' title='bbox 1201 1495 1326 1562; x_wconf 86' lang='lat' dir='ltr'><strong>Sed</strong></span> <span class='ocrx_word' id='word_1_109' title='bbox 1356 1498 1498 1581; x_wconf 91' lang='lat' dir='ltr'><strong>quis</strong></span> <span class='ocrx_word' id='word_1_110' title='bbox 1537 1518 1657 1582; x_wconf 85' lang='lat' dir='ltr'><strong>ego</strong></span> <span class='ocrx_word' id='word_1_111' title='bbox 1696 1498 1883 1562; x_wconf 77' lang='lat' dir='ltr'><strong>sum?</strong></span> <span class='ocrx_word' id='word_1_112' title='bbox 1930 1503 2044 1562; x_wconf 92' lang='lat' dir='ltr'><strong>aut</strong></span> <span class='ocrx_word' id='word_1_113' title='bbox 2070 1520 2235 1582; x_wconf 91' lang='lat' dir='ltr'><strong>quae</strong></span> <span class='ocrx_word' id='word_1_114' title='bbox 2271 1503 2373 1562; x_wconf 90' lang='lat' dir='ltr'><strong>est</strong></span> 
     </span>
     <span class='ocr_line' id='line_1_16' title="bbox 366 1585 2449 1670; baseline -0.002 -19"><span class='ocrx_word' id='word_1_115' title='bbox 366 1586 435 1651; x_wconf 91' lang='lat' dir='ltr'><strong>in</strong></span> <span class='ocrx_word' id='word_1_116' title='bbox 480 1608 582 1651; x_wconf 92' lang='lat' dir='ltr'><strong>me</strong></span> <span class='ocrx_word' id='word_1_117' title='bbox 627 1586 949 1651; x_wconf 80' lang='lat' dir='ltr'><strong>facultas?</strong></span> <span class='ocrx_word' id='word_1_118' title='bbox 997 1586 1334 1650; x_wconf 89' lang='lat' dir='ltr'><strong>doctorum</strong></span> <span class='ocrx_word' id='word_1_119' title='bbox 1380 1590 1479 1650; x_wconf 92' lang='lat' dir='ltr'><strong>est</strong></span> <span class='ocrx_word' id='word_1_120' title='bbox 1522 1585 1653 1649; x_wconf 88' lang='lat' dir='ltr'><strong>ista</strong></span> <span class='ocrx_word' id='word_1_121' title='bbox 1696 1586 2110 1670; x_wconf 89' lang='lat' dir='ltr'><strong>consuetudo,</strong></span> <span class='ocrx_word' id='word_1_122' title='bbox 2168 1608 2370 1670; x_wconf 89' lang='lat' dir='ltr'><strong>eaque</strong></span> <span class='ocrx_word' id='word_1_123' title='bbox 2400 1606 2449 1647; x_wconf 66' lang='grc' dir='ltr'><strong>ιε</strong></span> 
     </span>
     <span class='ocr_line' id='line_1_17' title="bbox 369 1673 2370 1759; baseline -0 -20"><span class='ocrx_word' id='word_1_124' title='bbox 369 1673 780 1758; x_wconf 86' lang='lat' dir='ltr'><strong>Graecorum,</strong></span> <span class='ocrx_word' id='word_1_125' title='bbox 825 1678 899 1737; x_wconf 94' lang='lat' dir='ltr'><strong>ut</strong></span> <span class='ocrx_word' id='word_1_126' title='bbox 943 1674 1022 1738; x_wconf 90' lang='lat' dir='ltr'><strong>iis</strong></span> <span class='ocrx_word' id='word_1_127' title='bbox 1068 1677 1367 1757; x_wconf 89' lang='lat' dir='ltr'><strong>ponatur,</strong></span> <span class='ocrx_word' id='word_1_128' title='bbox 1413 1674 1490 1737; x_wconf 91' lang='lat' dir='ltr'><strong>de</strong></span> <span class='ocrx_word' id='word_1_129' title='bbox 1529 1695 1654 1759; x_wconf 93' lang='lat' dir='ltr'><strong>quo</strong></span> <span class='ocrx_word' id='word_1_130' title='bbox 1707 1673 2036 1759; x_wconf 88' lang='lat' dir='ltr'><strong>disputent</strong></span> <span class='ocrx_word' id='word_1_131' title='bbox 2076 1675 2370 1758; x_wconf 80' lang='lat' dir='ltr'><strong>quamvis</strong></span> 
     </span>
     <span class='ocr_line' id='line_1_18' title="bbox 369 1762 2373 1847; baseline 0 -21"><span class='ocrx_word' id='word_1_132' title='bbox 369 1762 613 1845; x_wconf 83' lang='lat' dir='ltr'><strong>subit03</strong></span> <span class='ocrx_word' id='word_1_133' title='bbox 677 1783 984 1847; x_wconf 83' lang='lat' dir='ltr'><strong>magnum</strong></span> <span class='ocrx_word' id='word_1_134' title='bbox 1040 1782 1201 1846; x_wconf 91' lang='lat' dir='ltr'><strong>opus</strong></span> <span class='ocrx_word' id='word_1_135' title='bbox 1258 1764 1359 1824; x_wconf 91' lang='lat' dir='ltr'><strong>est</strong></span> <span class='ocrx_word' id='word_1_136' title='bbox 1413 1765 1686 1847; x_wconf 85' lang='lat' dir='ltr'><strong>egetque</strong></span> <span class='ocrx_word' id='word_1_137' title='bbox 1741 1762 2196 1828; x_wconf 82' lang='lat' dir='ltr'><strong>exercitatione</strong></span> <span class='ocrx_word' id='word_1_138' title='bbox 2240 1785 2373 1828; x_wconf 91' lang='lat' dir='ltr'><strong>non</strong></span> 
     </span>
     <span class='ocr_line' id='line_1_19' title="bbox 365 1848 2371 1936; baseline 0 -21"><span class='ocrx_word' id='word_1_139' title='bbox 365 1873 584 1935; x_wconf 83' lang='lat' dir='ltr'><strong>parva.</strong></span> <span class='ocrx_word' id='word_1_140' title='bbox 650 1848 856 1925; x_wconf 87' lang='lat' dir='ltr'><strong>Quam</strong></span> <span class='ocrx_word' id='word_1_141' title='bbox 902 1850 986 1914; x_wconf 95' lang='lat' dir='ltr'><strong>ob</strong></span> <span class='ocrx_word' id='word_1_142' title='bbox 1032 1871 1188 1932; x_wconf 90' lang='lat' dir='ltr'><strong>rem,</strong></span> <span class='ocrx_word' id='word_1_143' title='bbox 1234 1870 1398 1932; x_wconf 89' lang='lat' dir='ltr'><strong>quae</strong></span> <span class='ocrx_word' id='word_1_144' title='bbox 1435 1850 1753 1934; x_wconf 88' lang='lat' dir='ltr'><strong>disputari</strong></span> <span class='ocrx_word' id='word_1_145' title='bbox 1791 1850 1868 1915; x_wconf 92' lang='lat' dir='ltr'><strong>de</strong></span> <span class='ocrx_word' id='word_1_146' title='bbox 1906 1850 2192 1916; x_wconf 85' lang='lat' dir='ltr'><strong>amicitia</strong></span> <span class='ocrx_word' id='word_1_147' title='bbox 2227 1872 2371 1936; x_wconf 90' lang='lat' dir='ltr'><strong>pos-</strong></span> 
     </span>
     <span class='ocr_line' id='line_1_20' title="bbox 366 1938 2370 2026; baseline 0.001 -23"><span class='ocrx_word' id='word_1_148' title='bbox 366 1942 545 2022; x_wconf 89' lang='lat' dir='ltr'><strong>sunt,</strong></span> <span class='ocrx_word' id='word_1_149' title='bbox 599 1938 681 2003; x_wconf 93' lang='lat' dir='ltr'><strong>ab</strong></span> <span class='ocrx_word' id='word_1_150' title='bbox 730 1938 821 2003; x_wconf 92' lang='lat' dir='ltr'><strong>eis</strong></span> <span class='ocrx_word' id='word_1_151' title='bbox 869 1960 1095 2004; x_wconf 75' lang='lat' dir='ltr'><strong>censeo</strong></span> <span class='ocrx_word' id='word_1_152' title='bbox 1141 1938 1401 2023; x_wconf 88' lang='lat' dir='ltr'><strong>petatis,</strong></span> <span class='ocrx_word' id='word_1_153' title='bbox 1449 1938 1559 2025; x_wconf 91' lang='lat' dir='ltr'><strong>qui</strong></span> <span class='ocrx_word' id='word_1_154' title='bbox 1600 1939 1732 2004; x_wconf 90' lang='lat' dir='ltr'><strong>ista</strong></span> <span class='ocrx_word' id='word_1_155' title='bbox 1776 1939 2189 2024; x_wconf 81' lang='lat' dir='ltr'><strong>profitentur3</strong></span> <span class='ocrx_word' id='word_1_156' title='bbox 2248 1962 2370 2026; x_wconf 84' lang='lat' dir='ltr'><strong>ego</strong></span> 
     </span>
     <span class='ocr_line' id='line_1_21' title="bbox 364 2026 2453 2111; baseline -0.001 -19"><span class='ocrx_word' id='word_1_157' title='bbox 364 2049 481 2092; x_wconf 82' lang='lat' dir='ltr'><strong>vos</strong></span> <span class='ocrx_word' id='word_1_158' title='bbox 536 2026 787 2091; x_wconf 85' lang='lat' dir='ltr'><strong>hortari</strong></span> <span class='ocrx_word' id='word_1_159' title='bbox 845 2031 1102 2092; x_wconf 88' lang='lat' dir='ltr'><strong>tantum</strong></span> <span class='ocrx_word' id='word_1_160' title='bbox 1165 2048 1457 2111; x_wconf 89' lang='lat' dir='ltr'><strong>possum,</strong></span> <span class='ocrx_word' id='word_1_161' title='bbox 1519 2031 1594 2091; x_wconf 88' lang='lat' dir='ltr'><strong>ut</strong></span> <span class='ocrx_word' id='word_1_162' title='bbox 1656 2027 2009 2093; x_wconf 90' lang='lat' dir='ltr'><strong>amicitiam</strong></span> <span class='ocrx_word' id='word_1_163' title='bbox 2072 2028 2370 2094; x_wconf 89' lang='lat' dir='ltr'><strong>omnibus</strong></span> <span class='ocrx_word' id='word_1_164' title='bbox 2401 2051 2453 2089; x_wconf 60' lang='grc' dir='ltr'><strong>κο</strong></span> 
     </span>
     <span class='ocr_line' id='line_1_22' title="bbox 366 2115 2372 2199; baseline 0.001 -20"><span class='ocrx_word' id='word_1_165' title='bbox 366 2116 558 2180; x_wconf 88' lang='lat' dir='ltr'><strong>rebus</strong></span> <span class='ocrx_word' id='word_1_166' title='bbox 595 2115 896 2180; x_wconf 87' lang='lat' dir='ltr'><strong>humanis</strong></span> <span class='ocrx_word' id='word_1_167' title='bbox 925 2115 1363 2199; x_wconf 82' lang='lat' dir='ltr'><strong>anteponatis3</strong></span> <span class='ocrx_word' id='word_1_168' title='bbox 1407 2115 1572 2180; x_wconf 88' lang='lat' dir='ltr'><strong>nihil</strong></span> <span class='ocrx_word' id='word_1_169' title='bbox 1601 2120 1702 2180; x_wconf 89' lang='lat' dir='ltr'><strong>est</strong></span> <span class='ocrx_word' id='word_1_170' title='bbox 1729 2116 1901 2181; x_wconf 82' lang='lat' dir='ltr'><strong>enim</strong></span> <span class='ocrx_word' id='word_1_171' title='bbox 1929 2121 2066 2181; x_wconf 92' lang='lat' dir='ltr'><strong>tam</strong></span> <span class='ocrx_word' id='word_1_172' title='bbox 2097 2121 2372 2182; x_wconf 89' lang='lat' dir='ltr'><strong>naturae</strong></span> 
     </span>
     <span class='ocr_line' id='line_1_23' title="bbox 368 2203 2373 2288; baseline 0 -19"><span class='ocrx_word' id='word_1_173' title='bbox 368 2208 617 2288; x_wconf 85' lang='lat' dir='ltr'><strong>aptum,</strong></span> <span class='ocrx_word' id='word_1_174' title='bbox 671 2208 808 2269; x_wconf 91' lang='lat' dir='ltr'><strong>tam</strong></span> <span class='ocrx_word' id='word_1_175' title='bbox 864 2203 1245 2269; x_wconf 80' lang='lat' dir='ltr'><strong>conveniens</strong></span> <span class='ocrx_word' id='word_1_176' title='bbox 1302 2204 1384 2269; x_wconf 89' lang='lat' dir='ltr'><strong>ad</strong></span> <span class='ocrx_word' id='word_1_177' title='bbox 1442 2225 1545 2269; x_wconf 87' lang='lat' dir='ltr'><strong>res</strong></span> <span class='ocrx_word' id='word_1_178' title='bbox 1599 2205 1705 2269; x_wconf 80' lang='lat' dir='ltr'><strong>vel</strong></span> <span class='ocrx_word' id='word_1_179' title='bbox 1751 2205 2060 2270; x_wconf 86' lang='lat' dir='ltr'><strong>secundas</strong></span> <span class='ocrx_word' id='word_1_180' title='bbox 2114 2205 2219 2270; x_wconf 83' lang='lat' dir='ltr'><strong>vel</strong></span> <span class='ocrx_word' id='word_1_181' title='bbox 2267 2206 2373 2270; x_wconf 90' lang='lat' dir='ltr'><strong>ad·</strong></span> 
     </span>
    </p>

    <p class='ocr_par' dir='ltr' id='par_1_7' title="bbox 268 2290 2456 3525">
     <span class='ocr_line' id='line_1_24' title="bbox 268 2290 2371 2376; baseline 0.002 -21"><span class='ocrx_word' id='word_1_182' title='bbox 268 2309 333 2357; x_wconf 84' lang='lat'><strong>18</strong></span> <span class='ocrx_word' id='word_1_183' title='bbox 370 2314 607 2357; x_wconf 84' lang='lat' dir='ltr'><strong>versas.</strong></span> <span class='ocrx_word' id='word_1_184' title='bbox 700 2290 824 2357; x_wconf 86' lang='lat' dir='ltr'><strong>Sed</strong></span> <span class='ocrx_word' id='word_1_185' title='bbox 868 2293 993 2358; x_wconf 93' lang='lat' dir='ltr'><strong>hoc</strong></span> <span class='ocrx_word' id='word_1_186' title='bbox 1037 2293 1320 2376; x_wconf 90' lang='lat' dir='ltr'><strong>primum</strong></span> <span class='ocrx_word' id='word_1_187' title='bbox 1367 2292 1594 2376; x_wconf 89' lang='lat' dir='ltr'><strong>sentio,</strong></span> <span class='ocrx_word' id='word_1_188' title='bbox 1643 2292 1766 2356; x_wconf 89' lang='lat' dir='ltr'><strong>nisi</strong></span> <span class='ocrx_word' id='word_1_189' title='bbox 1809 2293 1879 2357; x_wconf 88' lang='lat' dir='ltr'><strong>in</strong></span> <span class='ocrx_word' id='word_1_190' title='bbox 1923 2293 2111 2358; x_wconf 84' lang='lat' dir='ltr'><strong>bonis</strong></span> <span class='ocrx_word' id='word_1_191' title='bbox 2157 2295 2371 2359; x_wconf 87' lang='lat' dir='ltr'><strong>amici-</strong></span> 
     </span>
     <span class='ocr_line' id='line_1_25' title="bbox 367 2380 2370 2465; baseline -0 -19"><span class='ocrx_word' id='word_1_192' title='bbox 367 2382 527 2447; x_wconf 89' lang='lat' dir='ltr'><strong>tiam</strong></span> <span class='ocrx_word' id='word_1_193' title='bbox 574 2403 713 2446; x_wconf 90' lang='lat' dir='ltr'><strong>esse</strong></span> <span class='ocrx_word' id='word_1_194' title='bbox 757 2403 888 2446; x_wconf 90' lang='lat' dir='ltr'><strong>non</strong></span> <span class='ocrx_word' id='word_1_195' title='bbox 932 2401 1150 2465; x_wconf 84' lang='lat' dir='ltr'><strong>posse3</strong></span> <span class='ocrx_word' id='word_1_196' title='bbox 1210 2403 1419 2464; x_wconf 88' lang='lat' dir='ltr'><strong>neque</strong></span> <span class='ocrx_word' id='word_1_197' title='bbox 1463 2380 1531 2444; x_wconf 92' lang='lat' dir='ltr'><strong>id</strong></span> <span class='ocrx_word' id='word_1_198' title='bbox 1585 2380 1668 2445; x_wconf 90' lang='lat' dir='ltr'><strong>ad</strong></span> <span class='ocrx_word' id='word_1_199' title='bbox 1720 2381 1940 2446; x_wconf 80' lang='lat' dir='ltr'><strong>vivum</strong></span> <span class='ocrx_word' id='word_1_200' title='bbox 1994 2403 2244 2465; x_wconf 89' lang='lat' dir='ltr'><strong>resec0,</strong></span> <span class='ocrx_word' id='word_1_201' title='bbox 2297 2386 2370 2446; x_wconf 86' lang='lat' dir='ltr'><strong>ut</strong></span> 
     </span>
     <span class='ocr_line' id='line_1_26' title="bbox 367 2468 2452 2554; baseline -0.002 -21"><span class='ocrx_word' id='word_1_202' title='bbox 367 2471 487 2554; x_wconf 90' lang='lat' dir='ltr'><strong>illi,</strong></span> <span class='ocrx_word' id='word_1_203' title='bbox 532 2470 642 2554; x_wconf 92' lang='lat' dir='ltr'><strong>qui</strong></span> <span class='ocrx_word' id='word_1_204' title='bbox 686 2470 845 2534; x_wconf 92' lang='lat' dir='ltr'><strong>haec</strong></span> <span class='ocrx_word' id='word_1_205' title='bbox 893 2469 1197 2534; x_wconf 88' lang='lat' dir='ltr'><strong>subtilius</strong></span> <span class='ocrx_word' id='word_1_206' title='bbox 1236 2469 1578 2552; x_wconf 88' lang='lat' dir='ltr'><strong>disserunt,</strong></span> <span class='ocrx_word' id='word_1_207' title='bbox 1621 2468 1900 2534; x_wconf 84' lang='lat' dir='ltr'><strong>fortasse</strong></span> <span class='ocrx_word' id='word_1_208' title='bbox 1935 2491 2103 2553; x_wconf 81' lang='lat' dir='ltr'><strong>vere,</strong></span> <span class='ocrx_word' id='word_1_209' title='bbox 2140 2470 2253 2535; x_wconf 88' lang='lat' dir='ltr'><strong>sed</strong></span> <span class='ocrx_word' id='word_1_210' title='bbox 2289 2470 2370 2534; x_wconf 90' lang='lat' dir='ltr'><strong>ad</strong></span> <span class='ocrx_word' id='word_1_211' title='bbox 2400 2489 2452 2528; x_wconf 75' lang='lat'><strong>25</strong></span> 
     </span>
     <span class='ocr_line' id='line_1_27' title="bbox 367 2557 2372 2642; baseline -0 -18"><span class='ocrx_word' id='word_1_212' title='bbox 367 2580 770 2624; x_wconf 90' lang='lat' dir='ltr'><strong>communem</strong></span> <span class='ocrx_word' id='word_1_213' title='bbox 811 2557 1162 2622; x_wconf 86' lang='lat' dir='ltr'><strong>utilitatem</strong></span> <span class='ocrx_word' id='word_1_214' title='bbox 1198 2579 1456 2641; x_wconf 83' lang='lat' dir='ltr'><strong>parum3</strong></span> <span class='ocrx_word' id='word_1_215' title='bbox 1495 2561 1740 2641; x_wconf 85' lang='lat' dir='ltr'><strong>negant</strong></span> <span class='ocrx_word' id='word_1_216' title='bbox 1775 2557 1947 2621; x_wconf 84' lang='lat' dir='ltr'><strong>enim</strong></span> <span class='ocrx_word' id='word_1_217' title='bbox 1984 2580 2372 2642; x_wconf 89' lang='lat' dir='ltr'><strong>quemquam</strong></span> 
     </span>
     <span class='ocr_line' id='line_1_28' title="bbox 367 2642 2370 2731; baseline 0 -20"><span class='ocrx_word' id='word_1_218' title='bbox 367 2668 507 2711; x_wconf 86' lang='lat' dir='ltr'><strong>esse</strong></span> <span class='ocrx_word' id='word_1_219' title='bbox 551 2646 763 2710; x_wconf 82' lang='lat' dir='ltr'><strong>virum</strong></span> <span class='ocrx_word' id='word_1_220' title='bbox 808 2645 1051 2709; x_wconf 87' lang='lat' dir='ltr'><strong>bonum</strong></span> <span class='ocrx_word' id='word_1_221' title='bbox 1094 2644 1221 2709; x_wconf 92' lang='lat' dir='ltr'><strong>nisi</strong></span> <span class='ocrx_word' id='word_1_222' title='bbox 1268 2645 1643 2728; x_wconf 88' lang='lat' dir='ltr'><strong>sapientem.</strong></span> <span class='ocrx_word' id='word_1_223' title='bbox 1736 2642 1836 2709; x_wconf 89' lang='lat' dir='ltr'><strong>Sit</strong></span> <span class='ocrx_word' id='word_1_224' title='bbox 1879 2645 1976 2710; x_wconf 91' lang='lat' dir='ltr'><strong>ita</strong></span> <span class='ocrx_word' id='word_1_225' title='bbox 2020 2668 2200 2731; x_wconf 85' lang='lat' dir='ltr'><strong>sane3</strong></span> <span class='ocrx_word' id='word_1_226' title='bbox 2260 2647 2370 2711; x_wconf 90' lang='lat' dir='ltr'><strong>sed</strong></span> 
     </span>
     <span class='ocr_line' id='line_1_29' title="bbox 368 2733 2371 2817; baseline 0 -20"><span class='ocrx_word' id='word_1_227' title='bbox 368 2755 511 2797; x_wconf 91' lang='lat' dir='ltr'><strong>eam</strong></span> <span class='ocrx_word' id='word_1_228' title='bbox 557 2733 943 2817; x_wconf 87' lang='lat' dir='ltr'><strong>sapientiam</strong></span> <span class='ocrx_word' id='word_1_229' title='bbox 987 2733 1524 2817; x_wconf 85' lang='lat' dir='ltr'><strong>interpretantur,</strong></span> <span class='ocrx_word' id='word_1_230' title='bbox 1582 2755 1775 2817; x_wconf 95' lang='lat' dir='ltr'><strong>quam</strong></span> <span class='ocrx_word' id='word_1_231' title='bbox 1822 2734 2028 2799; x_wconf 90' lang='lat' dir='ltr'><strong>adhuc</strong></span> <span class='ocrx_word' id='word_1_232' title='bbox 2073 2735 2371 2800; x_wconf 88' lang='lat' dir='ltr'><strong>mortalis</strong></span> 
     </span>
     <span class='ocr_line' id='line_1_30' title="bbox 364 2823 2372 2906; baseline 0.001 -21"><span class='ocrx_word' id='word_1_233' title='bbox 364 2843 554 2886; x_wconf 86' lang='lat' dir='ltr'><strong>nemo</strong></span> <span class='ocrx_word' id='word_1_234' title='bbox 603 2825 703 2886; x_wconf 91' lang='lat' dir='ltr'><strong>est</strong></span> <span class='ocrx_word' id='word_1_235' title='bbox 748 2824 1143 2904; x_wconf 88' lang='lat' dir='ltr'><strong>consecutus,</strong></span> <span class='ocrx_word' id='word_1_236' title='bbox 1187 2842 1306 2885; x_wconf 90' lang='lat' dir='ltr'><strong>nos</strong></span> <span class='ocrx_word' id='word_1_237' title='bbox 1355 2825 1572 2885; x_wconf 88' lang='lat' dir='ltr'><strong>autem</strong></span> <span class='ocrx_word' id='word_1_238' title='bbox 1618 2843 1711 2904; x_wconf 88' lang='lat' dir='ltr'><strong>ea,</strong></span> <span class='ocrx_word' id='word_1_239' title='bbox 1757 2844 1920 2906; x_wconf 87' lang='lat' dir='ltr'><strong>quae</strong></span> <span class='ocrx_word' id='word_1_240' title='bbox 1959 2826 2111 2887; x_wconf 90' lang='lat' dir='ltr'><strong>sunt</strong></span> <span class='ocrx_word' id='word_1_241' title='bbox 2145 2823 2214 2887; x_wconf 90' lang='lat' dir='ltr'><strong>in</strong></span> <span class='ocrx_word' id='word_1_242' title='bbox 2250 2845 2372 2888; x_wconf 91' lang='lat' dir='ltr'><strong>usu</strong></span> 
     </span>
     <span class='ocr_line' id='line_1_31' title="bbox 365 2908 2454 2996; baseline -0.002 -22"><span class='ocrx_word' id='word_1_243' title='bbox 365 2911 628 2994; x_wconf 79' lang='lat' dir='ltr'><strong>vitaque</strong></span> <span class='ocrx_word' id='word_1_244' title='bbox 673 2908 1017 2987; x_wconf 82' lang='lat' dir='ltr'><strong>communi,</strong></span> <span class='ocrx_word' id='word_1_245' title='bbox 1059 2929 1193 2973; x_wconf 89' lang='lat' dir='ltr'><strong>non</strong></span> <span class='ocrx_word' id='word_1_246' title='bbox 1238 2931 1339 2993; x_wconf 88' lang='lat' dir='ltr'><strong>ea,</strong></span> <span class='ocrx_word' id='word_1_247' title='bbox 1400 2931 1563 2993; x_wconf 92' lang='lat' dir='ltr'><strong>quae</strong></span> <span class='ocrx_word' id='word_1_248' title='bbox 1608 2909 1942 2996; x_wconf 84' lang='lat' dir='ltr'><strong>finguntur</strong></span> <span class='ocrx_word' id='word_1_249' title='bbox 1989 2916 2102 2975; x_wconf 90' lang='lat' dir='ltr'><strong>aut</strong></span> <span class='ocrx_word' id='word_1_250' title='bbox 2147 2916 2373 2996; x_wconf 88' lang='lat' dir='ltr'><strong>optan·</strong></span> <span class='ocrx_word' id='word_1_251' title='bbox 2401 2930 2454 2970; x_wconf 75' lang='lat' dir='ltr'><strong>so</strong></span> 
     </span>
     <span class='ocr_line' id='line_1_32' title="bbox 364 2995 2370 3084; baseline 0.001 -21"><span class='ocrx_word' id='word_1_252' title='bbox 364 3003 492 3081; x_wconf 89' lang='lat' dir='ltr'><strong>tur,</strong></span> <span class='ocrx_word' id='word_1_253' title='bbox 537 3002 828 3082; x_wconf 87' lang='lat' dir='ltr'><strong>spectare</strong></span> <span class='ocrx_word' id='word_1_254' title='bbox 875 2997 1197 3062; x_wconf 79' lang='lat' dir='ltr'><strong>debemus,</strong></span> <span class='ocrx_word' id='word_1_255' title='bbox 1286 2995 1662 3082; x_wconf 88' lang='lat' dir='ltr'><strong>Numquam</strong></span> <span class='ocrx_word' id='word_1_256' title='bbox 1715 3020 1836 3084; x_wconf 86' lang='lat' dir='ltr'><strong>ego</strong></span> <span class='ocrx_word' id='word_1_257' title='bbox 1885 2998 2091 3064; x_wconf 91' lang='lat' dir='ltr'><strong>dicam</strong></span> <span class='ocrx_word' id='word_1_258' title='bbox 2137 2997 2207 3065; x_wconf 83' lang='lat' dir='ltr'><strong>G.</strong></span> <span class='ocrx_word' id='word_1_259' title='bbox 2254 3000 2370 3065; x_wconf 88' lang='lat' dir='ltr'><strong>Fa-</strong></span> 
     </span>
     <span class='ocr_line' id='line_1_33' title="bbox 369 3083 2372 3172; baseline 0.001 -22"><span class='ocrx_word' id='word_1_260' title='bbox 369 3086 660 3169; x_wconf 87' lang='lat' dir='ltr'><strong>bricium,</strong></span> <span class='ocrx_word' id='word_1_261' title='bbox 703 3085 806 3150; x_wconf 86' lang='lat' dir='ltr'><strong>M’.</strong></span> <span class='ocrx_word' id='word_1_262' title='bbox 844 3083 1127 3164; x_wconf 86' lang='lat' dir='ltr'><strong>Curium,</strong></span> <span class='ocrx_word' id='word_1_263' title='bbox 1173 3084 1267 3149; x_wconf 83' lang='lat' dir='ltr'><strong>Ti.</strong></span> <span class='ocrx_word' id='word_1_264' title='bbox 1307 3084 1799 3170; x_wconf 87' lang='lat' dir='ltr'><strong>Coruncanium,</strong></span> <span class='ocrx_word' id='word_1_265' title='bbox 1847 3108 2007 3171; x_wconf 88' lang='lat' dir='ltr'><strong>quos</strong></span> <span class='ocrx_word' id='word_1_266' title='bbox 2048 3088 2372 3172; x_wconf 88' lang='lat' dir='ltr'><strong>sapientes</strong></span> 
     </span>
     <span class='ocr_line' id='line_1_34' title="bbox 365 3173 2373 3258; baseline 0 -19"><span class='ocrx_word' id='word_1_267' title='bbox 365 3175 576 3240; x_wconf 89' lang='lat' dir='ltr'><strong>nostri</strong></span> <span class='ocrx_word' id='word_1_268' title='bbox 622 3174 899 3239; x_wconf 89' lang='lat' dir='ltr'><strong>maiores</strong></span> <span class='ocrx_word' id='word_1_269' title='bbox 942 3173 1334 3258; x_wconf 87' lang='lat' dir='ltr'><strong>iudicabant,</strong></span> <span class='ocrx_word' id='word_1_270' title='bbox 1386 3174 1467 3239; x_wconf 88' lang='lat' dir='ltr'><strong>ad</strong></span> <span class='ocrx_word' id='word_1_271' title='bbox 1512 3174 1790 3238; x_wconf 86' lang='lat' dir='ltr'><strong>istorum</strong></span> <span class='ocrx_word' id='word_1_272' title='bbox 1832 3197 2130 3241; x_wconf 90' lang='lat' dir='ltr'><strong>normam</strong></span> <span class='ocrx_word' id='word_1_273' title='bbox 2172 3175 2373 3240; x_wconf 88' lang='lat' dir='ltr'><strong>fuisse</strong></span> 
     </span>
     <span class='ocr_line' id='line_1_35' title="bbox 369 3259 2375 3347; baseline 0.001 -21"><span class='ocrx_word' id='word_1_274' title='bbox 369 3263 711 3347; x_wconf 84' lang='lat' dir='ltr'><strong>sapientes.</strong></span> <span class='ocrx_word' id='word_1_275' title='bbox 774 3259 984 3337; x_wconf 87' lang='lat' dir='ltr'><strong>Quare</strong></span> <span class='ocrx_word' id='word_1_276' title='bbox 1022 3261 1147 3326; x_wconf 90' lang='lat' dir='ltr'><strong>sibi</strong></span> <span class='ocrx_word' id='word_1_277' title='bbox 1184 3262 1471 3327; x_wconf 88' lang='lat' dir='ltr'><strong>habeant</strong></span> <span class='ocrx_word' id='word_1_278' title='bbox 1493 3263 1847 3347; x_wconf 88' lang='lat' dir='ltr'><strong>sapientiae</strong></span> <span class='ocrx_word' id='word_1_279' title='bbox 1868 3285 2104 3328; x_wconf 88' lang='lat' dir='ltr'><strong>nomen</strong></span> <span class='ocrx_word' id='word_1_280' title='bbox 2128 3267 2194 3328; x_wconf 92' lang='lat' dir='ltr'><strong>et</strong></span> <span class='ocrx_word' id='word_1_281' title='bbox 2216 3264 2375 3329; x_wconf 84' lang='lat' dir='ltr'><strong>invi-</strong></span> 
     </span>
     <span class='ocr_line' id='line_1_36' title="bbox 369 3350 2456 3433; baseline -0.001 -20"><span class='ocrx_word' id='word_1_282' title='bbox 369 3350 620 3414; x_wconf 92' lang='lat' dir='ltr'><strong>diosum</strong></span> <span class='ocrx_word' id='word_1_283' title='bbox 658 3355 723 3415; x_wconf 93' lang='lat' dir='ltr'><strong>et</strong></span> <span class='ocrx_word' id='word_1_284' title='bbox 769 3351 1138 3433; x_wconf 89' lang='lat' dir='ltr'><strong>obscurum,</strong></span> <span class='ocrx_word' id='word_1_285' title='bbox 1184 3350 1562 3433; x_wconf 89' lang='lat' dir='ltr'><strong>concedant,</strong></span> <span class='ocrx_word' id='word_1_286' title='bbox 1619 3354 1695 3415; x_wconf 88' lang='lat' dir='ltr'><strong>ut</strong></span> <span class='ocrx_word' id='word_1_287' title='bbox 1745 3351 1871 3415; x_wconf 80' lang='lat' dir='ltr'><strong>viri</strong></span> <span class='ocrx_word' id='word_1_288' title='bbox 1915 3352 2070 3416; x_wconf 92' lang='lat' dir='ltr'><strong>boni</strong></span> <span class='ocrx_word' id='word_1_289' title='bbox 2114 3351 2374 3417; x_wconf 89' lang='lat' dir='ltr'><strong>fuerint.</strong></span> <span class='ocrx_word' id='word_1_290' title='bbox 2404 3370 2456 3411; x_wconf 72' lang='lat' dir='ltr'><strong>ss</strong></span> 
     </span>
     <span class='ocr_line' id='line_1_37' title="bbox 368 3436 2376 3525; baseline 0.003 -26"><span class='ocrx_word' id='word_1_291' title='bbox 368 3436 468 3500; x_wconf 90' lang='lat' dir='ltr'><strong>Ne</strong></span> <span class='ocrx_word' id='word_1_292' title='bbox 503 3437 571 3499; x_wconf 90' lang='lat' dir='ltr'><strong>id</strong></span> <span class='ocrx_word' id='word_1_293' title='bbox 608 3437 864 3520; x_wconf 89' lang='lat' dir='ltr'><strong>quidem</strong></span> <span class='ocrx_word' id='word_1_294' title='bbox 908 3437 1174 3519; x_wconf 84' lang='lat' dir='ltr'><strong>facient,</strong></span> <span class='ocrx_word' id='word_1_295' title='bbox 1225 3438 1559 3523; x_wconf 83' lang='lat' dir='ltr'><strong>negabunt</strong></span> <span class='ocrx_word' id='word_1_296' title='bbox 1592 3438 1660 3501; x_wconf 91' lang='lat' dir='ltr'><strong>id</strong></span> <span class='ocrx_word' id='word_1_297' title='bbox 1704 3438 1832 3503; x_wconf 91' lang='lat' dir='ltr'><strong>nisi</strong></span> <span class='ocrx_word' id='word_1_298' title='bbox 1868 3439 2147 3524; x_wconf 88' lang='lat' dir='ltr'><strong>sapienti</strong></span> <span class='ocrx_word' id='word_1_299' title='bbox 2181 3463 2376 3525; x_wconf 88' lang='lat' dir='ltr'><strong>posse</strong></span> 
     </span>
    </p>

    <p class='ocr_par' dir='ltr' id='par_1_8' title="bbox 271 3522 2378 3610">
     <span class='ocr_line' id='line_1_38' title="bbox 271 3522 2378 3610; baseline 0.003 -24"><span class='ocrx_word' id='word_1_300' title='bbox 271 3537 333 3586; x_wconf 71' lang='grc' dir='ltr'><strong>ιο</strong></span> <span class='ocrx_word' id='word_1_301' title='bbox 371 3523 647 3587; x_wconf 88' lang='lat' dir='ltr'><strong>concedi.</strong></span> <span class='ocrx_word' id='word_1_302' title='bbox 713 3522 1002 3607; x_wconf 86' lang='lat' dir='ltr'><strong>Agamus</strong></span> <span class='ocrx_word' id='word_1_303' title='bbox 1030 3525 1232 3609; x_wconf 84' lang='lat' dir='ltr'><strong>igitur</strong></span> <span class='ocrx_word' id='word_1_304' title='bbox 1258 3525 1505 3610; x_wconf 84' lang='lat' dir='ltr'><strong>pingui,</strong></span> <span class='ocrx_word' id='word_1_305' title='bbox 1542 3529 1617 3589; x_wconf 90' lang='lat' dir='ltr'><strong>ut</strong></span> <span class='ocrx_word' id='word_1_306' title='bbox 1653 3527 1852 3610; x_wconf 87' lang='lat' dir='ltr'><strong>aiunt,</strong></span> <span class='ocrx_word' id='word_1_307' title='bbox 1888 3527 2197 3592; x_wconf 81' lang='lat' dir='ltr'><strong>Minerva.</strong></span> <span class='ocrx_word' id='word_1_308' title='bbox 2253 3528 2378 3604; x_wconf 85' lang='lat' dir='ltr'><strong>Qui</strong></span> 
     </span>
    </p>
   </div>
  </div>
 </body>
</html>
