2630 3913
340 162 468 225 378
1125 161 1578 215 FRAGMENTA

339 322 432 385 At
476 326 664 407 parte
711 343 787 385 ex
834 322 964 387 alia
1010 322 1203 386 claris
1251 345 1394 387 cum
1443 322 1695 386 lucibus
1743 327 1896 386 enat

340 410 542 474 Orion
587 410 829 474 umeris
877 415 942 474 et
986 411 1125 475 lato
1171 415 1434 494 pectore
1478 410 1740 495 fulgens

339 498 428 561 Et
476 499 703 562 dextra
748 498 1032 562 retinens
1078 520 1209 562 non
1255 520 1511 562 cassum
1557 498 1820 562 luminis
1870 520 2105 563 ensem.
2266 519 2374 564 615

192 595 320 652 370
429 583 553 650 Sed
600 609 744 651 cum
792 587 868 649 de
913 587 1108 649 terris
1155 586 1253 649 vis
1301 591 1402 649 est
1446 585 1777 669 patefacta
1821 586 2130 669 LeoniS,

340 674 602 757 Omnia,
651 696 814 758 quae
861 673 1104 740 Cancer
1149 676 1483 758 praeclaro
1532 675 1766 738 detulit
1813 678 1988 757 ortu,

342 761 593 827 Cedunt
640 763 1012 845 obscurata,
1060 763 1251 826 simul
1300 763 1397 826 vis
1446 784 1686 848 magna
1730 761 1997 846 Aquilai

341 851 616 914 Pellitur
665 872 739 915 ac
782 850 949 914 flexo
997 851 1335 915 considens
1383 872 1652 934 corpore
1697 849 1906 914 Nixus

339 938 480 1002 Iam
529 960 762 1021 supero
807 938 1011 1003 ferme
1060 940 1364 1022 depulsus
1413 939 1656 1002 lumine
1702 939 1897 1021 cedit;
2264 958 2371 1005 620

192 1035 317 1092 375
342 1025 469 1090 Sed
513 1027 771 1090 laevum
818 1048 1021 1112 genus
1068 1031 1263 1110 atque
1308 1027 1652 1090 inlustrem
1698 1026 1938 1110 linquit
1981 1026 2053 1090 in
2098 1028 2240 1092 alto

340 1115 661 1180 Plantam.
736 1115 899 1179 Tum
958 1119 1184 1180 contra
1230 1116 1518 1179 exoritur
1564 1115 1810 1179 clarum
1858 1119 2053 1200 caput
2096 1115 2372 1200 Hydrae

341 1203 432 1267 Et
475 1203 687 1288 Lepus
735 1207 802 1267 et
846 1203 1167 1286 Procyon,
1215 1203 1324 1288 qui
1371 1224 1512 1266 sese
1559 1203 1840 1266 fervidus
1886 1202 2086 1266 infert

340 1291 515 1356 Ante
564 1291 832 1375 Canem3
877 1292 1025 1355 inde
1073 1289 1269 1356 Canis
1318 1291 1597 1376 vestigia
1640 1291 1853 1374 prima
1900 1292 2216 1356 videntur.

428 1379 580 1444 Non
624 1403 830 1464 pauca
877 1403 910 1443 e
958 1381 1135 1444 caelo
1185 1380 1511 1463 depellens
1558 1379 1747 1464 signa
1791 1384 2057 1463 repente
2262 1398 2367 1446 625

194 1475 323 1533 380
342 1467 655 1532 Exoritur
698 1468 987 1554 pandens
1032 1469 1336 1532 inlustria
1380 1467 1628 1531 lumina
1671 1466 1932 1553 Virgo.

343 1556 529 1621 Cedit
576 1556 754 1621 clara
798 1556 988 1620 Fides
1036 1555 1356 1639 Cyllenia,
1403 1555 1720 1640 mergitur
1763 1555 1936 1620 unda

341 1645 735 1728 DelphinuS,
783 1645 977 1708 simul
1025 1644 1360 1729 obtegitur
1406 1645 1674 1728 depulsa
1719 1641 2003 1729 Sagitta,

341 1732 559 1815 Atque
604 1733 767 1796 Avis
814 1733 896 1796 ad
942 1754 1259 1796 summam
1306 1734 1576 1796 caudam
1621 1732 1992 1815 primasque
2037 1733 2286 1797 recedit

338 1819 600 1902 PinnaS,
648 1824 714 1883 et
757 1841 1035 1903 magnus
1081 1820 1327 1903 pariter
1374 1820 1694 1884 delabitur
1743 1819 1988 1883 Amnis.
2260 1840 2365 1887 630

192 1914 317 1974 385
342 1908 464 1973 Hic
510 1905 734 1992 Equus
782 1930 822 1971 a
866 1907 1077 1992 capite
1124 1912 1190 1972 et
1235 1908 1437 1995 longa
1481 1909 1725 1973 cervice
1771 1908 2055 1992 latescit3

340 1996 627 2081 Longius
676 1996 963 2060 exoritur
1006 1997 1139 2061 iam
1188 1997 1363 2062 claro
1410 2019 1678 2081 corpore
1726 2018 1988 2080 serpens

342 2083 737 2168 Crateraque
784 2089 972 2149 tenus
1020 2086 1193 2150 lucet
1239 2086 1630 2150 morta-libus
1676 2085 1918 2168 Hydra.

340 2172 497 2236 Inde
544 2174 736 2256 pedes
786 2171 982 2237 Canis
1030 2174 1315 2238 ostendit
1360 2173 1492 2237 iam
1538 2174 1931 2258 posteriores

340 2261 429 2324 Et
474 2266 627 2345 post
669 2262 809 2347 ipse
855 2261 1062 2326 trahit
1107 2263 1281 2326 claro
1330 2284 1474 2325 cum
1519 2262 1763 2325 lumine
1809 2262 2109 2346 puppim3
2259 2281 2364 2328 635

194 2355 322 2414 390
342 2350 712 2433 Insequitur
758 2351 983 2414 labens
1030 2372 1146 2434 per
1193 2350 1354 2414 caeli
1401 2350 1649 2413 lumina
1691 2348 1922 2432 Navis,

341 2438 431 2501 Et
478 2460 621 2517 cum
668 2439 798 2502 iam
844 2443 987 2503 toto
1033 2439 1354 2521 processit
1398 2460 1663 2522 corpore
1708 2437 1950 2523 Virgo,

340 2526 520 2590 Haec
566 2528 845 2591 medium
893 2527 1177 2591 ostendit
1222 2527 1474 2591 radiato
1523 2526 1747 2610 stipite
1794 2527 2054 2591 malum.

428 2614 522 2677 At
567 2636 709 2679 cum
758 2614 1113 2698 procedunt
1160 2615 1432 2679 obscuro
1479 2636 1748 2698 corpore
1795 2613 2101 2696 Chelae,

340 2701 599 2766 Existet
643 2702 890 2787 pariter
934 2703 1123 2787 larga
1169 2725 1314 2766 cum
1362 2703 1501 2766 luce
1545 2700 1786 2766 Bootes
1798 2753 1814 2785 ,
2255 2720 2363 2768 640

195 2798 319 2857 395
346 2789 541 2855 Cuius
585 2791 657 2854 in
703 2791 1042 2855 adversum
1092 2795 1190 2855 est
1234 2791 1554 2856 Arcturus
1601 2812 1868 2874 corpore
1914 2791 2106 2873 fixus,

341 2879 634 2963 Totaque
680 2880 810 2943 iam
859 2902 1092 2964 supera
1136 2880 1394 2964 fulgens
1441 2879 1807 2963 prolabitur
1852 2878 2063 2964 Arg03

340 2968 691 3052 Hydraque
741 2968 911 3051 quod
957 2969 1089 3032 late
1136 2969 1313 3032 caelo
1363 2968 1651 3052 dispersa
1697 2970 1979 3050 tenetur,

340 3056 646 3121 Nondum
691 3060 835 3121 tota
879 3061 1089 3140 patet3
1132 3079 1284 3120 nam
1333 3056 1601 3120 caudam
1648 3056 1938 3140 contegit
1983 3057 2234 3121 umbra.

339 3145 762 3227 Anquitenens
806 3151 1010 3209 autem
1054 3150 1347 3209 renovata
1393 3146 1519 3209 lucc
1559 3146 1830 3227 refulyet.
2257 3162 2360 3210 645

339 3232 480 3296 Iam
529 3232 825 3297 dextrum
875 3254 1076 3318 genus
1124 3237 1191 3296 et
1237 3233 1608 3299 decoratam
1653 3233 1896 3297 lumine
1943 3254 2160 3296 suram

190 3326 320 3387 400
340 3320 559 3403 Erigit
603 3320 717 3383 ille
762 3343 1000 3385 vacans
1047 3322 1318 3406 vulgato
1366 3322 1624 3386 nomine
1671 3320 1904 3403 NixuS,

343 3407 465 3482 Qui
508 3407 693 3469 Fidis
736 3408 1079 3472 Arcadicae
1120 3430 1353 3490 semper
1397 3412 1665 3490 confi-nia
1709 3411 1938 3491 tanqit;

340 3489 542 3560 Quem
588 3496 779 3555 nocte
827 3495 1180 3558 extinctum
1229 3500 1424 3579 atque
1473 3500 1767 3560 exortum
1814 3496 2093 3560 vidimus
2139 3519 2300 3578 una,
