<?xml version="1.0" encoding="UTF-8"?>
<!DOCTYPE html PUBLIC "-//W3C//DTD XHTML 1.0 Transitional//EN"
    "http://www.w3.org/TR/xhtml1/DTD/xhtml1-transitional.dtd">
<html xmlns="http://www.w3.org/1999/xhtml" xml:lang="en" lang="en">
 <head>
  <title>
</title>
<meta http-equiv="Content-Type" content="text/html;charset=utf-8" />
  <meta name='ocr-system' content='tesseract 3.04.00' />
  <meta name='ocr-capabilities' content='ocr_page ocr_carea ocr_par ocr_line ocrx_word'/>
</head>
<body>
  <div class='ocr_page' id='page_1' title='image "./scriptaquaemans01cicegoog_0418.png"; bbox 0 0 2630 3913; ppageno 0'>
   <div class='ocr_carea' id='block_1_1' title="bbox 334 191 1646 256">
    <p class='ocr_par' dir='ltr' id='par_1_1' title="bbox 334 191 1646 256">
     <span class='ocr_line' id='line_1_1' title="bbox 334 191 1646 256; baseline 0.002 -15"><span class='ocrx_word' id='word_1_1' title='bbox 334 194 464 256; x_wconf 84' lang='lat'><em>344</em></span> <span class='ocrx_word' id='word_1_2' title='bbox 1099 191 1549 244; x_wconf 77' lang='lat' dir='ltr'><strong>FRAGMENTA</strong></span> <span class='ocrx_word' id='word_1_3' title='bbox 1641 215 1646 220; x_wconf 94' lang='lat'><em>-</em></span> 
     </span>
    </p>
   </div>
   <div class='ocr_carea' id='block_1_2' title="bbox 325 353 2428 2915">
    <p class='ocr_par' dir='ltr' id='par_1_2' title="bbox 325 353 2427 964">
     <span class='ocr_line' id='line_1_2' title="bbox 334 353 2346 436; baseline 0.003 -20"><span class='ocrx_word' id='word_1_4' title='bbox 334 375 502 436; x_wconf 78' lang='lat' dir='ltr'><em>muS‚</em></span> <span class='ocrx_word' id='word_1_5' title='bbox 567 356 630 417; x_wconf 79' lang='lat' dir='ltr'><em>te</em></span> <span class='ocrx_word' id='word_1_6' title='bbox 692 353 881 417; x_wconf 88' lang='lat' dir='ltr'><em>nobis</em></span> <span class='ocrx_word' id='word_1_7' title='bbox 936 362 1188 416; x_wconf 74' lang='lat' dir='ltr'><em>varium</em></span> <span class='ocrx_word' id='word_1_8' title='bbox 1249 353 1532 436; x_wconf 75' lang='lat' dir='ltr'><em>reliquit.</em></span> <span class='ocrx_word' id='word_1_9' title='bbox 1631 353 1754 419; x_wconf 84' lang='lat' dir='ltr'><em>Sed</em></span> <span class='ocrx_word' id='word_1_10' title='bbox 1806 356 1963 420; x_wconf 86' lang='lat' dir='ltr'><em>illud</em></span> <span class='ocrx_word' id='word_1_11' title='bbox 2013 377 2089 421; x_wconf 74' lang='lat' dir='ltr'><em>ex</em></span> <span class='ocrx_word' id='word_1_12' title='bbox 2141 360 2346 423; x_wconf 87' lang='lat' dir='ltr'><em>eodem</em></span> 
     </span>
     <span class='ocr_line' id='line_1_3' title="bbox 326 441 2347 525; baseline 0.002 -19"><span class='ocrx_word' id='word_1_13' title='bbox 326 463 538 525; x_wconf 72' lang='lat' dir='ltr'><em>yenere</em></span> <span class='ocrx_word' id='word_1_14' title='bbox 585 442 1012 523; x_wconf 75' lang='lat' dir='ltr'><em>praeclarum:</em></span> <span class='ocrx_word' id='word_1_15' title='bbox 1078 441 1234 506; x_wconf 80' lang='lat' dir='ltr'><em>Cum</em></span> <span class='ocrx_word' id='word_1_16' title='bbox 1296 442 1546 506; x_wconf 90' lang='lat' dir='ltr'><em>obiceret</em></span> <span class='ocrx_word' id='word_1_17' title='bbox 1603 443 1835 508; x_wconf 79' lang='lat' dir='ltr'><em>Miloni</em></span> <span class='ocrx_word' id='word_1_18' title='bbox 1896 450 2212 510; x_wconf 85' lang='lat' dir='ltr'><em>accusator</em></span> <span class='ocrx_word' id='word_1_19' title='bbox 2276 449 2347 512; x_wconf 90' lang='lat' dir='ltr'><em>in</em></span> 
     </span>
     <span class='ocr_line' id='line_1_4' title="bbox 325 528 2348 614; baseline 0.002 -19"><span class='ocrx_word' id='word_1_20' title='bbox 325 535 756 613; x_wconf 71' lang='lat' dir='ltr'><em>aryumentum</em></span> <span class='ocrx_word' id='word_1_21' title='bbox 793 530 1106 610; x_wconf 83' lang='lat' dir='ltr'><em>factarum</em></span> <span class='ocrx_word' id='word_1_22' title='bbox 1153 528 1368 594; x_wconf 82' lang='lat' dir='ltr'><em>Clodio</em></span> <span class='ocrx_word' id='word_1_23' title='bbox 1412 531 1812 613; x_wconf 82' lang='lat' dir='ltr'><em>insidiarum,</em></span> <span class='ocrx_word' id='word_1_24' title='bbox 1856 535 2018 614; x_wconf 81' lang='lat' dir='ltr'><em>quod</em></span> <span class='ocrx_word' id='word_1_25' title='bbox 2058 533 2348 600; x_wconf 86' lang='lat' dir='ltr'><em>Bovillas</em></span> 
     </span>
     <span class='ocr_line' id='line_1_5' title="bbox 329 618 2344 701; baseline 0.002 -18"><span class='ocrx_word' id='word_1_26' title='bbox 329 624 471 683; x_wconf 89' lang='lat' dir='ltr'><em>ante</em></span> <span class='ocrx_word' id='word_1_27' title='bbox 522 618 737 682; x_wconf 79' lang='lat' dir='ltr'><em>horam</em></span> <span class='ocrx_word' id='word_1_28' title='bbox 788 638 1019 682; x_wconf 85' lang='lat' dir='ltr'><em>nonam</em></span> <span class='ocrx_word' id='word_1_29' title='bbox 1061 618 1424 701; x_wconf 75' lang='lat' dir='ltr'><strong><em>devertisset,</em></strong></span> <span class='ocrx_word' id='word_1_30' title='bbox 1477 623 1550 682; x_wconf 93' lang='lat' dir='ltr'><em>ut</em></span> <span class='ocrx_word' id='word_1_31' title='bbox 1589 624 1945 700; x_wconf 79' lang='lat' dir='ltr'><em>expectaret,</em></span> <span class='ocrx_word' id='word_1_32' title='bbox 1999 623 2147 686; x_wconf 84' lang='lat' dir='ltr'><em>dum</em></span> <span class='ocrx_word' id='word_1_33' title='bbox 2202 621 2344 688; x_wconf 82' lang='lat' dir='ltr'><em>Glo-</em></span> 
     </span>
     <span class='ocr_line' id='line_1_6' title="bbox 330 706 2427 792; baseline 0 -21"><span class='ocrx_word' id='word_1_34' title='bbox 330 710 469 772; x_wconf 89' lang='lat' dir='ltr'><em>dius</em></span> <span class='ocrx_word' id='word_1_35' title='bbox 522 731 562 771; x_wconf 90' lang='lat' dir='ltr'><em>a</em></span> <span class='ocrx_word' id='word_1_36' title='bbox 614 707 763 771; x_wconf 84' lang='lat' dir='ltr'><em>villa</em></span> <span class='ocrx_word' id='word_1_37' title='bbox 815 725 932 770; x_wconf 86' lang='lat' dir='ltr'><em>sua</em></span> <span class='ocrx_word' id='word_1_38' title='bbox 983 706 1197 783; x_wconf 80' lang='lat' dir='ltr'><em>exiret,</em></span> <span class='ocrx_word' id='word_1_39' title='bbox 1260 712 1320 770; x_wconf 91' lang='lat' dir='ltr'><em>et</em></span> <span class='ocrx_word' id='word_1_40' title='bbox 1367 707 1692 771; x_wconf 77' lang='lat' dir='ltr'><em>identidem</em></span> <span class='ocrx_word' id='word_1_41' title='bbox 1748 710 2167 791; x_wconf 73' lang='lat' dir='ltr'><em>interroyaret,</em></span> <span class='ocrx_word' id='word_1_42' title='bbox 2221 733 2342 792; x_wconf 82' lang='lat' dir='ltr'><em>quo</em></span> <span class='ocrx_word' id='word_1_43' title='bbox 2400 733 2427 772; x_wconf 82' lang='lat'>⁵</span> 
     </span>
     <span class='ocr_line' id='line_1_7' title="bbox 332 793 2346 879; baseline 0.002 -19"><span class='ocrx_word' id='word_1_44' title='bbox 332 801 589 879; x_wconf 77' lang='lat' dir='ltr'><em>tempore</em></span> <span class='ocrx_word' id='word_1_45' title='bbox 649 793 901 859; x_wconf 79' lang='lat' dir='ltr'><em>Clodius</em></span> <span class='ocrx_word' id='word_1_46' title='bbox 962 796 1188 860; x_wconf 86' lang='lat' dir='ltr'><em>occisus</em></span> <span class='ocrx_word' id='word_1_47' title='bbox 1249 800 1420 877; x_wconf 87' lang='lat' dir='ltr'><em>esset,</em></span> <span class='ocrx_word' id='word_1_48' title='bbox 1484 798 1824 877; x_wconf 78' lang='lat' dir='ltr'><em>respondit.-</em></span> <span class='ocrx_word' id='word_1_49' title='bbox 1891 794 2063 863; x_wconf 87' lang='lat' dir='ltr'><em>Sero.</em></span> <span class='ocrx_word' id='word_1_50' title='bbox 2123 834 2200 845; x_wconf 93' lang='lat'>—</span> <span class='ocrx_word' id='word_1_51' title='bbox 2274 801 2346 864; x_wconf 87' lang='lat' dir='ltr'><em>V.</em></span> 
     </span>
     <span class='ocr_line' id='line_1_8' title="bbox 329 886 957 964; baseline -0.006 -15"><span class='ocrx_word' id='word_1_52' title='bbox 329 904 520 964; x_wconf 75' lang='lat' dir='ltr'><em>supra</em></span> <span class='ocrx_word' id='word_1_53' title='bbox 551 904 620 964; x_wconf 79' lang='lat' dir='ltr'><em>p.</em></span> <span class='ocrx_word' id='word_1_54' title='bbox 665 886 812 947; x_wconf 78' lang='lat'><em>286.</em></span> <span class='ocrx_word' id='word_1_55' title='bbox 857 889 957 946; x_wconf 91' lang='grc'><em>19.</em></span> 
     </span>
    </p>

    <p class='ocr_par' dir='ltr' id='par_1_3' title="bbox 330 970 2426 1231">
     <span class='ocr_line' id='line_1_9' title="bbox 463 970 2341 1055; baseline 0.002 -19"><span class='ocrx_word' id='word_1_56' title='bbox 463 972 521 1036; x_wconf 87' lang='grc'><strong>8.</strong></span> <span class='ocrx_word' id='word_1_57' title='bbox 566 971 771 1052; x_wconf 73' lang='lat' dir='ltr'><em>Quint.</em></span> <span class='ocrx_word' id='word_1_58' title='bbox 811 970 907 1034; x_wconf 91' lang='lat' dir='ltr'><em>VI</em></span> <span class='ocrx_word' id='word_1_59' title='bbox 938 977 996 1036; x_wconf 99' lang='lat'><em>3.</em></span> <span class='ocrx_word' id='word_1_60' title='bbox 1035 975 1121 1036; x_wconf 77' lang='lat'><em>62</em></span> <span class='ocrx_word' id='word_1_61' title='bbox 1164 972 1342 1036; x_wconf 84' lang='lat' dir='ltr'><em>Idem</em></span> <span class='ocrx_word' id='word_1_62' title='bbox 1374 993 1490 1053; x_wconf 76' lang='lat' dir='ltr'><em>per</em></span> <span class='ocrx_word' id='word_1_63' title='bbox 1533 973 1894 1055; x_wconf 75' lang='lat' dir='ltr'><em>alleyoriam</em></span> <span class='ocrx_word' id='word_1_64' title='bbox 1930 974 2025 1038; x_wconf 98' lang='lat' dir='ltr'><strong><em>M</em></strong></span> <span class='ocrx_word' id='word_1_65' title='bbox 2062 973 2341 1040; x_wconf 78' lang='lat' dir='ltr'><em>Caelium</em></span> 
     </span>
     <span class='ocr_line' id='line_1_10' title="bbox 330 1059 2339 1141; baseline 0.001 -17"><span class='ocrx_word' id='word_1_66' title='bbox 330 1061 546 1124; x_wconf 88' lang='lat' dir='ltr'><em>melius</em></span> <span class='ocrx_word' id='word_1_67' title='bbox 581 1059 924 1124; x_wconf 76' lang='lat' dir='ltr'><em>obicientem</em></span> <span class='ocrx_word' id='word_1_68' title='bbox 960 1060 1226 1124; x_wconf 89' lang='lat' dir='ltr'><em>crimina</em></span> <span class='ocrx_word' id='word_1_69' title='bbox 1261 1081 1449 1141; x_wconf 81' lang='lat' dir='ltr'><em>quam</em></span> <span class='ocrx_word' id='word_1_70' title='bbox 1484 1061 1892 1139; x_wconf 78' lang='lat' dir='ltr'><em>defendentem</em></span> <span class='ocrx_word' id='word_1_71' title='bbox 1919 1061 2156 1126; x_wconf 87' lang='lat' dir='ltr'><em>bonam</em></span> <span class='ocrx_word' id='word_1_72' title='bbox 2197 1064 2339 1128; x_wconf 83' lang='lat' dir='ltr'><em>dex-</em></span> 
     </span>
     <span class='ocr_line' id='line_1_11' title="bbox 332 1147 2426 1231; baseline 0.001 -19"><span class='ocrx_word' id='word_1_73' title='bbox 332 1152 528 1231; x_wconf 78' lang='lat' dir='ltr'><em>tram,</em></span> <span class='ocrx_word' id='word_1_74' title='bbox 574 1148 814 1212; x_wconf 85' lang='lat' dir='ltr'><em>malam</em></span> <span class='ocrx_word' id='word_1_75' title='bbox 863 1147 1194 1212; x_wconf 74' lang='lat' dir='ltr'><em>sinistram</em></span> <span class='ocrx_word' id='word_1_76' title='bbox 1240 1148 1480 1213; x_wconf 81' lang='lat' dir='ltr'><em>habere</em></span> <span class='ocrx_word' id='word_1_77' title='bbox 1524 1149 1772 1214; x_wconf 89' lang='lat' dir='ltr'><em>dicebat.</em></span> <span class='ocrx_word' id='word_1_78' title='bbox 2373 1176 2426 1214; x_wconf 85' lang='lat'><em>10</em></span> 
     </span>
    </p>

    <p class='ocr_par' dir='ltr' id='par_1_4' title="bbox 328 1236 2425 1938">
     <span class='ocr_line' id='line_1_12' title="bbox 462 1236 2339 1319; baseline 0.002 -18"><span class='ocrx_word' id='word_1_79' title='bbox 462 1237 521 1301; x_wconf 90' lang='grc'><em>9.</em></span> <span class='ocrx_word' id='word_1_80' title='bbox 571 1236 777 1316; x_wconf 74' lang='lat' dir='ltr'><em>Quint.</em></span> <span class='ocrx_word' id='word_1_81' title='bbox 826 1236 927 1301; x_wconf 93' lang='lat' dir='ltr'><em>VI</em></span> <span class='ocrx_word' id='word_1_82' title='bbox 961 1242 1021 1301; x_wconf 95' lang='lat'><em>3.</em></span> <span class='ocrx_word' id='word_1_83' title='bbox 1066 1240 1154 1301; x_wconf 80' lang='lat'><em>47</em></span> <span class='ocrx_word' id='word_1_84' title='bbox 1199 1237 1297 1300; x_wconf 94' lang='lat' dir='ltr'><em>Ne</em></span> <span class='ocrx_word' id='word_1_85' title='bbox 1341 1237 1454 1301; x_wconf 87' lang='lat' dir='ltr'><em>illa</em></span> <span class='ocrx_word' id='word_1_86' title='bbox 1497 1238 1740 1318; x_wconf 80' lang='lat' dir='ltr'><em>quidem</em></span> <span class='ocrx_word' id='word_1_87' title='bbox 1784 1236 2157 1319; x_wconf 83' lang='lat' dir='ltr'><em>(oratoribus</em></span> <span class='ocrx_word' id='word_1_88' title='bbox 2201 1261 2339 1304; x_wconf 84' lang='lat' dir='ltr'><em>con-</em></span> 
     </span>
     <span class='ocr_line' id='line_1_13' title="bbox 330 1322 2341 1428; baseline 0.001 -38"><span class='ocrx_word' id='word_1_89' title='bbox 330 1326 635 1408; x_wconf 85' lang='lat' dir='ltr'><em>veniunt),</em></span> <span class='ocrx_word' id='word_1_90' title='bbox 688 1346 844 1407; x_wconf 77' lang='lat' dir='ltr'><em>quae</em></span> <span class='ocrx_word' id='word_1_91' title='bbox 890 1322 1164 1389; x_wconf 81' lang='lat' dir='ltr'><em>Ciceroni</em></span> <span class='ocrx_word' id='word_1_92' title='bbox 1216 1326 1575 1407; x_wconf 78' lang='lat' dir='ltr'><em>aliquando,</em></span> <span class='ocrx_word' id='word_1_93' title='bbox 1634 1328 1740 1391; x_wconf 89' lang='lat' dir='ltr'><em>sed</em></span> <span class='ocrx_word' id='word_1_94' title='bbox 1788 1347 1914 1391; x_wconf 89' lang='lat' dir='ltr'><em>non</em></span> <span class='ocrx_word' id='word_1_95' title='bbox 1966 1328 2039 1392; x_wconf 86' lang='lat' dir='ltr'><em>in</em></span> <span class='ocrx_word' id='word_1_96' title='bbox 2091 1330 2341 1428; x_wconf 72' lang='lat' dir='ltr'><em>ayendo,</em></span> 
     </span>
     <span class='ocr_line' id='line_1_14' title="bbox 329 1414 2344 1498; baseline 0.001 -19"><span class='ocrx_word' id='word_1_97' title='bbox 329 1415 703 1496; x_wconf 79' lang='lat' dir='ltr'><em>exciderunt,</em></span> <span class='ocrx_word' id='word_1_98' title='bbox 755 1418 828 1477; x_wconf 93' lang='lat' dir='ltr'><em>ut</em></span> <span class='ocrx_word' id='word_1_99' title='bbox 867 1414 1053 1494; x_wconf 78' lang='lat' dir='ltr'><em>dixit,</em></span> <span class='ocrx_word' id='word_1_100' title='bbox 1106 1434 1244 1477; x_wconf 89' lang='lat' dir='ltr'><em>cum</em></span> <span class='ocrx_word' id='word_1_101' title='bbox 1288 1415 1346 1478; x_wconf 86' lang='lat' dir='ltr'><em>is</em></span> <span class='ocrx_word' id='word_1_102' title='bbox 1388 1415 1779 1498; x_wconf 85' lang='lat' dir='ltr'><em>candidatus,</em></span> <span class='ocrx_word' id='word_1_103' title='bbox 1831 1417 1940 1496; x_wconf 79' lang='lat' dir='ltr'><em>qui</em></span> <span class='ocrx_word' id='word_1_104' title='bbox 1993 1419 2117 1481; x_wconf 89' lang='lat' dir='ltr'><em>coci</em></span> <span class='ocrx_word' id='word_1_105' title='bbox 2167 1418 2344 1498; x_wconf 73' lang='lat' dir='ltr'><em>filius</em></span> 
     </span>
     <span class='ocr_line' id='line_1_15' title="bbox 328 1501 2342 1590; baseline 0.001 -22"><span class='ocrx_word' id='word_1_106' title='bbox 328 1503 676 1582; x_wconf 79' lang='lat' dir='ltr'><em>habebatur,</em></span> <span class='ocrx_word' id='word_1_107' title='bbox 711 1521 918 1566; x_wconf 87' lang='lat' dir='ltr'><em>coram</em></span> <span class='ocrx_word' id='word_1_108' title='bbox 954 1521 1017 1565; x_wconf 93' lang='lat' dir='ltr'><em>eo</em></span> <span class='ocrx_word' id='word_1_109' title='bbox 1053 1501 1423 1582; x_wconf 71' lang='lat' dir='ltr'><em>suffrayium</em></span> <span class='ocrx_word' id='word_1_110' title='bbox 1457 1503 1535 1566; x_wconf 89' lang='lat' dir='ltr'><em>ab</em></span> <span class='ocrx_word' id='word_1_111' title='bbox 1570 1504 1696 1566; x_wconf 88' lang='lat' dir='ltr'><em>alio</em></span> <span class='ocrx_word' id='word_1_112' title='bbox 1720 1508 1977 1583; x_wconf 78' lang='lat' dir='ltr'><em>peteret:</em></span> <span class='ocrx_word' id='word_1_113' title='bbox 2013 1503 2158 1590; x_wconf 83' lang='lat' dir='ltr'><em>Ego</em></span> <span class='ocrx_word' id='word_1_114' title='bbox 2189 1526 2342 1588; x_wconf 85' lang='lat' dir='ltr'><em>quo-</em></span> 
     </span>
     <span class='ocr_line' id='line_1_16' title="bbox 332 1556 2425 1675; baseline -0 -20"><span class='ocrx_word' id='word_1_115' title='bbox 332 1613 455 1675; x_wconf 90' lang='lat' dir='ltr'><em>que</em></span> <span class='ocrx_word' id='word_1_116' title='bbox 492 1590 617 1654; x_wconf 82' lang='lat' dir='ltr'><em>tibi</em></span> <span class='ocrx_word' id='word_1_117' title='bbox 650 1589 903 1654; x_wconf 84' lang='lat' dir='ltr'><em>favebo,</em></span> <span class='ocrx_word' id='word_1_118' title='bbox 945 1626 1024 1634; x_wconf 91' lang='lat'><strong>—</strong></span> <span class='ocrx_word' id='word_1_119' title='bbox 1062 1589 1294 1654; x_wconf 86' lang='lat' dir='ltr'><em>Donat.</em></span> <span class='ocrx_word' id='word_1_120' title='bbox 1326 1590 1459 1653; x_wconf 84' lang='lat' dir='ltr'><em>Ter.</em></span> <span class='ocrx_word' id='word_1_121' title='bbox 1487 1590 1608 1654; x_wconf 87' lang='lat' dir='ltr'><em>Ad.</em></span> <span class='ocrx_word' id='word_1_122' title='bbox 1638 1590 1771 1653; x_wconf 95' lang='lat' dir='ltr'><em>III</em></span> <span class='ocrx_word' id='word_1_123' title='bbox 1789 1597 1846 1655; x_wconf 91' lang='lat'><em>3.</em></span> <span class='ocrx_word' id='word_1_124' title='bbox 1877 1597 1958 1656; x_wconf 87' lang='lat'><em>69</em></span> <span class='ocrx_word' id='word_1_125' title='bbox 1989 1593 2081 1656; x_wconf 90' lang='lat' dir='ltr'><em>Et</em></span> <span class='ocrx_word' id='word_1_126' title='bbox 2074 1556 2341 1658; x_wconf 53' lang='lat' dir='ltr'><em>”Cicero-</em></span> <span class='ocrx_word' id='word_1_127' title='bbox 2374 1615 2425 1655; x_wconf 86' lang='lat'><em>15</em></span> 
     </span>
     <span class='ocr_line' id='line_1_17' title="bbox 328 1679 2343 1760; baseline 0 -16"><span class='ocrx_word' id='word_1_128' title='bbox 328 1681 431 1745; x_wconf 90' lang='lat' dir='ltr'><em>nis</em></span> <span class='ocrx_word' id='word_1_129' title='bbox 465 1680 695 1745; x_wconf 88' lang='lat' dir='ltr'><em>dictum</em></span> <span class='ocrx_word' id='word_1_130' title='bbox 728 1679 990 1758; x_wconf 84' lang='lat' dir='ltr'><em>refertur</em></span> <span class='ocrx_word' id='word_1_131' title='bbox 1024 1679 1095 1742; x_wconf 90' lang='lat' dir='ltr'><em>in</em></span> <span class='ocrx_word' id='word_1_132' title='bbox 1130 1700 1283 1754; x_wconf 88' lang='lat' dir='ltr'><em>eum,</em></span> <span class='ocrx_word' id='word_1_133' title='bbox 1330 1680 1439 1759; x_wconf 79' lang='lat' dir='ltr'><em>qui</em></span> <span class='ocrx_word' id='word_1_134' title='bbox 1474 1680 1648 1760; x_wconf 77' lang='lat' dir='ltr'><em>coqui</em></span> <span class='ocrx_word' id='word_1_135' title='bbox 1680 1680 1853 1760; x_wconf 75' lang='lat' dir='ltr'><em>filius</em></span> <span class='ocrx_word' id='word_1_136' title='bbox 1885 1700 2085 1745; x_wconf 88' lang='lat' dir='ltr'><em>secum</em></span> <span class='ocrx_word' id='word_1_137' title='bbox 2120 1702 2343 1746; x_wconf 87' lang='lat' dir='ltr'><em>causas</em></span> 
     </span>
     <span class='ocr_line' id='line_1_18' title="bbox 330 1766 2347 1851; baseline 0.001 -20"><span class='ocrx_word' id='word_1_138' title='bbox 330 1768 570 1849; x_wconf 71' lang='lat' dir='ltr'><em>ayebat:</em></span> <span class='ocrx_word' id='word_1_139' title='bbox 630 1766 730 1829; x_wconf 89' lang='lat' dir='ltr'><em>Tu</em></span> <span class='ocrx_word' id='word_1_140' title='bbox 795 1786 1047 1849; x_wconf 89' lang='lat' dir='ltr'><em>quoque</em></span> <span class='ocrx_word' id='word_1_141' title='bbox 1104 1766 1330 1830; x_wconf 87' lang='lat' dir='ltr'><em>aderas</em></span> <span class='ocrx_word' id='word_1_142' title='bbox 1395 1766 1545 1831; x_wconf 87' lang='lat' dir='ltr'><em>huic</em></span> <span class='ocrx_word' id='word_1_143' title='bbox 1600 1788 1847 1831; x_wconf 86' lang='lat' dir='ltr'><em>causae.</em></span> <span class='ocrx_word' id='word_1_144' title='bbox 1947 1768 2118 1833; x_wconf 90' lang='lat' dir='ltr'><em>Nam</em></span> <span class='ocrx_word' id='word_1_145' title='bbox 2173 1773 2347 1851; x_wconf 77' lang='lat' dir='ltr'><em>apud</em></span> 
     </span>
     <span class='ocr_line' id='line_1_19' title="bbox 329 1853 2341 1938; baseline 0.001 -18"><span class='ocrx_word' id='word_1_146' title='bbox 329 1861 546 1920; x_wconf 88' lang='lat' dir='ltr'><em>veteres</em></span> <span class='ocrx_word' id='word_1_147' title='bbox 585 1853 847 1934; x_wconf 72' lang='lat' dir='ltr'><em>ecoquus’</em></span> <span class='ocrx_word' id='word_1_148' title='bbox 883 1874 1010 1918; x_wconf 90' lang='lat' dir='ltr'><em>non</em></span> <span class='ocrx_word' id='word_1_149' title='bbox 1043 1874 1159 1935; x_wconf 79' lang='lat' dir='ltr'><em>per</em></span> <span class='ocrx_word' id='word_1_150' title='bbox 1199 1875 1231 1918; x_wconf 92' lang='lat' dir='ltr'><em>c</em></span> <span class='ocrx_word' id='word_1_151' title='bbox 1274 1856 1557 1938; x_wconf 81' lang='lat' dir='ltr'><em>litteram,</em></span> <span class='ocrx_word' id='word_1_152' title='bbox 1601 1857 1706 1921; x_wconf 89' lang='lat' dir='ltr'><em>sed</em></span> <span class='ocrx_word' id='word_1_153' title='bbox 1726 1876 1845 1936; x_wconf 79' lang='lat' dir='ltr'><em>per</em></span> <span class='ocrx_word' id='word_1_154' title='bbox 1879 1877 1918 1938; x_wconf 78' lang='lat' dir='ltr'><em>q</em></span> <span class='ocrx_word' id='word_1_155' title='bbox 1951 1857 2341 1923; x_wconf 78' lang='lat' dir='ltr'><em>scribebatur.</em></span> 
     </span>
    </p>

    <p class='ocr_par' dir='ltr' id='par_1_5' title="bbox 332 1941 2427 2290">
     <span class='ocr_line' id='line_1_20' title="bbox 469 1941 2347 2029; baseline 0.003 -23"><span class='ocrx_word' id='word_1_156' title='bbox 469 1942 568 2008; x_wconf 91' lang='grc'><em>10.</em></span> <span class='ocrx_word' id='word_1_157' title='bbox 629 1942 904 2007; x_wconf 89' lang='lat' dir='ltr'><em>Macrob.</em></span> <span class='ocrx_word' id='word_1_158' title='bbox 966 1941 1098 2007; x_wconf 86' lang='lat' dir='ltr'><em>Sat.</em></span> <span class='ocrx_word' id='word_1_159' title='bbox 1161 1943 1253 2007; x_wconf 94' lang='lat' dir='ltr'><em>II</em></span> <span class='ocrx_word' id='word_1_160' title='bbox 1303 1948 1363 2008; x_wconf 95' lang='lat'><em>3.</em></span> <span class='ocrx_word' id='word_1_161' title='bbox 1426 1948 1473 2009; x_wconf 80' lang='lat'><strong><em>2</em></strong></span> <span class='ocrx_word' id='word_1_162' title='bbox 1534 1944 1629 2009; x_wconf 96' lang='lat' dir='ltr'><strong><em>M</em></strong></span> <span class='ocrx_word' id='word_1_163' title='bbox 1693 1943 1898 2010; x_wconf 80' lang='lat' dir='ltr'><em>Cicero</em></span> <span class='ocrx_word' id='word_1_164' title='bbox 1963 1966 2101 2010; x_wconf 88' lang='lat' dir='ltr'><em>cum</em></span> <span class='ocrx_word' id='word_1_165' title='bbox 2173 1950 2347 2029; x_wconf 79' lang='lat' dir='ltr'><em>apud</em></span> 
     </span>
     <span class='ocr_line' id='line_1_21' title="bbox 332 2032 2427 2115; baseline -0 -18"><span class='ocrx_word' id='word_1_166' title='bbox 332 2032 789 2114; x_wconf 77' lang='lat' dir='ltr'><em>Damasippum</em></span> <span class='ocrx_word' id='word_1_167' title='bbox 824 2036 1065 2096; x_wconf 88' lang='lat' dir='ltr'><em>cenaret</em></span> <span class='ocrx_word' id='word_1_168' title='bbox 1097 2036 1155 2096; x_wconf 91' lang='lat' dir='ltr'><em>et</em></span> <span class='ocrx_word' id='word_1_169' title='bbox 1190 2033 1293 2097; x_wconf 89' lang='lat' dir='ltr'><em>ille</em></span> <span class='ocrx_word' id='word_1_170' title='bbox 1336 2034 1625 2097; x_wconf 88' lang='lat' dir='ltr'><em>mediocri</em></span> <span class='ocrx_word' id='word_1_171' title='bbox 1667 2035 1808 2098; x_wconf 87' lang='lat' dir='ltr'><em>vino</em></span> <span class='ocrx_word' id='word_1_172' title='bbox 1839 2036 2043 2115; x_wconf 76' lang='lat' dir='ltr'><em>posito</em></span> <span class='ocrx_word' id='word_1_173' title='bbox 2088 2036 2341 2101; x_wconf 89' lang='lat' dir='ltr'><em>diceret:</em></span> <span class='ocrx_word' id='word_1_174' title='bbox 2370 2057 2427 2096; x_wconf 76' lang='lat'><em>20</em></span> 
     </span>
     <span class='ocr_line' id='line_1_22' title="bbox 335 2120 2342 2209; baseline 0.003 -26.055"><span class='ocrx_word' id='word_1_175' title='bbox 335 2120 563 2184; x_wconf 88' lang='lat' dir='ltr'><em>Bibite</em></span> <span class='ocrx_word' id='word_1_176' title='bbox 605 2120 949 2184; x_wconf 86' lang='lat' dir='ltr'><em>Falernum</em></span> <span class='ocrx_word' id='word_1_177' title='bbox 993 2120 1118 2197; x_wconf 80' lang='lat' dir='ltr'><em>hoc,</em></span> <span class='ocrx_word' id='word_1_178' title='bbox 1162 2142 1471 2185; x_wconf 86' lang='lat' dir='ltr'><em>annorum</em></span> <span class='ocrx_word' id='word_1_179' title='bbox 1514 2123 1930 2203; x_wconf 74' lang='lat' dir='ltr'><em>quadrayinta</em></span> <span class='ocrx_word' id='word_1_180' title='bbox 1971 2121 2099 2205; x_wconf 83' lang='lat' dir='ltr'><em>est&#39;‚</em></span> <span class='ocrx_word' id='word_1_181' title='bbox 2145 2122 2342 2209; x_wconf 88' lang='lat' dir='ltr'><em>Bene,</em></span> 
     </span>
     <span class='ocr_line' id='line_1_23' title="bbox 333 2208 1073 2291; baseline -0.004 -16.996"><span class='ocrx_word' id='word_1_182' title='bbox 333 2210 555 2291; x_wconf 78' lang='lat' dir='ltr'><em>inquit,</em></span> <span class='ocrx_word' id='word_1_183' title='bbox 603 2212 883 2273; x_wconf 75' lang='lat' dir='ltr'><em>aetatem</em></span> <span class='ocrx_word' id='word_1_184' title='bbox 927 2208 1073 2272; x_wconf 75' lang='lat' dir='ltr'><em>fert.</em></span> 
     </span>
    </p>

    <p class='ocr_par' dir='ltr' id='par_1_6' title="bbox 328 2297 2428 2646">
     <span class='ocr_line' id='line_1_24' title="bbox 468 2297 2343 2376; baseline 0.003 -16"><span class='ocrx_word' id='word_1_185' title='bbox 468 2299 565 2360; x_wconf 89' lang='lat'><em>11.</em></span> <span class='ocrx_word' id='word_1_186' title='bbox 606 2297 863 2376; x_wconf 75' lang='lat' dir='ltr'><em>Quintil.</em></span> <span class='ocrx_word' id='word_1_187' title='bbox 902 2298 1086 2362; x_wconf 88' lang='lat' dir='ltr'><strong><em>VIII</em></strong></span> <span class='ocrx_word' id='word_1_188' title='bbox 1110 2304 1168 2363; x_wconf 92' lang='lat'><em>3.</em></span> <span class='ocrx_word' id='word_1_189' title='bbox 1204 2302 1288 2363; x_wconf 77' lang='lat'><em>54</em></span> <span class='ocrx_word' id='word_1_190' title='bbox 1323 2299 1696 2363; x_wconf 86' lang='lat' dir='ltr'><em>Emendavit</em></span> <span class='ocrx_word' id='word_1_191' title='bbox 1725 2299 1835 2363; x_wconf 78' lang='lat' dir='ltr'><em>hoc</em></span> <span class='ocrx_word' id='word_1_192' title='bbox 1877 2301 2063 2363; x_wconf 87' lang='lat' dir='ltr'><em>etiam</em></span> <span class='ocrx_word' id='word_1_193' title='bbox 2106 2301 2343 2366; x_wconf 81' lang='lat' dir='ltr'><em>urbane</em></span> 
     </span>
     <span class='ocr_line' id='line_1_25' title="bbox 328 2383 2341 2469; baseline 0.001 -19"><span class='ocrx_word' id='word_1_194' title='bbox 328 2387 398 2450; x_wconf 89' lang='lat' dir='ltr'><em>in</em></span> <span class='ocrx_word' id='word_1_195' title='bbox 452 2386 670 2451; x_wconf 83' lang='lat' dir='ltr'><em>Hirtio</em></span> <span class='ocrx_word' id='word_1_196' title='bbox 724 2383 958 2467; x_wconf 80' lang='lat' dir='ltr'><em>Cicero,</em></span> <span class='ocrx_word' id='word_1_197' title='bbox 1011 2387 1113 2451; x_wconf 89' lang='lat' dir='ltr'><em>cui</em></span> <span class='ocrx_word' id='word_1_198' title='bbox 1124 2437 1141 2468; x_wconf 93' lang='lat'><strong><em>,</em></strong></span> <span class='ocrx_word' id='word_1_199' title='bbox 1198 2388 1398 2451; x_wconf 88' lang='lat' dir='ltr'><em>stasin</em></span> <span class='ocrx_word' id='word_1_200' title='bbox 1450 2408 1588 2452; x_wconf 88' lang='lat' dir='ltr'><em>cum</em></span> <span class='ocrx_word' id='word_1_201' title='bbox 1641 2388 1988 2453; x_wconf 89' lang='lat' dir='ltr'><em>declamans</em></span> <span class='ocrx_word' id='word_1_202' title='bbox 2037 2389 2243 2469; x_wconf 74' lang='lat' dir='ltr'><em>filium</em></span> <span class='ocrx_word' id='word_1_203' title='bbox 2300 2411 2341 2453; x_wconf 92' lang='lat' dir='ltr'><em>a</em></span> 
     </span>
     <span class='ocr_line' id='line_1_26' title="bbox 328 2474 2428 2575; baseline -0.002 -36"><span class='ocrx_word' id='word_1_204' title='bbox 328 2480 525 2539; x_wconf 89' lang='lat' dir='ltr'><em>matre</em></span> <span class='ocrx_word' id='word_1_205' title='bbox 547 2476 745 2539; x_wconf 88' lang='lat' dir='ltr'><em>decem</em></span> <span class='ocrx_word' id='word_1_206' title='bbox 771 2474 1076 2575; x_wconf 80' lang='lat' dir='ltr'><em>mensibus</em></span> <span class='ocrx_word' id='word_1_207' title='bbox 1109 2476 1178 2538; x_wconf 91' lang='lat' dir='ltr'><em>in</em></span> <span class='ocrx_word' id='word_1_208' title='bbox 1213 2481 1381 2539; x_wconf 88' lang='lat' dir='ltr'><em>utero</em></span> <span class='ocrx_word' id='word_1_209' title='bbox 1420 2476 1615 2540; x_wconf 88' lang='lat' dir='ltr'><em>latum</em></span> <span class='ocrx_word' id='word_1_210' title='bbox 1649 2496 1772 2541; x_wconf 88' lang='lat' dir='ltr'><em>esse</em></span> <span class='ocrx_word' id='word_1_211' title='bbox 1804 2477 2089 2541; x_wconf 78' lang='lat' dir='ltr'><em>dixisset:</em></span> <span class='ocrx_word' id='word_1_212' title='bbox 2127 2474 2339 2552; x_wconf 80' lang='lat' dir='ltr'><em>Quid?</em></span> <span class='ocrx_word' id='word_1_213' title='bbox 2370 2497 2428 2536; x_wconf 80' lang='lat'><em>25</em></span> 
     </span>
     <span class='ocr_line' id='line_1_27' title="bbox 330 2562 1694 2646; baseline 0.001 -19"><span class='ocrx_word' id='word_1_214' title='bbox 330 2563 521 2644; x_wconf 82' lang='lat' dir='ltr'><em>aliae,</em></span> <span class='ocrx_word' id='word_1_215' title='bbox 567 2564 793 2645; x_wconf 81' lang='lat' dir='ltr'><em>inquit,</em></span> <span class='ocrx_word' id='word_1_216' title='bbox 837 2562 908 2626; x_wconf 88' lang='lat' dir='ltr'><em>in</em></span> <span class='ocrx_word' id='word_1_217' title='bbox 950 2563 1178 2646; x_wconf 87' lang='lat' dir='ltr'><em>perula</em></span> <span class='ocrx_word' id='word_1_218' title='bbox 1224 2564 1437 2627; x_wconf 75' lang='lat' dir='ltr'><em>solent</em></span> <span class='ocrx_word' id='word_1_219' title='bbox 1480 2563 1694 2628; x_wconf 80' lang='lat' dir='ltr'><em>ferre?</em></span> 
     </span>
    </p>

    <p class='ocr_par' dir='ltr' id='par_1_7' title="bbox 328 2614 2341 2915">
     <span class='ocr_line' id='line_1_28' title="bbox 467 2614 2340 2736; baseline 0.003 -22"><span class='ocrx_word' id='word_1_220' title='bbox 467 2614 567 2714; x_wconf 78' lang='lat'><em>1&#39;2.</em></span> <span class='ocrx_word' id='word_1_221' title='bbox 610 2651 884 2716; x_wconf 89' lang='lat' dir='ltr'><em>Macrob.</em></span> <span class='ocrx_word' id='word_1_222' title='bbox 926 2649 1058 2715; x_wconf 85' lang='lat' dir='ltr'><em>Sat.</em></span> <span class='ocrx_word' id='word_1_223' title='bbox 1093 2650 1186 2715; x_wconf 94' lang='lat' dir='ltr'><em>II</em></span> <span class='ocrx_word' id='word_1_224' title='bbox 1211 2656 1271 2716; x_wconf 90' lang='lat'><em>3.</em></span> <span class='ocrx_word' id='word_1_225' title='bbox 1306 2657 1351 2716; x_wconf 90' lang='lat'><em>3</em></span> <span class='ocrx_word' id='word_1_226' title='bbox 1394 2653 1570 2716; x_wconf 90' lang='lat' dir='ltr'><em>Idem</em></span> <span class='ocrx_word' id='word_1_227' title='bbox 1617 2672 1756 2717; x_wconf 89' lang='lat' dir='ltr'><em>cum</em></span> <span class='ocrx_word' id='word_1_228' title='bbox 1792 2652 2124 2717; x_wconf 85' lang='lat' dir='ltr'><em>Lentulum</em></span> <span class='ocrx_word' id='word_1_229' title='bbox 2164 2674 2340 2736; x_wconf 75' lang='lat' dir='ltr'><em>yene-</em></span> 
     </span>
     <span class='ocr_line' id='line_1_29' title="bbox 328 2740 2341 2824; baseline 0.003 -23"><span class='ocrx_word' id='word_1_230' title='bbox 328 2760 470 2804; x_wconf 87' lang='lat' dir='ltr'><em>rum</em></span> <span class='ocrx_word' id='word_1_231' title='bbox 503 2759 703 2821; x_wconf 88' lang='lat' dir='ltr'><em>suum,</em></span> <span class='ocrx_word' id='word_1_232' title='bbox 739 2740 991 2821; x_wconf 72' lang='lat' dir='ltr'><em>exiyuae</em></span> <span class='ocrx_word' id='word_1_233' title='bbox 1022 2744 1295 2804; x_wconf 85' lang='lat' dir='ltr'><em>staturae</em></span> <span class='ocrx_word' id='word_1_234' title='bbox 1320 2740 1639 2822; x_wconf 82' lang='lat' dir='ltr'><em>hominem,</em></span> <span class='ocrx_word' id='word_1_235' title='bbox 1677 2741 1851 2823; x_wconf 65' lang='lat' dir='ltr'><em>longo</em></span> <span class='ocrx_word' id='word_1_236' title='bbox 1875 2741 2084 2824; x_wconf 74' lang='lat' dir='ltr'><em>yladio</em></span> <span class='ocrx_word' id='word_1_237' title='bbox 2111 2744 2341 2807; x_wconf 82' lang='lat' dir='ltr'><em>accine—</em></span> 
     </span>
     <span class='ocr_line' id='line_1_30' title="bbox 331 2825 2341 2915; baseline 0.001 -24"><span class='ocrx_word' id='word_1_238' title='bbox 331 2833 461 2892; x_wconf 89' lang='lat' dir='ltr'><em>tum</em></span> <span class='ocrx_word' id='word_1_239' title='bbox 503 2828 779 2896; x_wconf 87' lang='lat' dir='ltr'><em>vidisset:</em></span> <span class='ocrx_word' id='word_1_240' title='bbox 827 2825 1002 2910; x_wconf 85' lang='lat' dir='ltr'><em>Quis,</em></span> <span class='ocrx_word' id='word_1_241' title='bbox 1047 2829 1265 2909; x_wconf 78' lang='lat' dir='ltr'><em>inquit,</em></span> <span class='ocrx_word' id='word_1_242' title='bbox 1313 2850 1619 2913; x_wconf 82' lang='lat' dir='ltr'><em>generum</em></span> <span class='ocrx_word' id='word_1_243' title='bbox 1667 2851 1881 2893; x_wconf 90' lang='lat' dir='ltr'><em>meum</em></span> <span class='ocrx_word' id='word_1_244' title='bbox 1927 2829 2010 2894; x_wconf 85' lang='lat' dir='ltr'><em>ad</em></span> <span class='ocrx_word' id='word_1_245' title='bbox 2047 2829 2341 2915; x_wconf 83' lang='lat' dir='ltr'><em>gladium</em></span> 
     </span>
    </p>
   </div>
   <div class='ocr_carea' id='block_1_3' title="bbox 327 2915 2434 3196">
    <p class='ocr_par' dir='ltr' id='par_1_8' title="bbox 327 2915 2434 3177">
     <span class='ocr_line' id='line_1_31' title="bbox 330 2915 2434 3001; baseline -0.001 -21"><span class='ocrx_word' id='word_1_246' title='bbox 330 2915 690 3001; x_wconf 73' lang='lat' dir='ltr'><em>adligavit?</em></span> <span class='ocrx_word' id='word_1_247' title='bbox 2373 2938 2434 2978; x_wconf 75' lang='grc' dir='ltr'>ω</span> 
     </span>
     <span class='ocr_line' id='line_1_32' title="bbox 467 3004 2344 3083; baseline 0.003 -16"><span class='ocrx_word' id='word_1_248' title='bbox 467 3006 564 3068; x_wconf 85' lang='grc'><em>13.</em></span> <span class='ocrx_word' id='word_1_249' title='bbox 615 3004 869 3083; x_wconf 77' lang='lat' dir='ltr'><em>Quintil.</em></span> <span class='ocrx_word' id='word_1_250' title='bbox 927 3004 1028 3068; x_wconf 90' lang='lat' dir='ltr'><em>VI</em></span> <span class='ocrx_word' id='word_1_251' title='bbox 1061 3010 1121 3069; x_wconf 90' lang='lat'><em>3.</em></span> <span class='ocrx_word' id='word_1_252' title='bbox 1167 3010 1251 3069; x_wconf 88' lang='lat'><em>96</em></span> <span class='ocrx_word' id='word_1_253' title='bbox 1295 3006 1620 3070; x_wconf 88' lang='lat' dir='ltr'><em>Adiuvant</em></span> <span class='ocrx_word' id='word_1_254' title='bbox 1660 3007 2072 3071; x_wconf 88' lang='lat' dir='ltr'><em>urbanitatem</em></span> <span class='ocrx_word' id='word_1_255' title='bbox 2115 3011 2174 3071; x_wconf 94' lang='lat' dir='ltr'><em>et</em></span> <span class='ocrx_word' id='word_1_256' title='bbox 2213 3028 2344 3072; x_wconf 88' lang='lat' dir='ltr'><em>ver·</em></span> 
     </span>
     <span class='ocr_line' id='line_1_33' title="bbox 327 3094 2346 3196; baseline 0.001 -39"><span class='ocrx_word' id='word_1_257' title='bbox 327 3113 433 3157; x_wconf 90' lang='lat' dir='ltr'><em>sus</em></span> <span class='ocrx_word' id='word_1_258' title='bbox 478 3094 779 3157; x_wconf 87' lang='lat' dir='ltr'><em>commode</em></span> <span class='ocrx_word' id='word_1_259' title='bbox 817 3094 1029 3174; x_wconf 80' lang='lat' dir='ltr'><em>positi,</em></span> <span class='ocrx_word' id='word_1_260' title='bbox 1087 3096 1378 3175; x_wconf 79' lang='lat' dir='ltr'><em>-quod</em></span> <span class='ocrx_word' id='word_1_261' title='bbox 1427 3095 1502 3174; x_wconf 74' lang='lat' dir='ltr'><em>fit</em></span> <span class='ocrx_word' id='word_1_262' title='bbox 1543 3096 1814 3196; x_wconf 69' lang='lat' dir='ltr'><em>²oratius,</em></span> <span class='ocrx_word' id='word_1_263' title='bbox 1867 3097 1928 3159; x_wconf 89' lang='lat' dir='ltr'><em>si</em></span> <span class='ocrx_word' id='word_1_264' title='bbox 1978 3116 2104 3177; x_wconf 79' lang='lat' dir='ltr'><em>qua</em></span> <span class='ocrx_word' id='word_1_265' title='bbox 2154 3097 2346 3160; x_wconf 88' lang='lat' dir='ltr'><em>etiam</em></span> 
     </span>
    </p>
   </div>
   <div class='ocr_carea' id='block_1_4' title="bbox 275 3181 2436 3419">
    <p class='ocr_par' dir='ltr' id='par_1_9' title="bbox 321 3181 2436 3419">
     <span class='ocr_line' id='line_1_34' title="bbox 328 3181 2345 3263; baseline 0.001 -19"><span class='ocrx_word' id='word_1_266' title='bbox 328 3182 721 3262; x_wconf 73' lang='lat' dir='ltr'><em>ambiyuitate</em></span> <span class='ocrx_word' id='word_1_267' title='bbox 774 3182 1079 3263; x_wconf 81' lang='lat' dir='ltr'><em>conditur,</em></span> <span class='ocrx_word' id='word_1_268' title='bbox 1140 3185 1213 3245; x_wconf 89' lang='lat' dir='ltr'><em>ut</em></span> <span class='ocrx_word' id='word_1_269' title='bbox 1263 3181 1468 3248; x_wconf 84' lang='lat' dir='ltr'><em>Cicero</em></span> <span class='ocrx_word' id='word_1_270' title='bbox 1528 3185 1600 3247; x_wconf 91' lang='lat' dir='ltr'><em>in</em></span> <span class='ocrx_word' id='word_1_271' title='bbox 1652 3183 1971 3255; x_wconf 89' lang='lat' dir='ltr'><em>Lartium,</em></span> <span class='ocrx_word' id='word_1_272' title='bbox 2035 3184 2345 3248; x_wconf 80' lang='lat' dir='ltr'><em>hominem</em></span> 
     </span>
     <span class='ocr_line' id='line_1_35' title="bbox 275 3266 2436 3419; baseline 0.002 -87.109"><span class='ocrx_word' id='word_1_273' title='bbox 275 3266 648 3419; x_wconf 37' lang='grc' dir='ltr'><em>ἶῖζῑὶἔςιὲἒῖἷ</em></span> <span class='ocrx_word' id='word_1_274' title='bbox 664 3274 723 3332; x_wconf 91' lang='lat' dir='ltr'><em>et</em></span> <span class='ocrx_word' id='word_1_275' title='bbox 762 3275 1095 3352; x_wconf 83' lang='lat' dir='ltr'><em>versutum,</em></span> <span class='ocrx_word' id='word_1_276' title='bbox 1154 3290 1292 3334; x_wconf 88' lang='lat' dir='ltr'><em>cum</em></span> <span class='ocrx_word' id='word_1_277' title='bbox 1338 3272 1394 3335; x_wconf 90' lang='lat' dir='ltr'><em>is</em></span> <span class='ocrx_word' id='word_1_278' title='bbox 1436 3272 1507 3334; x_wconf 89' lang='lat' dir='ltr'><em>in</em></span> <span class='ocrx_word' id='word_1_279' title='bbox 1560 3273 1830 3351; x_wconf 81' lang='lat' dir='ltr'><em>quadam</em></span> <span class='ocrx_word' id='word_1_280' title='bbox 1875 3293 2063 3337; x_wconf 88' lang='lat' dir='ltr'><em>causa</em></span> <span class='ocrx_word' id='word_1_281' title='bbox 2106 3292 2342 3354; x_wconf 72' lang='lat' dir='ltr'><em>suspec-</em></span> <span class='ocrx_word' id='word_1_282' title='bbox 2376 3378 2436 3419; x_wconf 56' lang='lat'><em>³⁵</em></span> 
     </span>
    </p>
   </div>
   <div class='ocr_carea' id='block_1_5' title="bbox 469 3441 2348 3619">
    <p class='ocr_par' dir='ltr' id='par_1_10' title="bbox 469 3441 2348 3619">
     <span class='ocr_line' id='line_1_36' title="bbox 623 3441 2037 3526; baseline 0.006 -21"><span class='ocrx_word' id='word_1_283' title='bbox 623 3441 771 3506; x_wconf 85' lang='lat' dir='ltr'><em>Nisi</em></span> <span class='ocrx_word' id='word_1_284' title='bbox 816 3442 878 3506; x_wconf 80' lang='lat' dir='ltr'><em>sl&#39;</em></span> <span class='ocrx_word' id='word_1_285' title='bbox 921 3466 1048 3526; x_wconf 88' lang='lat' dir='ltr'><em>qua</em></span> <span class='ocrx_word' id='word_1_286' title='bbox 1093 3444 1318 3508; x_wconf 85' lang='lat' dir='ltr'><em>Ulixes</em></span> <span class='ocrx_word' id='word_1_287' title='bbox 1366 3444 1712 3511; x_wconf 74' lang='lat' dir='ltr'><em>intervasit</em></span> <span class='ocrx_word' id='word_1_288' title='bbox 1759 3447 2037 3513; x_wconf 79' lang='lat' dir='ltr'><em>Lartius,</em></span> 
     </span>
     <span class='ocr_line' id='line_1_37' title="bbox 469 3528 2348 3619; baseline 0.008 -32"><span class='ocrx_word' id='word_1_289' title='bbox 469 3528 566 3588; x_wconf 87' lang='grc'><em>14.</em></span> <span class='ocrx_word' id='word_1_290' title='bbox 602 3530 875 3594; x_wconf 89' lang='lat' dir='ltr'><em>Macrob.</em></span> <span class='ocrx_word' id='word_1_291' title='bbox 911 3530 1042 3594; x_wconf 83' lang='lat' dir='ltr'><em>Sat.</em></span> <span class='ocrx_word' id='word_1_292' title='bbox 1088 3533 1230 3595; x_wconf 86' lang='lat' dir='ltr'><em>VII</em></span> <span class='ocrx_word' id='word_1_293' title='bbox 1256 3540 1312 3597; x_wconf 90' lang='lat'><em>3.</em></span> <span class='ocrx_word' id='word_1_294' title='bbox 1355 3539 1397 3597; x_wconf 85' lang='lat'><em>7</em></span> <span class='ocrx_word' id='word_1_295' title='bbox 1435 3534 1734 3619; x_wconf 86' lang='lat' dir='ltr'><em>Octavius,</em></span> <span class='ocrx_word' id='word_1_296' title='bbox 1779 3538 1888 3618; x_wconf 78' lang='lat' dir='ltr'><em>qui</em></span> <span class='ocrx_word' id='word_1_297' title='bbox 1921 3538 2077 3601; x_wconf 85' lang='lat' dir='ltr'><em>natu</em></span> <span class='ocrx_word' id='word_1_298' title='bbox 2121 3538 2348 3602; x_wconf 86' lang='lat' dir='ltr'><em>nobilis</em></span> 
     </span>
    </p>
   </div>
  </div>
 </body>
</html>
