2630 3913
372 209 501 273 110
1157 206 1253 261 DE
1293 205 1592 260 ochns

368 371 624 442 solum,
656 369 878 433 nobis
926 368 1210 431 divites
1257 388 1423 431 esse
1469 369 1849 450 volumus,
1896 367 2027 432 sed
2072 367 2378 453 liberis,

365 458 852 544 propinquis,
925 455 1192 520 amicis
1266 476 1757 538 maxumeque
1820 455 1934 519 rei
2001 456 2377 540 publicae.

367 545 861 632 Singulorum
908 544 1107 609 enim
1150 543 1581 609 facultates
1627 547 1703 606 et
1739 543 2003 628 copiae
2050 544 2377 609 divitiae

368 639 546 700 sunt
581 630 979 698 civitatis?
1043 631 1214 695 Huic
1242 629 1590 696 Scaevolae
1616 630 1881 715 factum,
1919 632 1996 695 de
2024 654 2151 716 quo
2180 633 2377 717 paulo

367 728 519 788 ante
565 721 722 805 dixi,
766 721 1019 806 placere
1063 719 1246 784 nullo
1293 719 1484 784 modo
1529 723 1775 805 potest3
1830 721 2069 784 etenim
2116 721 2376 787 omnino
2430 737 2458 779 ο

366 815 621 875 tantum
668 830 736 874 se
781 812 980 894 negat
1023 808 1349 873 facturum
1396 807 1758 892 compendii
1804 808 1905 872 sui
1949 830 2160 893 causa,
2207 809 2379 892 quod

365 921 497 963 non
532 898 743 962 liceat.
805 896 975 961 Huic
1010 918 1128 968 nec
1163 897 1305 960 laus
1344 918 1584 982 magna
1619 896 1964 960 tribuenda
1997 917 2116 961 nec
2163 897 2378 982 gratia

263 1005 330 1054 64
367 991 484 1052 est.
549 983 690 1069 Sed,
729 985 863 1049 sive
883 988 967 1071 ⁴et
1005 983 1334 1049 simulatio
1373 988 1440 1049 et
1476 984 1908 1049 dissimulatio
1947 984 2131 1050 dolus
2166 985 2376 1049 malus

366 1080 492 1159 est,
545 1094 903 1159 perpaucae
959 1095 1061 1137 res
1119 1075 1297 1156 sunt,
1354 1072 1422 1136 in
1479 1072 1710 1156 quibus
1755 1094 1890 1137 non
1934 1072 2120 1138 dolus
2166 1075 2377 1138 malus

362 1164 489 1228 iste
534 1165 846 1245 versetur,
892 1161 1027 1225 sive
1072 1161 1173 1226 vir
1217 1160 1426 1225 bonus
1474 1165 1575 1225 est
1617 1161 1702 1244 is,
1750 1161 1860 1244 qui
1903 1161 2195 1245 prodest,
2242 1162 2376 1245 qui-
2405 1181 2457 1221 10

364 1252 486 1316 bus
533 1254 780 1336 potest,
829 1253 1021 1314 nocet
1073 1249 1343 1332 nemini,
1401 1252 1570 1314 certe
1624 1249 1825 1313 istum
1877 1248 2089 1314 virum
2134 1250 2377 1314 bonum

363 1362 497 1405 non
538 1339 728 1403 facile
775 1337 1149 1422 reperimus,
1220 1335 1593 1421 Numquam
1637 1337 1841 1422 igitur
1886 1341 1986 1401 est
2030 1338 2192 1402 utile
2236 1360 2376 1423 pec-

365 1450 539 1510 care,
587 1427 740 1511 quia
785 1446 1038 1510 semper
1084 1429 1184 1489 est
1227 1429 1442 1509 turpe,
1490 1429 1580 1508 et,
1628 1426 1779 1509 quia
1823 1447 2075 1510 semper
2121 1430 2221 1490 est
2265 1427 2376 1492 ho-

362 1519 623 1580 nestum
668 1514 880 1578 virum
926 1515 1167 1578 bonum
1214 1534 1382 1596 esse,
1428 1534 1679 1597 semper
1724 1517 1825 1577 est
1866 1514 2043 1578 utile.

262 1577 346 1702 ἐξ
498 1603 596 1667 Ac
643 1603 719 1666 de
764 1602 903 1666 iure
950 1601 1207 1684 quidem
1252 1601 1664 1683 praediorum
1710 1605 2004 1666 sanctum
2052 1602 2223 1686 apud
2255 1625 2373 1668 nos
2404 1621 2455 1662 15

366 1695 467 1756 est
494 1691 631 1755 iure
660 1690 852 1771 civili,
888 1692 962 1753 ut
989 1689 1058 1752 in
1093 1689 1173 1753 iis
1210 1689 1558 1752 vendendis
1595 1689 1758 1754 vitia
1795 1690 2173 1773 dicerentur,
2212 1713 2375 1774 quae

362 1783 523 1843 nota
560 1781 775 1843 essent
811 1776 1148 1841 venditori.
1220 1775 1410 1860 Nam,
1456 1799 1603 1841 cum
1648 1800 1725 1842 ex
1763 1778 2096 1843 duodecim
2131 1779 2375 1843 tabulis

366 1867 528 1931 satis
570 1869 742 1930 esset
778 1886 854 1928 ea
889 1865 1235 1955 praestari,
1273 1886 1437 1948 quae
1476 1870 1692 1930 essent
1726 1865 1954 1951 lingua
1987 1871 2378 1952 nuncupata,

366 1976 530 2039 quae
569 1953 680 2038 qui
713 1952 1032 2018 infitiatus
1072 1956 1268 2040 esset,
1307 1952 1489 2039 dupli
1523 1976 1799 2038 poenam
1837 1954 2102 2039 subiret,
2140 1978 2179 2020 a
2213 1955 2373 2021 iuris

365 2043 678 2108 consultis
717 2041 914 2106 etiam
959 2041 1332 2106 reticentiae
1376 2063 1587 2126 poena
1634 2047 1733 2107 est
1777 2044 2156 2127 constituta3
2203 2044 2372 2128 quic·
2400 2063 2453 2103 πο

366 2130 520 2214 quid
566 2130 734 2195 enim
783 2133 953 2194 esset
988 2130 1058 2193 in
1092 2130 1354 2214 praedio
1392 2130 1554 2212 vitii,
1598 2130 1665 2194 id
1703 2135 2090 2215 statuerunt,
2135 2131 2193 2196 si
2227 2154 2373 2197 ven·

366 2220 537 2284 ditor
566 2219 776 2302 sciret,
804 2218 929 2282 nisi
955 2218 1342 2283 nominatim
1370 2218 1611 2283 dictum
1640 2224 1826 2302 esset,
1852 2221 2173 2305 praestari
2191 2242 2375 2305 opor-

260 2326 325 2375 66
363 2312 517 2372 tere.
591 2306 685 2372 Ut
749 2328 894 2371 cum
935 2306 1002 2370 in
1041 2328 1185 2371 arce
1223 2307 1566 2393 augurium
1602 2329 1878 2393 augures
1915 2308 2123 2372 acturi
2159 2313 2374 2373 essent

363 2350 828 2479 iussissentque
875 2393 971 2458 Ti.
1008 2393 1351 2460 Claudium
1396 2393 1867 2478 Centumalum,
1915 2396 2025 2479 qui
2071 2396 2258 2461 aedes
2304 2397 2374 2461 in

366 2483 584 2550 Caelio
631 2487 850 2548 monte
893 2482 1206 2567 habebat,
1262 2483 1557 2547 demoliri
1612 2506 1721 2567 ea,
1774 2506 2047 2567 quorum
2093 2485 2371 2550 altitudo
2401 2502 2458 2543 8⁵

365 2572 652 2638 officeret
697 2570 1027 2654 auspiciiS,
1082 2569 1389 2636 Claudius
1443 2571 1828 2656 proscripsit
1871 2572 2151 2637 insulam
2201 2576 2374 2653 [ven-

365 2660 574 2742 didit],
624 2658 781 2722 emit
824 2656 894 2721 P.
945 2655 1333 2742 Calpurnius
1370 2658 1702 2724 Lanarius.
1772 2657 1941 2725 Huic
1987 2661 2070 2725 ab
2118 2662 2374 2747 auguri-

363 2747 484 2811 bus
538 2746 701 2810 illud
754 2746 926 2809 idem
985 2746 1431 2810 denuntiatum
1494 2751 1611 2811 est.
1700 2746 1928 2831 Itaque
1984 2746 2372 2834 Calpurnius

363 2857 509 2900 cum
574 2833 917 2897 demolitus
992 2838 1163 2897 esset
1234 2840 1704 2920 cognossetque
1771 2834 2110 2901 Claudium
2183 2838 2372 2902 aedes

362 2928 591 3009 postea
636 2920 1124 3016 proscripsisse,
1174 2944 1366 3005 quam
1416 2928 1585 2987 esset
1630 2924 1712 2988 ab
1760 2924 2112 3009 auguribus
2161 2926 2373 2991 demo·
2402 2945 2459 2984 so

363 3012 471 3075 liri
540 3011 782 3093 iussus,
856 3009 1172 3073 arbitrum
1243 3010 1433 3074 illum
1501 3006 1749 3096 adegit,
1821 3030 2161 3091 QUIDQUID
2236 3032 2373 3078 SIBI

362 3118 550 3164 DARE
604 3115 876 3163 FACERE
935 3114 1349 3163 OPORTERET
1406 3117 1501 3163 Ex
1546 3117 1712 3163 FIDE
1768 3117 1976 3165 BONA.
2064 3100 2151 3165 M.
2206 3100 2372 3168 Cato

364 3187 752 3253 sententiam
799 3185 979 3269 dixit,
1023 3185 1214 3250 huius
1258 3187 1471 3252 nostri
1508 3185 1772 3252 Catonis
1817 3192 2004 3272 pater
2052 3187 2155 3274 (ut
2201 3191 2375 3254 enim

363 3276 560 3340 ceteri
606 3296 680 3338 ex
726 3274 1040 3359 patribus,
1086 3274 1178 3338 sic
1222 3274 1362 3360 hic7
1394 3274 1504 3359 qui
1546 3275 1710 3339 illud
1752 3275 1971 3340 lumen
2006 3278 2383 3363 progenuit,

364 3385 440 3426 ex
475 3362 611 3426 filio
651 3365 751 3425 est
785 3361 1244 3449 nominandus)
1272 3400 1360 3409 -—
1386 3363 1444 3427 is
1481 3363 1684 3449 igitur
1717 3363 1907 3429 iudex
1951 3364 2047 3429 ita
2091 3388 2371 3450 pronun·
2402 3384 2461 3425 aa

362 3450 578 3512 tiavit:
626 3449 793 3513 ‘cum
837 3449 906 3512 in
951 3450 1287 3515 vendundo
1336 3472 1470 3515 rem
1509 3473 1649 3515 eam
1692 3452 1920 3516 scisset
1956 3456 2020 3516 et
2056 3475 2188 3518 non
2225 3476 2372 3538 pro-

260 3551 324 3600 67
360 3536 743 3619 nuntiasset,
780 3537 1058 3622 emptori
1095 3537 1400 3603 damnum
1435 3540 1756 3624 praestari
1793 3540 2130 3626 oportere?
2187 3541 2370 3627 Ergo
