2630 3913
728 206 864 261 LIB.
904 208 972 264 II.
1040 206 1191 263 CAP.
1234 214 1459 264 14—16.
1524 214 1554 274 5
1593 214 1820 264 51—55.
2199 209 2283 274 75

268 370 495 437 multis
554 370 1069 456 promerendum.
1167 369 1508 435 Praeclare
1559 370 1629 434 in
1676 371 1957 456 epistula
2004 371 2281 455 quadam

270 458 713 524 Alexandrum
757 459 966 523 filium
1001 459 1343 543 Philippus
1381 463 1667 543 accusat,
1714 460 1885 543 quod
1931 460 2280 545 largitione

267 547 776 614 benivolentiam
804 547 1226 612 Macedonum
1254 552 1684 613 consectetur:
1723 547 1956 623 ‘Quae
1987 552 2089 630 te,
2126 572 2279 614 ma-

267 636 487 702 lum!'
532 636 778 721 inquit,
823 635 1061 701 ‘ratio
1116 636 1194 699 in
1255 636 1493 700 istam
1546 658 1756 721 spem
1812 637 2142 720 induxit,
2196 642 2280 702 ut

216 740 243 782 ὅ
270 748 399 791 eos
470 724 622 789 tibi
690 724 969 789 fideles
1033 729 1352 809 putares
1415 724 1616 807 fore,
1691 746 1879 809 quos
1952 727 2280 810 pecunia

270 813 809 898 corrupisses?
888 812 1002 876 An
1048 817 1132 877 tu
1167 812 1243 876 id
1289 813 1489 899 agis,
1526 817 1608 877 ut
1635 812 2086 879 Macedones
2131 837 2280 879 non
2342 846 2346 851 ·

268 908 345 967 te
389 923 649 987 regem
695 923 934 985 suum,
982 901 1110 964 sed
1157 901 1597 966 ministrum
1644 906 1718 966 et
1754 902 2279 987 praebitorem

272 994 585 1075 sperent
640 989 880 1054 fore‘?’
982 988 1154 1054 Bene
1210 988 1614 1054 ‘ministrum
1668 994 1735 1054 et
1787 991 2279 1076 praebitorem',

272 1079 426 1163 quia
472 1076 802 1143 sordidum
859 1079 1026 1164 regi,
1083 1078 1313 1142 melius
1363 1077 1587 1160 etiam,
1643 1079 1816 1162 quod
1862 1080 2279 1165 largitionem

189 1185 242 1225 ιο
270 1166 755 1252 ‘corruptelam’
803 1166 965 1230 dixit
1002 1188 1170 1249 esse3
1213 1165 1290 1230 fit
1328 1166 1497 1230 enim
1535 1167 1832 1251 deterior,
1880 1168 1991 1250 qui
2027 1169 2280 1252 accipit,

270 1260 466 1340 atque
520 1255 601 1319 ad
655 1255 824 1319 idem
880 1276 1133 1340 semper
1188 1254 1689 1338 exspectandum
1743 1256 2049 1339 paratior.
2138 1256 2280 1322 Hoc
2317 1271 2384 1321 54

267 1344 386 1408 ille
437 1343 602 1427 filio,
657 1344 770 1408 sed
825 1347 1243 1427 praeceptum
1298 1346 1600 1427 putemus
1657 1345 1973 1409 omnibus.
2073 1343 2281 1418 Quam

269 1433 356 1498 ob
394 1453 532 1496 rem
558 1431 627 1497 id
664 1431 921 1516 quidem
957 1453 1089 1496 non
1116 1431 1382 1495 dubium
1412 1436 1537 1515 est,
1566 1432 1721 1516 quin
1748 1432 1866 1496 illa
1894 1432 2281 1519 benignitaS,

272 1542 438 1606 quae
484 1523 739 1585 constet
794 1542 870 1584 ex
926 1541 1124 1606 opera
1178 1524 1244 1583 et
1296 1520 1647 1604 industria,
1702 1524 1769 1585 et
1813 1521 2148 1586 honestior
2195 1521 2282 1586 sit

191 1628 244 1668 ιο
274 1614 339 1675 et
379 1609 576 1674 latius
614 1613 838 1693 pateat
874 1612 940 1672 et
975 1608 1187 1692 possit
1221 1608 1527 1693 prodesse
1564 1609 1887 1694 pluribu83
1929 1631 2062 1674 non
2096 1632 2283 1674 num-

271 1720 468 1783 quam
496 1702 717 1762 tamen
744 1702 845 1761 est
876 1696 1300 1783 largiendum,
1327 1719 1444 1762 nec
1471 1696 1596 1762 hoc
1622 1698 2047 1783 benignitatis
2078 1720 2283 1785 genus

270 1787 534 1852 omnino
564 1786 1024 1870 repudiandum
1055 1789 1155 1849 est
1182 1789 1248 1849 et
1277 1807 1468 1870 saepe
1496 1786 1743 1851 idoneis
1780 1787 2149 1852 hominibus
2187 1788 2284 1851 ine-

271 1875 643 1962 digentibus
704 1875 781 1938 de
834 1895 905 1939 re
948 1873 1260 1938 familiari
1304 1874 1806 1959 inpertiendum,
1854 1876 1966 1940 sed
2013 1876 2282 1963 diligen-

269 1969 372 2029 ter
410 1968 606 2049 atque
646 1963 1004 2046 moderate3
1052 1963 1245 2027 multi
1282 1964 1452 2027 enim
1491 1964 1885 2049 patrimonia
1922 1966 2285 2030 effuderunt

190 2070 244 2110 8⁰
268 2052 638 2118 inconsulte
685 2052 1039 2138 largiendo.
1131 2051 1298 2126 Quid
1344 2056 1560 2116 autem
1610 2058 1710 2117 est
1756 2053 2021 2118 stultius
2069 2076 2283 2139 quam,

275 2141 445 2225 quod
489 2141 769 2205 libenter
812 2140 1041 2223 facias,
1087 2161 1348 2223 curare,
1393 2144 1468 2204 ut
1512 2142 1580 2205 id
1625 2141 1867 2206 diutius
1904 2141 2114 2207 facere
2150 2164 2285 2207 non

273 2228 529 2313 possis?
620 2228 839 2312 Atque
885 2229 1083 2293 etiam
1139 2232 1497 2311 sequuntur
1541 2229 1958 2314 largitionem
1995 2231 2285 2314 rapinae3

276 2338 425 2381 cum
460 2317 626 2381 enim
666 2316 873 2381 dando
913 2337 1101 2402 egere
1137 2321 1517 2400 coeperunt,
1565 2318 1792 2382 alienis
1828 2318 2017 2382 bonis
2054 2340 2284 2382 manus

278 2404 514 2470 afferre
538 2409 874 2491 coguntur.
946 2405 1075 2484 Ita,
1112 2426 1259 2469 cum
1294 2404 1770 2469 benivolentiae
1816 2407 2284 2488 comparandae

194 2509 247 2551 8⁵
277 2515 473 2559 causa
517 2494 785 2559 benefici
832 2514 972 2557 esse
1009 2493 1240 2576 velint,
1284 2514 1417 2557 non
1452 2496 1640 2558 tanta
1685 2494 1901 2558 studia
1938 2515 2285 2577 assequun-

273 2587 383 2647 tur
426 2604 678 2665 eorum,
725 2582 959 2666 quibus
999 2580 1335 2665 dederunt,
1382 2585 1625 2666 quanta
1662 2582 1810 2647 odia
1847 2604 2103 2666 eorum,
2149 2582 2284 2666 qui-

271 2672 394 2736 bus
441 2672 836 2735 ademerunt.
928 2668 1136 2745 Quam
1182 2670 1266 2735 ob
1312 2692 1449 2735 rem
1493 2693 1609 2736 nec
1645 2671 1742 2736 ita
1789 2671 2142 2737 claudenda
2178 2693 2282 2736 res
2320 2686 2387 2736 55

273 2764 375 2824 est
417 2758 790 2842 familiaris,
844 2762 919 2823 ut
973 2779 1115 2822 eam
1162 2758 1534 2845 benignitas
1582 2760 1833 2845 aperire
1877 2782 2008 2825 non
2052 2760 2283 2845 possit,

271 2870 390 2913 nec
427 2848 523 2912 ita
558 2848 929 2930 reseranda,
974 2850 1048 2911 ut
1084 2850 1308 2930 pateat
1345 2849 1672 2932 omnibus3
1716 2848 1945 2913 modus
1985 2848 2285 2913 adhibea-

188 2953 245 2994 so
273 2941 400 3019 tur,
446 2936 631 3020 isque
676 2935 995 3000 referatur
1042 2935 1122 2998 ad
1160 2935 1523 3001 facultates
1598 2936 1874 3002 Omnino
1913 2938 2284 3001 meminisse

272 3025 580 3089 debemus
590 3074 608 3107 ,
643 3023 710 3088 id
719 3023 910 3125 ‘quod
938 3046 978 3088 a
1003 3023 1247 3087 nostris
1275 3024 1646 3090 hominibus
1685 3025 2065 3110 saepissime
2100 3047 2285 3089 usur·

270 3115 500 3198 patum
545 3112 679 3176 iam
715 3112 784 3175 in
828 3110 1157 3196 proverbii
1194 3113 1720 3177 consuetudinem
1764 3114 1968 3197 venit,
2006 3112 2283 3199 largi

271 3201 567 3266 tionem
611 3201 933 3265 fundum
987 3220 1138 3265 non
1192 3200 1540 3266 habere’·
1526 3251 1541 3285 ,
1588 3201 1827 3266 etenim
1873 3202 2018 3286 quis
2062 3205 2285 3287 potest

273 3288 503 3355 modus
564 3310 731 3372 esse,
785 3311 930 3353 cum
986 3293 1053 3353 et
1105 3287 1303 3372 idem,
1364 3290 1474 3374 qui
1519 3294 1938 3373 consuerunt,
2003 3294 2068 3354 et
2113 3290 2283 3355 idem

193 3392 245 3434 ⁸⁵
271 3377 439 3442 illud
495 3376 610 3441 alii
664 3377 1069 3442 desiderent?
1162 3376 1439 3443 Omnino
1497 3378 1621 3443 duo
1678 3382 1829 3442 sunt
1875 3399 2116 3464 genera
2161 3379 2390 3444 lar-16

274 3487 527 3552 gorum,
567 3487 839 3548 quorum
878 3466 1068 3530 alteri
1104 3466 1382 3552 prodigi,
1421 3467 1612 3531 alteri
1648 3467 1972 3551 liberaleS,
2007 3468 2285 3569 prodigi,

275 3555 387 3639 qui
434 3555 643 3640 epulis
705 3558 770 3618 et
815 3555 1350 3621 viscerationibus
1407 3559 1472 3619 et
1527 3555 1966 3640 gladiatorum
2012 3558 2287 3622 muneri-
