2630 3913
822 214 1243 269 PHILOSOPH.
1282 214 1340 269 F.
1379 215 1722 269 IX-11—17.
2098 171 2105 186 .
2149 217 2282 280 337

271 400 381 445 nos
442 380 618 443 duces
632 428 647 456 ,
717 398 976 460 quorum
1039 378 1365 441 virtutibus
1431 378 1612 458 quasi
1673 378 2034 458 quibusdam
2096 380 2285 445 stellis

272 469 536 533 Latinae
580 468 812 530 micant
853 465 1184 531 historiae?
1232 465 1542 530 Pulvillus
1579 463 1954 547 Capitolium
1998 468 2285 532 dedicans

272 562 579 621 mortuum
593 604 610 638 ,
654 559 726 618 ut
765 555 1187 632 nuntiabatur,
1231 554 1428 618 subito
1472 554 1675 635 filium
1718 574 1782 618 se
1824 556 2006 620 iussit
2047 556 2286 620 absente

272 645 527 726 sepeliri.
599 643 673 707 L.
710 642 950 707 Paulus
984 648 1205 723 septem
1241 642 1448 706 diebus
1490 643 1653 706 inter
1695 643 1957 707 duorum
2001 646 2286 725 exequias

222 752 249 792 ο
274 734 543 814 filiorum
600 730 987 812 triumphans
1038 731 1246 794 urbem
1299 732 1606 812 inyressus
1665 735 1766 795 est.
1857 731 2285 797 Praetermitto

275 822 617 902 Maximos,
673 818 955 898 Catones,
1012 818 1231 894 Galos,
1284 818 1565 900 Pisones,
1622 818 1886 902 Brutos,
1949 820 2285 904 Scaevolas‚

274 910 552 974 Metellos
566 958 581 986 ‚
639 907 935 991 Scauros,
997 908 1277 972 Marcios
1290 956 1306 983 ,
1371 905 1623 971 Crassos
1637 958 1654 989 ,
1714 908 2046 974 Marcellos
2108 914 2288 990 atque

274 998 588 1079 Aufidios,
649 1016 908 1078 quorum
968 1016 1093 1060 non
1156 996 1361 1059 minor
1414 996 1484 1059 in
1541 996 1704 1059 luctu
1755 1017 1942 1076 quam
1997 999 2064 1061 in
2118 999 2287 1062 bellis

275 1088 473 1149 virtus
521 1085 648 1165 fuit
660 1134 678 1167 ,
738 1090 795 1147 et
853 1104 1111 1165 quorum
1174 1084 1457 1148 orbitates
1507 1085 1577 1147 in
1633 1082 2079 1150 Consolationis
2135 1087 2286 1150 libro

201 1196 251 1234 ιο
282 1174 525 1237 Tullius
586 1173 922 1253 explicavit.
982 1208 1058 1219 --
1124 1172 1410 1236 Indidem
1461 1173 1596 1236 sine
1651 1172 1832 1237 dubio
1882 1174 2080 1256 petita
2143 1180 2289 1239 sunt

278 1262 575 1343 exempla,
630 1281 785 1341 quae
834 1261 964 1342 ipse
1008 1259 1214 1325 Cicero
1258 1262 1459 1324 eodem
1503 1280 1696 1337 anno,
1749 1281 1866 1341 quo
1918 1263 2148 1344 scripta
2203 1268 2290 1328 est

281 1349 642 1426 Consolatio,
679 1349 913 1430 colleqit
940 1349 1091 1428 fam.
1119 1348 1232 1411 IV
1260 1354 1393 1413 6.1
1429 1369 1517 1412 ex.
1550 1347 1618 1427 Q.
1643 1349 1938 1432 Maximi,
1973 1350 2048 1415 L.
2075 1350 2286 1433 Pauli,

282 1437 458 1514 Gali,
511 1436 606 1500 M.
662 1434 941 1519 Catonis,
994 1441 1053 1500 et
1101 1457 1257 1517 quae
1312 1437 1444 1501 Val.
1498 1438 1678 1501 Max.
1732 1440 2051 1502 exornavit
2103 1439 2165 1503 V
2206 1446 2288 1503 10

281 1526 513 1589 Horati
557 1521 843 1606 Pulvilli,
888 1524 1121 1588 Aemili
1164 1524 1382 1603 Pauli,
1431 1524 1500 1603 Q.
1545 1526 1757 1589 Marci
1799 1525 1999 1608 Reqis.

203 1633 251 1672 15
417 1614 514 1677 16.
563 1611 684 1678 Cic.
730 1612 859 1677 Att.
906 1613 1065 1676 XII
1100 1617 1203 1677 20.
1248 1616 1296 1677 2
1354 1613 1547 1677 Velim
1591 1633 1688 1677 me
1730 1614 1934 1693 facias
1977 1617 2287 1680 certiorem

267 1703 574 1784 proximis
619 1702 863 1785 litteris,
908 1700 1019 1766 Cn.
1065 1700 1311 1784 Caepi0,
1356 1699 1652 1766 Serviliae
1687 1701 1914 1767 Claudi
1946 1709 2153 1785 pater,
2197 1706 2287 1767 vi-

276 1811 423 1855 vone
453 1795 638 1892 patre
680 1810 790 1855 suo
834 1790 1167 1873 naufraqio
1199 1790 1460 1871 perierit
1510 1809 1594 1852 an
1649 1795 1911 1874 mortuo,
1964 1794 2107 1856 item
2153 1792 2285 1857 Ru-

279 1879 417 1943 tilia
467 1881 678 1943 vivone
724 1877 788 1943 C.
835 1876 1034 1956 Cotta,
1087 1877 1219 1960 filio
1272 1897 1411 1961 suo,
1467 1882 1712 1943 mortua
1762 1880 1847 1944 sit
1894 1901 1981 1944 an
2033 1887 2288 1946 mortuo.

277 1955 593 2033 Pertinent
661 1969 747 2031 ad
812 1988 950 2031 eum
1018 1928 1277 2049 librum,
1309 1987 1523 2047 quem
1591 1969 1665 2032 de
1737 1968 1901 2033 luctu
1958 1972 2288 2036 minuendo

200 2078 252 2116 20
278 2057 648 2137 scripsimus.
708 2091 784 2100 —-
842 2055 885 2119 1
888 2056 941 2119 b
992 2059 1100 2120 22.
1152 2058 1202 2121 2
1253 2016 1353 2119 .'De
1405 2054 1650 2120 Rutilia
1709 2059 2003 2139 quoniam
2063 2061 2289 2125 videris

280 2144 582 2225 dubitare,
634 2143 856 2208 scribes
910 2144 995 2206 ad
1044 2163 1164 2227 me,
1218 2163 1356 2207 cum
1398 2145 1571 2226 scies,
1623 2146 1730 2210 sed
1769 2166 1956 2226 quam
1989 2150 2287 2230 primum,

280 2236 337 2294 et
386 2251 536 2294 num
587 2228 806 2294 Clodia
856 2230 941 2295 D.
996 2231 1202 2295 Bruto
1258 2195 1601 2310 consulari,
1663 2234 1795 2314 filio
1845 2254 1987 2318 suo,
2049 2242 2288 2301 mortuo

280 2319 516 2383 vixerit.
573 2355 655 2364 —
712 2318 809 2382 Π).
860 2322 967 2384 23.
1019 2322 1067 2384 2
1131 2318 1213 2384 Ut
1260 2319 1423 2384 scias
1474 2339 1570 2383 me
1618 2321 1711 2384 ita
1763 2322 1984 2404 dolere,
2040 2330 2113 2388 ut
2160 2345 2288 2388 non

280 2409 546 2471 iaceam:
582 2406 801 2488 quibus
834 2407 1177 2472 consulibus
1205 2405 1548 2472 Carneades
1582 2414 1640 2473 et
1672 2429 1743 2472 ea
1780 2411 1995 2492 leqatio
2021 2411 2288 2476 Romam

199 2516 252 2557 25
279 2497 534 2578 venerit,
585 2495 877 2576 scriptum
929 2500 1019 2560 est
1067 2497 1136 2559 in
1189 2499 1291 2560 tuo
1347 2497 1596 2573 annali,·
1652 2496 1797 2561 haec
1840 2519 2006 2562 nunc
2046 2521 2288 2602 quaero,

278 2603 438 2665 quae
478 2603 668 2648 causa
706 2584 901 2664 fuerit
939 2582 1042 2665 (de
1087 2583 1302 2668 Oropo,
1348 2586 1579 2666 opinor,
1627 2587 1731 2650 sed
1772 2591 1998 2651 certum
2042 2588 2287 2672 nescio),

280 2678 353 2755 et,
395 2673 456 2737 si
488 2674 580 2736 ita
614 2677 717 2754 est,
759 2692 914 2754 quae
948 2673 1402 2756 controversiae,
1434 2679 1753 2776 praeterea
1787 2677 1894 2757 qui
1928 2697 1993 2741 eo
2031 2682 2290 2759 tempore

279 2761 500 2825 nobilis
551 2760 895 2842 Epicureus
942 2761 1135 2841 fuerit
1186 2760 1475 2844 Athenis,
1531 2763 1642 2843 qui
1680 2764 2030 2845 praefuerit
2076 2765 2287 2844 hortis,

280 2849 390 2930 qui
424 2850 608 2913 etiam
644 2849 906 2914 Athenis
940 2845 1264 2913 πολιτικοὶ
1297 2850 1534 2928 fuerint
1565 2851 1859 2927 illustres,·
1906 2873 2061 2933 quae
2103 2855 2287 2917 etiam

195 2959 253 2998 so
280 2957 357 3001 ex
398 2937 761 3018 Apollodori
802 2941 955 3019 puto
997 2957 1177 3019 posse
1227 2938 1510 3003 inveniri.
1562 2974 1637 2985 —
1687 2938 1730 3002 1
1734 2940 1784 3004 b.
1829 2945 1935 3005 24.
1980 2946 2027 3006 2
2083 2941 2166 3006 Ut
2205 2944 2293 3006 ad

279 3045 447 3090 meas
481 3026 745 3107 ineptias
777 3026 1035 3109 redeam,
1069 3026 1247 3091 velim
1282 3045 1380 3089 me
1412 3027 1721 3091 certiorem
1751 3028 1971 3110 facias,
2007 3029 2080 3094 P.
2109 3028 2289 3096 Cras·

276 3133 411 3191 sus,
467 3113 790 3178 Venuleiae
840 3114 1036 3196 filius,
1088 3115 1298 3179 vivone
1342 3113 1416 3178 P.
1463 3113 1683 3180 Crasso
1726 3117 2063 3201 consulari,
2107 3124 2291 3200 patre

277 3221 410 3284 suo,
452 3207 732 3266 mortuus
773 3203 873 3280 sit,
916 3206 989 3266 ut
1027 3223 1130 3285 eqo
1174 3203 1518 3267 meminisse
1551 3204 1771 3288 videor,
1815 3226 1901 3268 an
1925 3212 2098 3308 post,·
2145 3209 2290 3270 item

276 3309 503 3390 quaero
547 3291 619 3354 de
661 3251 917 3373 Reqillo,
962 3291 1183 3373 Lepidi
1224 3291 1383 3372 filio,
1426 3296 1652 3356 rectene
1694 3295 2072 3357 meminerim
2105 3301 2292 3377 patre

191 3395 249 3436 85
279 3379 415 3442 vivo
459 3383 786 3443 mortuum.

419 3467 517 3529 17.
571 3466 851 3531 Lactant.
914 3469 1000 3532 ad
1050 3466 1206 3531 Stat.
1264 3468 1445 3532 Theb.
1499 3468 1550 3531 I
1593 3474 1717 3534 306
1769 3470 2000 3536 Mortis
2054 3491 2292 3538 somno«

280 3552 528 3619 ‘dulces'
584 3556 767 3638 dixit,
820 3576 969 3619 nam
1014 3557 1084 3620 in
1128 3557 1256 3620 vita
1298 3557 1500 3622 dulces
1543 3576 1670 3623 non
1711 3564 1882 3637 sunt,
1937 3565 2008 3624 ut
2050 3558 2290 3626 Cicero:

391 3666 669 3708 010.1v.3.
1586 3701 1591 3705 .
1797 3668 1864 3716 22
