2630 3913
752 204 1201 259 ORATIONUM.
1238 206 1305 260 A.
1343 204 1445 257 Vll
1486 211 1707 259 11—-20,
2097 205 2224 267 245

309 371 443 431 erat
482 388 621 432 reus
664 367 1153 449 repetundarum,
1197 388 1336 430 cum
1368 368 1756 449 provinciam
1795 366 2083 446 Africam
2129 368 2222 431 ob·

310 456 588 520 tinuisset
621 461 679 519 et
711 456 1060 520 consulatus
1094 456 1492 520 candidatum
1516 476 1578 519 se
1604 456 1966 519 ostendisset.
2029 455 2222 519 Accu-

308 549 475 608 sator
517 549 651 608 erat
690 545 817 608 eius
857 543 929 608 P.
960 544 1226 621 Clodius,
1272 544 1618 607 adulescens
1661 545 1790 625 ipse
1830 563 2058 625 quoque
2088 563 2226 625 per-

309 633 489 716 ditus,
532 634 641 713 qui
672 636 887 714 postea
930 652 1068 696 cum
1096 630 1378 697 Cicerone
1421 633 1815 696 inimicitiam
1853 634 2054 713 yessit.
2118 631 2226 696 Cn.

173 737 199 777 ὁ
309 740 538 801 quoque
590 720 764 802 Piso,
818 721 1167 785 adulescens
1210 725 1424 801 potens
1475 725 1533 784 et
1587 721 1990 802 turbulentus,
2041 720 2227 799 fami-

311 809 489 873 liaris
532 813 664 873 erat
698 808 1005 874 Catilinae
1048 810 1437 889 omniumque
1478 810 1871 872 consiliorum
1916 810 2046 873 eius
2078 829 2227 891 par-

311 898 490 978 ticeps
534 903 592 961 et
635 898 954 961 turbarum
999 903 1227 961 auctor.

944 1008 1119 1062 VER.
1162 1007 1313 1062 CIR.
1356 1009 1516 1061 MX:

361 1082 458 1146 18.
494 1080 770 1145 Possum
808 1082 1014 1146 dicere
1043 1083 1371 1146 hominem
1401 1104 1652 1146 summa
1678 1082 2016 1166 prudentia
2056 1104 2228 1165 spec-

151 1189 198 1227 ιο
224 1172 462 1251 tatum,
508 1167 576 1235 C.
624 1168 912 1251 Cottam,
973 1171 1049 1234 de
1096 1171 1228 1234 suis
1274 1171 1530 1256 legibus
1579 1171 1968 1256 abrogandis
2014 1172 2225 1255 ipsum

226 1258 305 1322 ad
352 1261 648 1321 senatum
694 1259 1052 1341 rettulisse3

443 1346 575 1409 Hic
600 1351 687 1411 est
704 1345 894 1429 Cotta,
922 1349 993 1411 de
1018 1367 1136 1428 quo
1163 1349 1292 1410 iam
1310 1368 1484 1429 saepe
1499 1348 1789 1428 diximus,
1815 1368 2076 1430 maynus
2095 1368 2227 1411 ora-

313 1438 408 1497 tor
433 1434 677 1499 habitus
701 1439 760 1498 et
783 1455 1030 1516 compar
1064 1437 1134 1498 in
1169 1456 1240 1498 ea
1269 1436 1474 1517 yloria
1503 1435 1574 1501 P.
1603 1435 1895 1516 Sulpicio
1911 1441 1969 1499 et
1996 1434 2060 1501 C.
2082 1435 2225 1501 Cae-

311 1523 446 1586 sari
478 1523 847 1604 aequalibus.
923 1523 1216 1587 Videntur
1249 1530 1453 1588 autem
1487 1525 1554 1588 in
1588 1524 1766 1589 rebus
1789 1525 2007 1606 parvis
2037 1524 2229 1604 fuisse

148 1629 197 1669 15
314 1612 463 1692 leyes
497 1612 657 1693 illae,
702 1632 857 1694 quas
891 1633 1027 1676 cum
1073 1613 1322 1690 tulisset,
1366 1612 1601 1676 rettulit
1633 1614 1704 1677 de
1739 1614 1826 1677 eis
1861 1613 2228 1695 abroyandis

310 1702 397 1764 ad
434 1707 745 1776 senatum,·
791 1721 941 1764 nam
985 1721 1172 1782 neque
1216 1702 1387 1782 apud
1419 1699 1788 1765 Sallustium
1830 1722 2018 1783 neque
2060 1701 2228 1781 apud

309 1789 559 1853 Livium
613 1809 803 1871 neque
853 1791 1025 1871 apud
1064 1789 1469 1853 Fenestellam
1520 1790 1712 1853 ullius
1765 1790 2018 1853 alterius
2071 1790 2231 1854 latae

310 1877 387 1940 ab
421 1898 486 1942 eo
524 1878 670 1961 leyis
704 1883 793 1942 est
832 1880 1055 1942 mentio
1089 1882 1337 1961 praeter
1380 1898 1531 1961 eam,
1575 1898 1761 1959 quam
1806 1880 1874 1941 in
1910 1878 2228 1943 consulatu

313 1967 454 2030 tulit
493 1968 691 2031 invita
734 1968 1049 2031 nobilitate
1090 1987 1312 2048 maqno
1345 1968 1565 2049 populi
1608 1968 1826 2044 studiO,
1870 1972 1941 2030 ut
1975 1963 2099 2050 eis.
2122 1969 2230 2049 qui

143 2073 195 2110 20
311 2060 386 2116 tr.
422 2055 511 2134 pl.
552 2055 832 2137 fuissent,
877 2056 1033 2120 alios
1068 2076 1299 2137 quoque
1334 2057 1730 2137 maqistratus
1768 2076 1979 2136 capere
2015 2057 2228 2139 liceret,

311 2143 473 2221 quod
524 2142 619 2205 lex
661 2162 703 2205 a
753 2143 1042 2207 dictatore
1085 2144 1159 2206 L.
1205 2143 1386 2207 Sulla
1419 2145 1641 2225 paucis
1685 2146 1870 2208 annis
1913 2150 2057 2209 ante
2101 2145 2230 2209 lata

302 2228 661 2310 prohibebat
668 2251 689 2305 ;
752 2249 939 2311 neque
999 2251 1133 2295 eam
1190 2231 1394 2296 Cottae
1458 2233 1638 2313 leyem
1701 2233 2056 2313 abroqatam
2109 2253 2230 2297 esse

314 2317 371 2380 s‘
406 2318 478 2381 ni
522 2323 635 2382 cat.

346 2337 407 2398 29
475 2317 521 2398 ft
999 2404 1149 2474 sno
1160 2403 1443 2458 UITUR:

139 2493 194 2533 25
365 2476 463 2540 19.
508 2498 771 2560 possum
819 2477 1015 2541 etiam
1072 2477 1354 2542 eiusdem
1400 2477 1631 2543 Coti-,ae
1688 2479 1897 2564 legem
1945 2479 2021 2543 de
2066 2479 2226 2542 iudi-

224 2565 340 2630 ciis
386 2565 661 2648 privatis
708 2588 874 2630 anno
920 2570 1095 2650 post,
1153 2588 1345 2649 quam
1392 2567 1529 2631 lata
1575 2567 1686 2650 sit,
1744 2591 1782 2631 a
1833 2567 2036 2632 fratre
2092 2568 2227 2631 eius

222 2656 596 2736 abroyatam.

443 2744 538 2808 M.
578 2743 815 2809 Cottam
858 2745 1178 2826 siynificat.
1250 2745 1537 2809 Fuerunt
1578 2750 1780 2808 autem
1822 2745 2049 2824 fratres
2093 2750 2228 2823 treS,

311 2834 429 2896 duo
473 2831 565 2914 hi,
615 2830 697 2910 0„
733 2833 847 2910 M,
893 2835 1103 2897 tertius
1146 2832 1221 2896 L.
1269 2831 1468 2911 Cotta,
1522 2835 1630 2914 qui
1677 2834 1796 2914 leye
1837 2853 1954 2897 sua
1998 2835 2230 2899 iudicia

134 2936 193 2976 30
311 2923 472 2985 inter
515 2926 635 2984 tres
678 2921 921 2986 ordines
964 2923 1444 3000 communicavit,
1487 2928 1781 3004 senatum,
1826 2923 2073 3005 equites,
2120 2923 2226 2985 tri-

311 3010 501 3074 bunos
545 3011 853 3086 aerarios,·
899 3010 1215 3091 adeptique
1256 3014 1404 3074 sunt
1446 3030 1650 3073 omnes
1694 3010 2087 3073 consulatum.

356 3195 457 3259 20.
504 3194 743 3280 Legem
789 3120 1538 3259 LiciniariTsstTfiZciam
1587 3195 1662 3258 de
1710 3195 1954 3258 civibus
2001 3217 2228 3281 regun-

221 3281 320 3345 dis
367 3283 552 3347 video
599 3286 896 3348 constare
941 3282 1113 3347 inter
1159 3304 1408 3365 omneS‚
1464 3304 1853 3366 quamquam
1912 3283 2035 3350 duo
2083 3306 2228 3349 con-

133 3388 188 3427 35
220 3371 396 3435 sules
443 3371 756 3454 omnium,
804 3393 964 3455 quos
1008 3393 1127 3436 nos
1174 3371 1479 3453 vidimUS,
1540 3371 1998 3455 sapientissimi
2046 3373 2228 3436 tulis-

213 3462 385 3610 ἕθηὲ,
430 3482 562 3524 non
597 3460 787 3525 modo
825 3459 1141 3542 inutilem,
1188 3460 1298 3524 sed
1330 3458 1757 3543 perniciosam
1793 3460 1889 3525 rei
1932 3462 2228 3546 publicae

247 3568 439 3612 ulsse.
