2630 3913
380 213 465 278 50
1162 209 1259 265 DE
1298 209 1598 264 OFFICHS

378 397 526 440 nem
572 378 641 440 et
682 377 1030 460 praecepta
1074 372 1422 455 desiderat3
1468 393 1631 455 quae
1669 375 1885 437 autem
1931 393 2136 457 parva
2171 371 2384 437 viden·

378 469 487 528 tur
533 483 672 528 esse
720 462 957 527 delicta
999 482 1206 545 neque
1252 482 1292 525 a
1328 460 1555 525 multis
1599 460 1900 546 intellegi
1942 464 2248 545 possunt,
2304 461 2386 526 ab

380 552 459 616 iis
523 556 623 616 est
686 549 1063 636 diligentius
1128 548 1595 614 declinandum.
1695 546 1790 614 Ut
1850 550 1918 612 in
1981 549 2218 613 fidibus
2275 554 2387 613 aut

379 640 588 722 tibiis,
635 639 928 723 quamvis
972 637 1239 722 paulum
1277 636 1671 721 discrepent,
1705 640 1927 701 tamen
1965 636 2032 701 id
2069 658 2109 702 a
2146 636 2387 702 sciente

379 726 805 794 animadverti
850 726 1048 809 solet,
1104 726 1196 790 sic
1240 724 1587 790 videndum
1642 728 1744 789 est
1797 725 1867 790 in
1912 724 2048 790 vita
2092 745 2174 789 ne
2218 724 2388 790 forte
2440 743 2466 784 5

381 815 532 901 quid
579 815 924 900 discrepet,
970 814 1072 879 vel
1120 813 1329 879 multo
1376 812 1574 879 etiam
1611 813 1864 907 magiss
1897 834 2022 895 quo
2070 812 2279 878 maior
2323 819 2389 878 et

406 905 635 969 melior
682 904 1007 969 actionum
1055 923 1248 985 quam
1306 922 1611 966 sonorum
1659 904 2006 966 concentus
2053 905 2170 966 est.
2261 899 2387 966 Ita·

380 1015 542 1081 ques
582 997 657 1057 ut
710 992 777 1056 in
833 990 1068 1056 fidibus
1115 990 1506 1055 musicorum
1554 1010 1741 1055 aures
1788 991 1888 1055 vel
1936 989 2205 1054 minima
2251 1010 2386 1055 sen·

376 1081 567 1163 tiunt,
613 1079 705 1146 sic
746 1100 886 1162 nos,
932 1079 986 1143 si
1025 1099 1204 1144 acres
1245 1100 1319 1144 ac
1357 1078 1702 1163 diligentes
1740 1098 1879 1142 esse
1916 1078 2216 1143 volumus
2255 1078 2386 1142 ani-

379 1169 1005 1251 madversores[que]
1047 1167 1374 1249 vitiorum,
1419 1187 1658 1252 magna
1694 1186 1885 1250 saepe
1930 1165 2385 1251 intellegemus
2416 1185 2468 1225 ιο

378 1279 454 1323 ex
498 1256 734 1342 parvis.
806 1255 906 1322 Ex
955 1255 1288 1322 oculorum
1326 1258 1578 1339 optutu,
1618 1254 2106 1338 superciliorum
2145 1258 2259 1319 aut
2295 1276 2386 1320 re·

376 1345 684 1411 missione
730 1349 844 1411 aut
878 1344 1347 1425 contractione,
1393 1363 1469 1407 ex
1508 1342 1867 1425 maestitia,
1912 1363 1988 1408 ex
2034 1343 2386 1426 hilaritate,

377 1456 453 1499 ex
508 1434 672 1517 risu,
728 1454 805 1498 ex
860 1433 1211 1514 locutione,
1281 1452 1358 1496 ex
1416 1431 1779 1513 reticentia,
1835 1452 1910 1495 ex
1975 1432 2386 1497 contentione

243 1565 252 1575 ·
377 1522 571 1604 vociS,
618 1544 693 1586 ex
741 1520 1209 1601 summissione,
1257 1540 1333 1584 ex
1371 1519 1601 1583 ceteris
1641 1519 1962 1583 similibus
1973 1518 2190 1599 ,facile
2228 1519 2385 1585 iudi·

377 1611 696 1699 cabimuss
730 1609 883 1693 quid
921 1629 1146 1673 eorum
1184 1611 1336 1692 apte
1372 1607 1507 1691 fiat,
1554 1607 1707 1690 quid
1744 1608 1826 1672 ab
1866 1606 2079 1672 officio
2125 1611 2384 1673 natura·
2415 1625 2465 1665 ιε

377 1720 500 1783 que
546 1698 880 1782 discrepet.
972 1694 1110 1771 Quo
1157 1695 1224 1760 in
1271 1716 1505 1780 genere
1551 1717 1682 1761 non
1737 1700 1838 1760 est
1890 1695 2386 1778 incommodum,

377 1786 567 1870 quale
615 1785 893 1868 quidque
940 1805 1159 1849 eorum
1199 1784 1320 1871 sits
1351 1805 1426 1848 ex
1465 1784 1612 1848 aliis
1648 1783 1948 1868 iudicare,
1993 1788 2104 1886 ¹¹¹⁵!
2131 1784 2187 1848 si
2234 1784 2386 1868 quid

377 1873 679 1939 dedeceat
729 1874 798 1937 in
852 1872 1013 1956 illis,
1074 1873 1351 1937 vitemus
1416 1872 1570 1958 ipsi3
1630 1872 1708 1936 fit
1762 1871 1932 1936 enim
1987 1873 2202 1938 nescio
2259 1895 2383 1958 quo

377 1962 565 2028 modo
562 2000 611 2053 l
640 1966 712 2028 ut
758 1962 969 2048 magis
1014 1961 1084 2025 in
1129 1961 1276 2026 aliis
1324 1982 1658 2027 cernamus
1707 1983 1900 2045 quam
1945 1961 2015 2026 in
2059 1961 2385 2027 nobismet

376 2052 554 2136 ipsis,
590 2051 646 2115 si
685 2050 838 2134 quid
874 2050 1282 2134 delinquitur.
1355 2048 1584 2133 Itaque
1612 2048 1939 2115 facillume
1972 2051 2385 2136 corriguntur
2412 2068 2465 2109 so

376 2141 443 2204 in
490 2138 807 2221 discendo,
854 2160 1125 2223 quorum
1173 2138 1335 2203 vitia
1379 2137 1720 2202 imitantur
1765 2138 2145 2203 emendandi
2192 2160 2385 2204 causa

269 2242 372 2292 0147
402 2227 718 2313 magistri.
790 2226 927 2292 Nec
964 2248 1117 2291 vero
1155 2227 1437 2291 alienum
1476 2230 1596 2313 est,
1613 2226 1694 2290 ad
1735 2247 1814 2291 ea
1858 2226 2184 2315 eligendas
2221 2249 2383 2312 quae

376 2316 845 2381 dubitationem
902 2315 1213 2393 afferunt,
1269 2314 1574 2379 adhibere
1638 2313 1861 2380 doctos
1922 2315 2219 2381 homines
2278 2317 2382 2380 vel

377 2406 573 2470 etiam
619 2425 738 2469 usu
775 2403 1018 2488 peritos
1065 2407 1148 2484 et,
1196 2403 1348 2487 quid
1387 2402 1467 2468 iis
1505 2401 1583 2468 de
1621 2423 1875 2487 quoque
1914 2402 2113 2468 officii
2151 2425 2383 2489 genere

375 2493 663 2596 placeat,
710 2492 1056 2575 exquirere.
1087 2489 1112 2520 ἵ
1148 2491 1357 2556 Maior
1412 2491 1581 2555 enim
1637 2512 1789 2575 pars
1837 2511 1912 2556 eo
1965 2490 2102 2557 fere
2150 2491 2382 2557 deferri
2412 2509 2464 2550 2⁶

376 2582 566 2684 solet,
607 2601 733 2663 quo
781 2602 821 2655 a
863 2584 1098 2644 natura
1143 2580 1288 2664 ipsa
1334 2578 1682 2643 deducitur.
1764 2576 1841 2643 In
1888 2579 2122 2664 quibus
2167 2580 2382 2646 viden-

377 2670 527 2734 dum
575 2671 699 2769 est,
736 2689 867 2732 non
913 2666 1104 2732 modo
1153 2667 1305 2751 quid
1344 2667 1613 2751 quisque
1657 2668 1986 2766 loquatur,
2026 2668 2138 2733 sed
2184 2669 2382 2733 etiam

377 2757 530 2842 quid
576 2777 844 2839 quisque
899 2756 1160 2844 sentiat,
1191 2759 1386 2839 atque
1430 2755 1630 2821 etiam
1677 2755 1754 2820 de
1801 2777 1928 2840 qua
1974 2778 2170 2822 causa
2214 2758 2383 2841 quis-

377 2867 498 2930 que
544 2843 799 2909 sentiat.
888 2841 983 2908 Ut
1028 2843 1197 2908 enim
1241 2844 1524 2928 pictores
1570 2847 1636 2909 et
1680 2844 1765 2936 ii,
1801 2844 1910 2929 qui
1956 2846 2146 2932 signa
2186 2844 2382 2910 fabri-

377 2937 629 3017 cantur,
693 2936 758 2997 et
810 2953 964 2996 vero
1021 2932 1217 2997 etiam
1270 2936 1529 3021 poetae,
1560 2954 1745 2997 suum
1803 2932 2072 3017 quisque
2128 2955 2288 3020 opus
2345 2956 2385 2998 a
2412 2952 2466 2992 ³0

374 3021 574 3107 vulgo
621 3019 1012 3087 considerari
1057 3020 1218 3104 vult,
1263 3025 1338 3085 ut
1341 3061 1373 3110 7
1410 3022 1466 3086 si
1508 3021 1661 3106 quid
1707 3021 2167 3108 reprehensum
2213 3023 2301 3087 sit
2347 3046 2386 3087 a

375 3111 687 3196 pluribus,
724 3109 790 3173 id
827 3109 1208 3194 corrigatur,
1245 3109 1418 3194 iique
1456 3113 1523 3174 et
1559 3131 1773 3175 secum
1811 3114 1878 3175 et
1905 3111 1988 3176 ab
2028 3111 2195 3213 aliis,
2232 3110 2385 3194 quid

374 3200 442 3263 in
490 3220 563 3263 eo
601 3202 936 3283 peccatum
975 3197 1094 3288 sit,
1126 3199 1489 3281 exquirunt,
1535 3198 1627 3263 sic
1663 3198 1938 3264 aliorum
1975 3199 2207 3264 iudicio
2245 3221 2384 3285 per·

376 3288 584 3351 multa
634 3287 823 3352 nobis
883 3289 948 3350 et
1000 3285 1293 3352 facienda
1341 3291 1406 3351 et
1450 3308 1580 3351 non
1624 3286 1916 3352 facienda
1962 3291 2027 3352 et
2073 3287 2383 3352 mutanda

277 3390 373 3439 148
404 3378 470 3438 et
523 3374 904 3461 corrigenda
958 3379 1127 3441 sunt.
1218 3373 1396 3450 Quae
1447 3395 1601 3440 vero
1656 3396 1834 3441 more
1880 3380 2155 3461 agentur
2199 3376 2382 3440 insti-
2410 3393 2465 3435 ³5

377 3461 663 3545 tutisque
709 3463 1024 3546 civilibus,
1071 3463 1148 3528 de
1192 3463 1274 3528 iis
1318 3463 1483 3527 nihil
1531 3466 1631 3528 est
1674 3463 2221 3549 praecipiendum3
2265 3463 2383 3528 illa

379 3549 547 3612 enim
593 3549 736 3632 ipsa
781 3554 1125 3636 praecepta
1170 3555 1348 3632 sunt,
1401 3572 1518 3616 nec
1565 3573 1951 3636 quemquam
1998 3552 2118 3617 hoc
2166 3572 2381 3616 errore

269 874 375 1001 1⁴4¹.
