2630 3913
863 184 1278 240 PHILOSOPH.
1319 184 1375 238 F.
1415 184 1466 237 V
1505 190 1728 239 77—-90.
2178 184 2309 247 323

301 351 391 410 10.
429 349 519 410 42
542 367 609 426 Ρ.
648 350 777 410 429
813 347 878 410 Α
914 348 1133 428 optime
1168 347 1271 410 ille
1305 348 1379 411 de
1413 347 1715 427 voluptate
1750 347 2087 426 disputans
2134 346 2308 409 euius

297 433 472 497 verba
515 437 583 497 in
622 434 774 499 libro
810 436 1118 515 superiore
1150 435 1281 499 iam
1313 435 1524 514 posui:
1573 433 1768 499 Cuius
1808 437 2043 517 motus,
2089 434 2306 514 inquit,

303 557 376 567 —
426 558 514 568 —
560 521 850 606 cogitare
897 521 1157 586 omnino
1205 522 1555 606 quidquam
1601 522 1862 606 potest?
1909 558 1996 566 —
2042 521 2204 585 Non.
2239 542 2302 602 Ρ.

293 613 441 674 269.
484 612 571 674 21
615 610 710 673 M
761 610 1005 674 Tullius
1049 611 1117 673 iu
1161 610 1525 674 Hortensio,-
1576 610 1753 685 Quae
1799 613 1899 672 est
1946 609 2118 672 enim
2163 629 2301 673 con·

243 714 267 753 ⁵
294 696 488 760 sectio
535 697 954 779 valetudinis,
1001 719 1164 780 quae
1213 696 1600 762 deformatio
1647 695 1981 780 eorporis?

428 785 530 849 82.
586 786 913 867 Auyustin.
973 791 1185 849 contra
1238 786 1564 849 Iulianum
1617 785 1822 866 Peluy.
1890 784 1951 847 V
1996 790 2054 848 7.
2108 788 2196 848 29
2240 805 2306 864 Ρ.

294 875 425 936 425
468 873 539 937 F
574 874 661 937 ed.
707 874 892 938 Autv.
938 875 1095 938 sicut
1137 874 1231 936 ait
1274 873 1664 953 Hortensius,
1714 876 1868 935 tunc
1914 873 2309 954 obsequatur

295 959 546 1044 (homo)
592 963 881 1044 naturae,
927 983 1072 1025 eum
1121 960 1258 1024 sine
1304 960 1624 1046 magistro
1672 959 1963 1042 senserit,
2012 959 2164 1043 quid
2200 981 2309 1023 na·

294 1053 444 1111 tura
490 1048 824 1112 desideret.

216 1154 270 1195 ιο
430 1136 531 1199 83.
587 1136 750 1200 Non.
799 1158 860 1217 Ρ.
907 1141 1052 1203 498.
1106 1142 1189 1200 30
1243 1136 1340 1200 M
1400 1136 1642 1201 Tullius
1696 1138 1767 1200 in
1823 1136 2187 1200 Hortensio:
2243 1139 2310 1198 et

296 1224 408 1307 qui
445 1227 760 1307 expectat,
804 1225 1041 1307 pendet
1078 1223 1293 1306 animi,
1333 1224 1483 1306 quia
1520 1245 1791 1308 semper,
1829 1223 1983 1307 quid
2018 1222 2309 1286 futurum

300 1311 413 1394 sit,
459 1311 776 1375 incertum
823 1316 940 1376 est.

429 1399 532 1463 84.
589 1399 752 1463 Nou.
794 1421 862 1481 Ρ.
909 1405 1053 1465 438.
1097 1405 1186 1465 23
1238 1401 1334 1463 M
1393 1400 1638 1465 Tullius
1691 1400 1762 1463 in
1815 1399 2183 1463 Hortensio:
2245 1402 2311 1461 et

296 1490 540 1551 ceteras
588 1486 845 1570 quidem
890 1510 1021 1570 res,
1072 1488 1142 1550 in
1197 1487 1430 1570 quibus
1488 1490 1752 1571 peecata
1794 1508 1927 1551 non
1972 1507 2310 1550 maxumas

217 1594 268 1635 15
297 1573 595 1638 adferunt
637 1575 892 1657 noxias,
939 1579 1159 1639 tamen
1203 1576 1391 1639 inscii
1437 1597 1567 1641 non
1613 1576 1963 1659 attingunt.

429 1663 530 1727 85.
578 1663 742 1727 Nou.
775 1684 843 1744 Ρ.
890 1667 1027 1728 105.
1077 1670 1119 1728 7
1163 1662 1467 1727 ‘Eculeos'
1523 1664 1964 1726 deminutivum
2019 1663 2096 1725 ab
2141 1663 2311 1742 equis

294 1752 389 1815 M
421 1751 666 1815 ,Tullius
702 1752 771 1814 in
798 1752 1129 1816 Hortensio
1165 1753 1290 1816 dici
1324 1751 1542 1815 voluit:
1588 1748 1680 1815 Ut
1716 1750 1919 1835 igitur
1957 1749 2308 1814 domitores

295 1860 605 1921 equorum
661 1860 794 1903 non
839 1841 1110 1904 verbera
1157 1839 1368 1903 solum
1418 1838 1727 1903 adhibent
1773 1838 1853 1902 ad
1900 1837 2309 1921 domandum,

296 1926 407 1991 sed
445 1926 659 1991 eibum
698 1926 895 1992 etiam
935 1949 1126 2012 saepe
1165 1927 1577 2011 subtrahunt,
1622 1932 1694 1992 ut
1725 1925 1897 1991 fame
1937 1926 2311 1991 debilitetur

214 2035 268 2074 ρο
296 2015 662 2079 eculeorum
705 2016 901 2079 nimis
948 2016 1259 2080 effrenata
1304 2015 1421 2079 vis.

429 2103 531 2166 86.
586 2103 750 2167 Non.
793 2124 860 2184 Ρ.
904 2108 1049 2167 338.
1104 2109 1147 2168 8
1200 2105 1292 2167 M.
1355 2103 1598 2168 Tullius
1652 2105 1720 2166 in
1774 2103 2142 2167 Hortensio:
2200 2102 2310 2186 qui

296 2212 441 2254 cum
486 2189 780 2273 publicas
826 2190 1094 2254 iniurias
1140 2190 1315 2254 lente
1372 2191 1659 2274 tulisset,
1717 2211 1900 2255 suam
1953 2212 2083 2254 non
2139 2191 2310 2255 tulit.

430 2277 531 2341 87.
589 2277 754 2341 Non.
805 2299 868 2359 Ρ.
922 2282 1074 2343 274.
1128 2280 1169 2343 5
1221 2279 1317 2344 M
1377 2279 1623 2342 Tullius
1680 2316 1759 2323 —
1818 2280 1885 2341 iu
1945 2279 2311 2342 Hortensio:

293 2387 375 2429 ne
411 2365 480 2428 in
515 2365 994 2430 continentibus
1033 2365 1289 2449 quidem
1328 2367 1518 2430 terris
1556 2369 1843 2429 vestrum
1879 2387 2115 2429 nomen
2151 2365 2310 2428 dila-

212 2471 270 2513 πο
297 2453 427 2517 tari
472 2456 708 2537 potest.

428 2542 531 2606 88.
586 2541 747 2605 Non.
789 2563 857 2622 Ρ.
902 2546 1048 2606 269.
1094 2548 1176 2607 10
1227 2543 1325 2606 M
1375 2543 1620 2607 Tullius
1674 2543 1743 2605 in
1788 2541 2155 2605 Hortensio:
2210 2540 2313 2604 Ea

291 2628 571 2693 facultas
617 2630 859 2694 nostris
909 2629 1262 2694 maioribus
1310 2633 1477 2711 erat,
1533 2629 1644 2713 qui
1689 2628 1999 2694 confectis
2046 2632 2310 2693 senatus

292 2717 624 2782 consultis

428 2806 531 2869 89.
569 2805 732 2870 Non.
767 2826 833 2885 Ρ.
869 2809 1018 2869 240.
1054 2810 1138 2869 30
1177 2803 1383 2868 ‘Aere’
1429 2811 1760 2887 austerum,
1801 2806 2098 2887 acerbum,
2143 2826 2305 2888 aspe-

211 2908 267 2949 30
293 2914 449 2956 rum.
516 2894 610 2956 M
644 2893 888 2957 Tullius
924 2894 993 2956 in
1028 2893 1396 2957 Hortensio:
1444 2894 1614 2976 quod
1661 2893 1929 2956 alterius
1977 2892 2308 2977 ingenium

294 2979 385 3043 sie
439 2984 512 3043 ut
570 2984 820 3044 acetum
872 2980 1295 3065 Aegyptium,
1352 2980 1620 3044 alterius
1677 2981 1768 3045 sic
1825 3003 1995 3062 aere,
2049 2983 2123 3043 ut
2179 2980 2306 3043 mel

293 3066 728 3152 Hymettium,
785 3067 1072 3132 dicimus.
1125 3105 1196 3113 —
1253 3068 1346 3147 Cf.
1393 3069 1780 3149 Auyustiuus
1832 3070 1904 3133 de
1957 3069 2132 3132 beata
2180 3069 2308 3131 vita

292 3161 373 3218 14
423 3156 493 3219 Τ.
549 3156 599 3218 Ι
634 3178 701 3237 Ρ.
756 3161 893 3221 227
939 3155 1005 3220 Β
1060 3154 1217 3219 Ben.
1272 3157 1460 3220 Antv.
1516 3161 1681 3220 1700
1737 3156 1956 3220 Nescio
2014 3157 2307 3237 quomodo

289 3248 626 3308 contortum
669 3244 778 3308 hoe
820 3249 879 3307 et
921 3245 1282 3323 aculeatum,
1327 3245 1490 3324 quod
1525 3246 1802 3327 posuisti,
1847 3248 1918 3307 ut
1960 3245 2055 3307 ait
2096 3244 2201 3308 ille
2236 3245 2308 3307 de

208 3345 263 3387 3⁵
290 3331 462 3395 melle
506 3332 844 3412 Hymettzb,
900 3333 1120 3395 acriter
1173 3333 1345 3396 dulce
1387 3337 1475 3395 est
1516 3331 1788 3411 nihilque
1831 3332 2018 3411 inflat
2058 3332 2305 3396 viscera.

422 3417 527 3483 90.
573 3419 735 3483 Non.
771 3440 836 3502 Ρ.
881 3425 1024 3484 390.
1070 3423 1152 3481 14
1196 3424 1255 3482 et
1297 3424 1440 3483 409.
1482 3424 1567 3483 17
1609 3420 1703 3483 M
1747 3419 1990 3484 Tullius
2032 3421 2103 3483 in
2138 3419 2299 3482 Hor·

290 3506 512 3569 tensio:
558 3506 732 3570 aliud
778 3528 856 3570 ex
903 3506 1086 3570 silvis
1134 3527 1427 3569 severum
1475 3509 1541 3569 et
1585 3506 1792 3570 triste.

1876 3606 1986 3661 21*
