<?xml version="1.0" encoding="UTF-8"?>
<!DOCTYPE html PUBLIC "-//W3C//DTD XHTML 1.0 Transitional//EN"
    "http://www.w3.org/TR/xhtml1/DTD/xhtml1-transitional.dtd">
<html xmlns="http://www.w3.org/1999/xhtml" xml:lang="en" lang="en">
 <head>
  <title>
</title>
<meta http-equiv="Content-Type" content="text/html;charset=utf-8" />
  <meta name='ocr-system' content='tesseract 3.04.00' />
  <meta name='ocr-capabilities' content='ocr_page ocr_carea ocr_par ocr_line ocrx_word'/>
</head>
<body>
  <div class='ocr_page' id='page_1' title='image "./scriptaquaemans01cicegoog_0270.png"; bbox 0 0 2630 3913; ppageno 0'>
   <div class='ocr_carea' id='block_1_1' title="bbox 348 225 2055 292">
    <p class='ocr_par' dir='ltr' id='par_1_1' title="bbox 348 225 2055 292">
     <span class='ocr_line' id='line_1_1' title="bbox 348 225 2055 292; baseline -0.002 -10"><span class='ocrx_word' id='word_1_1' title='bbox 348 228 472 292; x_wconf 82' lang='lat'><strong>196</strong></span> <span class='ocrx_word' id='word_1_2' title='bbox 636 226 942 280; x_wconf 87' lang='lat' dir='ltr'>LAELIUS</span> <span class='ocrx_word' id='word_1_3' title='bbox 979 225 1075 278; x_wconf 91' lang='lat' dir='ltr'><strong>DE</strong></span> <span class='ocrx_word' id='word_1_4' title='bbox 1112 225 1459 280; x_wconf 83' lang='lat' dir='ltr'>AMICITIA.</span> <span class='ocrx_word' id='word_1_5' title='bbox 1527 225 1679 280; x_wconf 81' lang='lat' dir='ltr'>CAP.</span> <span class='ocrx_word' id='word_1_6' title='bbox 1718 231 1802 280; x_wconf 75' lang='lat'><strong>2⁷.</strong></span> <span class='ocrx_word' id='word_1_7' title='bbox 1868 231 1899 290; x_wconf 65' lang='grc' dir='ltr'><strong>ς</strong></span> <span class='ocrx_word' id='word_1_8' title='bbox 1939 231 2055 280; x_wconf 82' lang='lat'><strong>104.</strong></span> 
     </span>
    </p>
   </div>
   <div class='ocr_carea' id='block_1_2' title="bbox 342 385 2430 1091">
    <p class='ocr_par' dir='ltr' id='par_1_2' title="bbox 342 385 2430 1091">
     <span class='ocr_line' id='line_1_2' title="bbox 345 385 2351 472; baseline -0.002 -19"><span class='ocrx_word' id='word_1_9' title='bbox 345 388 575 453; x_wconf 82' lang='lat' dir='ltr'><strong>studiis</strong></span> <span class='ocrx_word' id='word_1_10' title='bbox 631 388 839 453; x_wconf 82' lang='lat' dir='ltr'><strong>dicam</strong></span> <span class='ocrx_word' id='word_1_11' title='bbox 899 387 1327 472; x_wconf 87' lang='lat' dir='ltr'><strong>cognoscendi</strong></span> <span class='ocrx_word' id='word_1_12' title='bbox 1382 408 1635 471; x_wconf 80' lang='lat' dir='ltr'><strong>semper</strong></span> <span class='ocrx_word' id='word_1_13' title='bbox 1690 386 1935 468; x_wconf 83' lang='lat' dir='ltr'><strong>aliquid</strong></span> <span class='ocrx_word' id='word_1_14' title='bbox 2004 390 2198 470; x_wconf 85' lang='lat' dir='ltr'><strong>atque</strong></span> <span class='ocrx_word' id='word_1_15' title='bbox 2262 385 2351 449; x_wconf 87' lang='lat' dir='ltr'><strong>di·</strong></span> 
     </span>
     <span class='ocr_line' id='line_1_3' title="bbox 343 474 2350 560; baseline -0.002 -18"><span class='ocrx_word' id='word_1_16' title='bbox 343 476 602 543; x_wconf 78' lang='lat' dir='ltr'><strong>scendi?</strong></span> <span class='ocrx_word' id='word_1_17' title='bbox 656 477 725 540; x_wconf 92' lang='lat' dir='ltr'><strong>in</strong></span> <span class='ocrx_word' id='word_1_18' title='bbox 770 475 1002 560; x_wconf 89' lang='lat' dir='ltr'><strong>quibus</strong></span> <span class='ocrx_word' id='word_1_19' title='bbox 1048 475 1282 539; x_wconf 89' lang='lat' dir='ltr'><strong>remoti</strong></span> <span class='ocrx_word' id='word_1_20' title='bbox 1329 474 1410 539; x_wconf 84' lang='lat' dir='ltr'><strong>ab</strong></span> <span class='ocrx_word' id='word_1_21' title='bbox 1458 475 1660 540; x_wconf 89' lang='lat' dir='ltr'><strong>oculis</strong></span> <span class='ocrx_word' id='word_1_22' title='bbox 1702 474 1929 558; x_wconf 89' lang='lat' dir='ltr'><strong>populi</strong></span> <span class='ocrx_word' id='word_1_23' title='bbox 1965 496 2153 541; x_wconf 89' lang='lat' dir='ltr'><strong>omne</strong></span> <span class='ocrx_word' id='word_1_24' title='bbox 2191 476 2350 539; x_wconf 90' lang='lat' dir='ltr'><strong>otio—</strong></span> 
     </span>
     <span class='ocr_line' id='line_1_4' title="bbox 345 562 2348 648; baseline -0.002 -17"><span class='ocrx_word' id='word_1_25' title='bbox 345 588 488 631; x_wconf 83' lang='lat' dir='ltr'><strong>sum</strong></span> <span class='ocrx_word' id='word_1_26' title='bbox 531 570 788 648; x_wconf 89' lang='lat' dir='ltr'><strong>tempus</strong></span> <span class='ocrx_word' id='word_1_27' title='bbox 835 564 1275 629; x_wconf 77' lang='lat' dir='ltr'>contrivimus,</span> <span class='ocrx_word' id='word_1_28' title='bbox 1365 562 1652 637; x_wconf 85' lang='lat' dir='ltr'><strong>Quarum</strong></span> <span class='ocrx_word' id='word_1_29' title='bbox 1706 584 1921 627; x_wconf 88' lang='lat' dir='ltr'><strong>rerum</strong></span> <span class='ocrx_word' id='word_1_30' title='bbox 1989 563 2348 628; x_wconf 78' lang='lat' dir='ltr'><strong>recordatio</strong></span> 
     </span>
     <span class='ocr_line' id='line_1_5' title="bbox 344 651 2348 735; baseline -0.001 -17"><span class='ocrx_word' id='word_1_31' title='bbox 344 659 409 719; x_wconf 89' lang='lat' dir='ltr'><strong>et</strong></span> <span class='ocrx_word' id='word_1_32' title='bbox 473 653 785 718; x_wconf 82' lang='lat' dir='ltr'><strong>memoria</strong></span> <span class='ocrx_word' id='word_1_33' title='bbox 849 651 904 717; x_wconf 89' lang='lat' dir='ltr'><strong>si</strong></span> <span class='ocrx_word' id='word_1_34' title='bbox 967 674 1096 716; x_wconf 89' lang='lat' dir='ltr'><strong>una</strong></span> <span class='ocrx_word' id='word_1_35' title='bbox 1154 673 1299 717; x_wconf 83' lang='lat' dir='ltr'><strong>cum</strong></span> <span class='ocrx_word' id='word_1_36' title='bbox 1362 652 1479 716; x_wconf 88' lang='lat' dir='ltr'><strong>illo</strong></span> <span class='ocrx_word' id='word_1_37' title='bbox 1537 651 1876 717; x_wconf 86' lang='lat' dir='ltr'><strong>occidisset</strong></span> <span class='ocrx_word' id='word_1_38' title='bbox 1883 702 1901 735; x_wconf 89' lang='lat'>‚</span> <span class='ocrx_word' id='word_1_39' title='bbox 1965 651 2348 716; x_wconf 87' lang='lat' dir='ltr'><strong>desiderium</strong></span> 
     </span>
     <span class='ocr_line' id='line_1_6' title="bbox 343 738 2430 823; baseline -0.002 -16"><span class='ocrx_word' id='word_1_40' title='bbox 343 740 851 808; x_wconf 86' lang='lat' dir='ltr'><strong>coniunctissimi</strong></span> <span class='ocrx_word' id='word_1_41' title='bbox 890 743 1083 823; x_wconf 86' lang='lat' dir='ltr'><strong>atque</strong></span> <span class='ocrx_word' id='word_1_42' title='bbox 1122 739 1553 804; x_wconf 74' lang='lat' dir='ltr'><strong>amantissimi</strong></span> <span class='ocrx_word' id='word_1_43' title='bbox 1588 739 1712 804; x_wconf 81' lang='lat' dir='ltr'><strong>viri</strong></span> <span class='ocrx_word' id='word_1_44' title='bbox 1751 738 1921 804; x_wconf 88' lang='lat' dir='ltr'><strong>ferre</strong></span> <span class='ocrx_word' id='word_1_45' title='bbox 1946 740 2130 806; x_wconf 93' lang='lat' dir='ltr'><strong>nullo</strong></span> <span class='ocrx_word' id='word_1_46' title='bbox 2159 740 2349 805; x_wconf 86' lang='lat' dir='ltr'><strong>modo</strong></span> <span class='ocrx_word' id='word_1_47' title='bbox 2406 757 2430 796; x_wconf 80' lang='lat'>⁵</span> 
     </span>
     <span class='ocr_line' id='line_1_7' title="bbox 344 826 2349 914; baseline -0.001 -20"><span class='ocrx_word' id='word_1_48' title='bbox 344 851 616 914; x_wconf 85' lang='lat' dir='ltr'><strong>possem.</strong></span> <span class='ocrx_word' id='word_1_49' title='bbox 683 826 806 893; x_wconf 87' lang='lat' dir='ltr'><strong>Sed</strong></span> <span class='ocrx_word' id='word_1_50' title='bbox 852 850 968 893; x_wconf 87' lang='lat' dir='ltr'><strong>nec</strong></span> <span class='ocrx_word' id='word_1_51' title='bbox 1012 828 1130 892; x_wconf 85' lang='lat' dir='ltr'><strong>illa</strong></span> <span class='ocrx_word' id='word_1_52' title='bbox 1177 828 1462 893; x_wconf 80' lang='lat' dir='ltr'><strong>extincta</strong></span> <span class='ocrx_word' id='word_1_53' title='bbox 1507 832 1660 892; x_wconf 85' lang='lat' dir='ltr'><strong>sunt</strong></span> <span class='ocrx_word' id='word_1_54' title='bbox 1704 828 2097 911; x_wconf 83' lang='lat' dir='ltr'><strong>alunturque</strong></span> <span class='ocrx_word' id='word_1_55' title='bbox 2132 829 2349 914; x_wconf 87' lang='lat' dir='ltr'><strong>potius</strong></span> 
     </span>
     <span class='ocr_line' id='line_1_8' title="bbox 344 916 2349 1004; baseline -0.001 -22"><span class='ocrx_word' id='word_1_56' title='bbox 344 923 409 982; x_wconf 92' lang='lat' dir='ltr'><strong>et</strong></span> <span class='ocrx_word' id='word_1_57' title='bbox 456 921 774 1003; x_wconf 78' lang='lat' dir='ltr'><strong>augentur</strong></span> <span class='ocrx_word' id='word_1_58' title='bbox 820 917 1214 1004; x_wconf 74' lang='lat' dir='ltr'><strong>cogitatione</strong></span> <span class='ocrx_word' id='word_1_59' title='bbox 1262 921 1329 981; x_wconf 91' lang='lat' dir='ltr'><strong>et</strong></span> <span class='ocrx_word' id='word_1_60' title='bbox 1375 917 1686 982; x_wconf 81' lang='lat' dir='ltr'><strong>memoria</strong></span> <span class='ocrx_word' id='word_1_61' title='bbox 1741 938 1911 999; x_wconf 85' lang='lat' dir='ltr'><strong>mea,</strong></span> <span class='ocrx_word' id='word_1_62' title='bbox 1966 921 2059 1000; x_wconf 88' lang='lat' dir='ltr'><strong>et,</strong></span> <span class='ocrx_word' id='word_1_63' title='bbox 2115 916 2171 981; x_wconf 88' lang='lat' dir='ltr'><strong>si</strong></span> <span class='ocrx_word' id='word_1_64' title='bbox 2188 943 2197 949; x_wconf 92' lang='lat'><strong>·</strong></span> <span class='ocrx_word' id='word_1_65' title='bbox 2215 917 2349 981; x_wconf 90' lang='lat' dir='ltr'><strong>illis</strong></span> 
     </span>
     <span class='ocr_line' id='line_1_9' title="bbox 342 1005 2347 1091; baseline -0.001 -20"><span class='ocrx_word' id='word_1_66' title='bbox 342 1007 534 1091; x_wconf 74' lang='lat' dir='ltr'><strong>plane</strong></span> <span class='ocrx_word' id='word_1_67' title='bbox 599 1006 866 1070; x_wconf 85' lang='lat' dir='ltr'><strong>orbatus</strong></span> <span class='ocrx_word' id='word_1_68' title='bbox 932 1027 1165 1088; x_wconf 87' lang='lat' dir='ltr'><strong>essem,</strong></span> <span class='ocrx_word' id='word_1_69' title='bbox 1240 1026 1549 1091; x_wconf 82' lang='lat' dir='ltr'><strong>magnum</strong></span> <span class='ocrx_word' id='word_1_70' title='bbox 1621 1009 1843 1070; x_wconf 83' lang='lat' dir='ltr'><strong>tamen</strong></span> <span class='ocrx_word' id='word_1_71' title='bbox 1916 1005 2127 1069; x_wconf 79' lang='lat' dir='ltr'><strong>adfert</strong></span> <span class='ocrx_word' id='word_1_72' title='bbox 2189 1005 2347 1069; x_wconf 90' lang='lat' dir='ltr'><strong>mihi</strong></span> 
     </span>
    </p>
   </div>
   <div class='ocr_carea' id='block_1_3' title="bbox 211 1093 2348 1178">
    <p class='ocr_par' dir='ltr' id='par_1_3' title="bbox 211 1093 2348 1178">
     <span class='ocr_line' id='line_1_10' title="bbox 211 1093 2348 1178; baseline 0 -22"><span class='ocrx_word' id='word_1_73' title='bbox 211 1149 217 1156; x_wconf 88' lang='lat'>.</span> <span class='ocrx_word' id='word_1_74' title='bbox 342 1098 522 1159; x_wconf 81' lang='lat' dir='ltr'><strong>aetas</strong></span> <span class='ocrx_word' id='word_1_75' title='bbox 567 1095 711 1178; x_wconf 82' lang='lat' dir='ltr'><strong>ipsa.</strong></span> <span class='ocrx_word' id='word_1_76' title='bbox 757 1094 1085 1158; x_wconf 84' lang='lat' dir='ltr'><strong>solacium.</strong></span> <span class='ocrx_word' id='word_1_77' title='bbox 1158 1093 1421 1158; x_wconf 85' lang='lat' dir='ltr'><strong>Diutius</strong></span> <span class='ocrx_word' id='word_1_78' title='bbox 1477 1094 1646 1157; x_wconf 87' lang='lat' dir='ltr'><strong>enim</strong></span> <span class='ocrx_word' id='word_1_79' title='bbox 1699 1093 1831 1157; x_wconf 82' lang='lat' dir='ltr'><strong>iam</strong></span> <span class='ocrx_word' id='word_1_80' title='bbox 1887 1094 1955 1157; x_wconf 92' lang='lat' dir='ltr'><strong>in</strong></span> <span class='ocrx_word' id='word_1_81' title='bbox 2006 1094 2131 1158; x_wconf 89' lang='lat' dir='ltr'><strong>hoc</strong></span> <span class='ocrx_word' id='word_1_82' title='bbox 2190 1094 2348 1157; x_wconf 81' lang='lat' dir='ltr'><strong>desi·</strong></span> 
     </span>
    </p>
   </div>
   <div class='ocr_carea' id='block_1_4' title="bbox 340 1180 2429 1531">
    <p class='ocr_par' dir='ltr' id='par_1_4' title="bbox 343 1180 2429 1355">
     <span class='ocr_line' id='line_1_11' title="bbox 343 1180 2429 1266; baseline 0 -20"><span class='ocrx_word' id='word_1_83' title='bbox 343 1183 517 1247; x_wconf 90' lang='lat' dir='ltr'><strong>derio</strong></span> <span class='ocrx_word' id='word_1_84' title='bbox 565 1204 704 1246; x_wconf 90' lang='lat' dir='ltr'><strong>esse</strong></span> <span class='ocrx_word' id='word_1_85' title='bbox 749 1204 880 1246; x_wconf 91' lang='lat' dir='ltr'><strong>non</strong></span> <span class='ocrx_word' id='word_1_86' title='bbox 924 1203 1207 1266; x_wconf 89' lang='lat' dir='ltr'><strong>possum.</strong></span> <span class='ocrx_word' id='word_1_87' title='bbox 1298 1180 1531 1246; x_wconf 81' lang='lat' dir='ltr'><strong>Omnia</strong></span> <span class='ocrx_word' id='word_1_88' title='bbox 1585 1185 1802 1247; x_wconf 80' lang='lat' dir='ltr'><strong>autem</strong></span> <span class='ocrx_word' id='word_1_89' title='bbox 1849 1182 2072 1246; x_wconf 80' lang='lat' dir='ltr'><strong>brevia</strong></span> <span class='ocrx_word' id='word_1_90' title='bbox 2116 1183 2349 1246; x_wconf 79' lang='lat' dir='ltr'><strong>tolera·</strong></span> <span class='ocrx_word' id='word_1_91' title='bbox 2383 1201 2429 1237; x_wconf 75' lang='grc' dir='ltr'><strong>ιο</strong></span> 
     </span>
     <span class='ocr_line' id='line_1_12' title="bbox 344 1270 1786 1355; baseline -0.001 -19"><span class='ocrx_word' id='word_1_92' title='bbox 344 1271 501 1344; x_wconf 82' lang='lat' dir='ltr'><strong>bilia</strong></span> <span class='ocrx_word' id='word_1_93' title='bbox 546 1292 686 1335; x_wconf 89' lang='lat' dir='ltr'><strong>esse</strong></span> <span class='ocrx_word' id='word_1_94' title='bbox 733 1270 984 1353; x_wconf 86' lang='lat' dir='ltr'><strong>debent,</strong></span> <span class='ocrx_word' id='word_1_95' title='bbox 1030 1270 1287 1335; x_wconf 84' lang='lat' dir='ltr'><strong>etiamsi</strong></span> <span class='ocrx_word' id='word_1_96' title='bbox 1333 1291 1570 1355; x_wconf 84' lang='lat' dir='ltr'><strong>magna</strong></span> <span class='ocrx_word' id='word_1_97' title='bbox 1617 1274 1786 1334; x_wconf 91' lang='lat' dir='ltr'><strong>sunt.</strong></span> 
     </span>
    </p>

    <p class='ocr_par' dir='ltr' id='par_1_5' title="bbox 340 1355 2348 1531">
     <span class='ocr_line' id='line_1_13' title="bbox 472 1355 2348 1441; baseline -0.001 -19"><span class='ocrx_word' id='word_1_98' title='bbox 472 1358 651 1425; x_wconf 85' lang='lat' dir='ltr'><strong>Haec</strong></span> <span class='ocrx_word' id='word_1_99' title='bbox 694 1359 896 1424; x_wconf 82' lang='lat' dir='ltr'><strong>habui</strong></span> <span class='ocrx_word' id='word_1_100' title='bbox 942 1359 1018 1423; x_wconf 95' lang='lat' dir='ltr'><strong>de</strong></span> <span class='ocrx_word' id='word_1_101' title='bbox 1064 1358 1351 1423; x_wconf 81' lang='lat' dir='ltr'><strong>amicitia</strong></span> <span class='ocrx_word' id='word_1_102' title='bbox 1397 1380 1561 1441; x_wconf 84' lang='lat' dir='ltr'><strong>quae</strong></span> <span class='ocrx_word' id='word_1_103' title='bbox 1599 1358 1891 1423; x_wconf 83' lang='lat' dir='ltr'><strong>dicerem.</strong></span> <span class='ocrx_word' id='word_1_104' title='bbox 1956 1355 2092 1421; x_wconf 87' lang='lat' dir='ltr'><strong>Vos</strong></span> <span class='ocrx_word' id='word_1_105' title='bbox 2130 1362 2348 1422; x_wconf 77' lang='lat' dir='ltr'><strong>autem</strong></span> 
     </span>
     <span class='ocr_line' id='line_1_14' title="bbox 340 1446 2348 1531; baseline -0.002 -18"><span class='ocrx_word' id='word_1_106' title='bbox 340 1449 586 1531; x_wconf 85' lang='lat' dir='ltr'><strong>hortor,</strong></span> <span class='ocrx_word' id='word_1_107' title='bbox 631 1452 705 1511; x_wconf 92' lang='lat' dir='ltr'><strong>ut</strong></span> <span class='ocrx_word' id='word_1_108' title='bbox 740 1448 836 1511; x_wconf 76' lang='lat' dir='ltr'><strong>ita</strong></span> <span class='ocrx_word' id='word_1_109' title='bbox 881 1447 1189 1512; x_wconf 84' lang='lat' dir='ltr'><strong>virtutem</strong></span> <span class='ocrx_word' id='word_1_110' title='bbox 1237 1447 1480 1529; x_wconf 85' lang='lat' dir='ltr'><strong>locetis,</strong></span> <span class='ocrx_word' id='word_1_111' title='bbox 1528 1446 1663 1511; x_wconf 89' lang='lat' dir='ltr'><strong>sine</strong></span> <span class='ocrx_word' id='word_1_112' title='bbox 1710 1468 1838 1529; x_wconf 82' lang='lat' dir='ltr'><strong>qua</strong></span> <span class='ocrx_word' id='word_1_113' title='bbox 1884 1446 2171 1511; x_wconf 79' lang='lat' dir='ltr'><strong>amicitia</strong></span> <span class='ocrx_word' id='word_1_114' title='bbox 2208 1467 2348 1511; x_wconf 85' lang='lat' dir='ltr'><strong>esse</strong></span> 
     </span>
    </p>
   </div>
   <div class='ocr_carea' id='block_1_5' title="bbox 211 1531 2350 1620">
    <p class='ocr_par' dir='ltr' id='par_1_6' title="bbox 211 1531 2350 1620">
     <span class='ocr_line' id='line_1_15' title="bbox 211 1531 2350 1620; baseline -0.001 -18"><span class='ocrx_word' id='word_1_115' title='bbox 211 1531 216 1535; x_wconf 68' lang='grc'>’</span> <span class='ocrx_word' id='word_1_116' title='bbox 341 1558 471 1602; x_wconf 90' lang='lat' dir='ltr'><strong>non</strong></span> <span class='ocrx_word' id='word_1_117' title='bbox 514 1540 751 1620; x_wconf 88' lang='lat' dir='ltr'><strong>potest,</strong></span> <span class='ocrx_word' id='word_1_118' title='bbox 795 1540 869 1601; x_wconf 88' lang='lat' dir='ltr'><strong>ut</strong></span> <span class='ocrx_word' id='word_1_119' title='bbox 914 1557 991 1600; x_wconf 80' lang='lat' dir='ltr'><strong>ea</strong></span> <span class='ocrx_word' id='word_1_120' title='bbox 1036 1539 1302 1619; x_wconf 82' lang='lat' dir='ltr'><strong>excepta</strong></span> <span class='ocrx_word' id='word_1_121' title='bbox 1347 1535 1510 1599; x_wconf 89' lang='lat' dir='ltr'><strong>nihil</strong></span> <span class='ocrx_word' id='word_1_122' title='bbox 1558 1535 1844 1599; x_wconf 81' lang='lat' dir='ltr'><strong>amicitia</strong></span> <span class='ocrx_word' id='word_1_123' title='bbox 1889 1535 2350 1618; x_wconf 72' lang='lat' dir='ltr'><strong>praestabilius</strong></span> 
     </span>
    </p>
   </div>
   <div class='ocr_carea' id='block_1_6' title="bbox 340 1624 2428 1709">
    <p class='ocr_par' dir='ltr' id='par_1_7' title="bbox 340 1624 2428 1709">
     <span class='ocr_line' id='line_1_16' title="bbox 340 1624 2428 1709; baseline -0.004 -19"><span class='ocrx_word' id='word_1_124' title='bbox 340 1624 601 1709; x_wconf 80' lang='lat' dir='ltr'><strong>putetis,</strong></span> <span class='ocrx_word' id='word_1_125' title='bbox 2380 1638 2428 1681; x_wconf 70' lang='grc' dir='ltr'><strong>ιε</strong></span> 
     </span>
    </p>
   </div>
  </div>
 </body>
</html>
