2630 3913
860 197 951 251 vl
1013 196 1163 250 CAP
1205 203 1254 258 ⁶2
1294 204 1339 250 3.
1399 204 1428 263 ς
1464 200 1690 253 46—52.
2155 191 2283 262 213

270 361 491 447 signa,
545 359 834 442 tabulas,
891 358 1362 443 supellectilem
1417 361 1483 423 et
1537 364 1780 423 vestem
1836 353 2087 423 infinite
2142 380 2292 424 con-

269 448 628 531 cupiscenti
664 469 794 512 non
832 447 1025 512 modo
1064 446 1145 511 ad
1183 452 1514 531 sumptum
1559 447 1672 510 ille
1719 450 1820 511 est
1862 445 2130 529 fructus,
2177 448 2287 511 sed

277 538 473 601 etiam
539 537 620 601 ad
681 537 908 600 faenus
973 535 1258 620 exiguus,
1370 534 1468 598 Ex
1534 556 1675 599 meo
1740 536 1917 599 tenui
1984 536 2290 619 vectigali

277 625 585 690 detractis
643 624 1008 707 sumptibus
1065 623 1439 707 cupiditatis
1504 623 1748 706 aliquid
1811 624 2008 688 etiam
2062 623 2288 687 redun-

217 730 250 770 ὑ
279 714 476 777 dabit.
548 711 714 778 Uter
749 712 953 797 igitur
989 716 1089 776 est
1131 711 1412 794 divitior,
1455 712 1556 776 cui
1604 711 1785 775 deest
1829 733 1912 775 an
1957 712 2058 777 cui
2105 732 2288 796 supe·

278 802 425 866 rat?
483 800 595 885 qui
648 804 797 886 eget
852 822 931 865 an
990 799 1100 883 qui
1156 799 1485 865 abundat?
1545 799 1723 864 cuius
1777 800 2102 883 possessio
2160 820 2285 883 quo

274 894 379 955 est
424 889 657 972 maior,
712 909 786 953 eo
833 889 981 973 plus
1029 888 1300 971 requirit
1349 888 1428 952 ad
1476 909 1542 951 se
1596 888 1929 972 tuendam,
1985 909 2067 952 an
2123 909 2286 972 quae

276 979 411 1042 suis
460 999 528 1042 se
575 977 820 1041 viribus
868 975 1190 1041 sustinet?
1263 973 1388 1040 Sed
1432 976 1584 1060 quid
1622 997 1743 1060 ego
1782 976 1859 1040 de
1895 998 1999 1040 me
2038 977 2287 1059 loquor,
2325 994 2398 1041 50

279 1068 388 1151 qui
435 1087 690 1130 morum
737 1086 812 1129 ac
856 1068 1223 1150 temporum
1268 1064 1429 1129 vitio
1477 1064 1879 1147 aliquantum
1917 1065 2112 1129 etiam
2149 1064 2288 1148 ipse

197 1172 253 1211 ιο
277 1154 559 1220 fortasse
603 1153 673 1216 in
718 1151 909 1217 huius
956 1153 1194 1218 saeculi
1242 1173 1457 1217 errore
1505 1152 1762 1217 verser?
1835 1152 1936 1217 Μ’.
1981 1152 2287 1217 Manilius

278 1247 541 1328 patrum
586 1244 959 1306 nostrorum
1005 1241 1336 1323 memoria,
1380 1262 1461 1305 ne
1509 1262 1758 1325 semper
1795 1238 2023 1305 Curios
2065 1244 2133 1305 et
2169 1240 2288 1305 Lu·

281 1331 494 1396 seinos
549 1329 919 1413 loquamur,
981 1350 1226 1414 pauper
1283 1329 1545 1394 tandem
1598 1328 1767 1393 fuit‘?
1830 1328 2062 1393 habuit
2118 1329 2285 1392 enim

279 1418 603 1484 aediculas
649 1418 717 1481 in
763 1415 1016 1484 Carinis
1063 1421 1129 1482 et
1171 1416 1441 1481 fundum
1488 1417 1556 1480 in
1600 1416 1959 1499 Labican03
2002 1438 2121 1481 nos
2169 1416 2287 1501 igi-

279 1511 389 1572 tur
435 1506 796 1589 divitiores,
855 1506 964 1589 qui
1011 1506 1198 1590 plura
1244 1504 1602 1570 habemus?
1690 1504 1958 1570 Utinam
2006 1505 2285 1588 quidem!

201 1612 253 1651 ¹⁵
283 1595 393 1661 sed
439 1616 568 1659 non
615 1593 1067 1659 aestimatione
1112 1615 1359 1676 census,
1403 1615 1626 1658 verum
1663 1594 1835 1660 victu
1876 1598 2070 1677 atque
2109 1594 2288 1657 cultu

281 1684 666 1750 terminatur
695 1682 999 1767 pecuniae
1028 1683 1272 1747 modus,
1338 1680 1488 1747 Non
1516 1703 1655 1747 esse
1684 1682 1982 1767 cupidum
2020 1683 2289 1766 pecunia
2326 1697 2389 1746 51

280 1777 406 1852 est,
459 1793 591 1837 non
646 1792 786 1836 esse
841 1792 1123 1838 emacem
1178 1771 1458 1856 vectigal
1521 1775 1647 1853 est3
1709 1774 2082 1837 contentum
2138 1790 2289 1834 vero

281 1862 413 1926 suis
460 1861 653 1925 rebus
700 1880 841 1925 esse
886 1860 1205 1926 maximae
1251 1864 1403 1924 sunt
1450 1860 1974 1944 certissimaeque
2011 1858 2289 1923 divitiae.

279 1949 542 2016 Etenim
606 1948 663 2014 si
726 1948 841 2013 isti
904 1948 1123 2014 callidi
1185 1970 1397 2013 rerum
1466 1950 1913 2013 aestimatores
1977 1951 2166 2034 prata
2227 1951 2292 2012 et

197 2056 253 2094 20
283 2059 466 2102 areas
513 2037 825 2138 quasdam
870 2058 1110 2123 magno
1159 2037 1524 2119 aestimant,
1572 2038 1742 2121 quod
1787 2037 1845 2102 ei
1892 2037 2113 2123 generi
2149 2058 2291 2122 pos·

284 2125 645 2191 sessionum
708 2125 973 2189 minime
1040 2126 1223 2208 quasi
1286 2127 1503 2190 noceri
1578 2129 1827 2210 potest,
1901 2126 2125 2209 quanti
2192 2129 2291 2189 est

285 2212 687 2279 aestimanda
729 2212 964 2295 virtus,
1019 2234 1182 2296 quae
1235 2235 1353 2279 nec
1409 2214 1570 2298 eripi
1615 2234 1731 2279 nec
1779 2214 2029 2297 subripi
2074 2216 2291 2297 potest

281 2322 490 2384 neque
547 2299 888 2385 naufragio
952 2321 1156 2384 neque
1218 2301 1512 2367 incendio
1578 2302 1901 2366 amittitur
1963 2322 2079 2366 nec
2134 2306 2290 2365 tem·

283 2392 611 2474 pestatum
664 2409 782 2453 nec
835 2392 1200 2473 temporum
1254 2390 1742 2474 perturbatione
1789 2393 2100 2453 mutatur!
2164 2412 2290 2473 qua

199 2493 253 2532 2⁵
285 2477 562 2562 praediti
600 2476 711 2560 qui
747 2480 917 2560 sunt,
953 2477 1076 2542 soli
1116 2480 1265 2541 sunt
1295 2477 1554 2561 divites;
1591 2478 1714 2543 soli
1752 2477 1922 2543 enim
1958 2477 2291 2562 possident
2326 2495 2393 2543 59

283 2587 386 2630 res
425 2568 492 2629 et
525 2564 890 2630 fructuosas
928 2568 994 2629 et
1031 2565 1456 2649 sempiternas
1494 2567 1760 2650 solique,
1807 2565 1978 2650 quod
2015 2570 2113 2630 est
2146 2587 2289 2650 pro·

282 2654 496 2739 prium
544 2652 935 2738 divitiarum,
980 2654 1265 2718 contenti
1312 2659 1463 2719 sunt
1507 2655 1699 2719 rebus
1747 2655 1897 2738 suis,
1944 2655 2104 2719 satis
2151 2675 2289 2718 esse

281 2746 537 2826 putant,
582 2741 754 2825 quod
800 2745 918 2825 est,
964 2742 1125 2805 nihil
1170 2743 1501 2827 adpetunt,
1545 2743 1725 2807 nulla
1764 2765 1833 2807 re
1872 2749 2082 2828 egent,
2127 2744 2289 2807 nihiol

284 2830 409 2894 sibi
455 2831 674 2895 deesse
716 2830 1022 2912 sentiunt,
1066 2829 1230 2894 nihil
1269 2831 1631 2914 requirunt3
1676 2831 1932 2915 inprobi
1972 2837 2187 2896 autem
2226 2837 2291 2896 et

202 2933 253 2976 ιο
284 2919 482 3002 avari,
528 2919 833 3002 quoniam
879 2919 1158 2984 incertas
1205 2922 1401 3002 atque
1444 2919 1513 2983 in
1560 2941 1710 2984 casu
1756 2921 2004 3004 positas
2042 2940 2291 3004 posses-

283 3007 498 3071 siones
550 3006 794 3072 habent
848 3015 914 3072 et
967 3008 1115 3092 plus
1174 3027 1428 3092 semper
1490 3008 1829 3092 adpetunt,
1889 3028 2007 3071 nec
2070 3028 2291 3072 eorum

280 3095 625 3179 quisquam
661 3095 867 3160 adhuc
902 3095 1202 3160 inventus
1236 3099 1355 3179 est,
1391 3097 1561 3179 quoi,
1598 3095 1769 3179 quod
1795 3095 2084 3178 haberet,
2120 3099 2292 3160 esset

283 3183 462 3267 satis,
506 3205 638 3248 non
682 3185 873 3249 modo
920 3205 1051 3249 non
1096 3185 1341 3268 copiosi
1388 3206 1463 3249 ac
1510 3184 1761 3268 divites,
1806 3183 1918 3249 sed
1963 3183 2161 3248 etiam
2198 3183 2292 3247 in-

280 3291 436 3356 opes
483 3293 559 3338 ae
603 3294 920 3358 pauperes
967 3272 1378 3338 existimandi
1425 3276 1590 3338 sunt.
