2630 3913
769 193 1218 249 ORATIONUM.
1259 197 1322 248 A.
1362 194 1489 247 XIV
1531 201 1752 249 14-24.
2140 195 2266 258 281

344 358 734 437 foeditatibus
786 358 1197 438 inquinatum.
1290 355 1502 422 Cetera
1553 355 1652 419 hic
1704 357 2095 437 explananda
2146 377 2271 420 non

347 451 517 531 sunt,
564 467 718 527 quae
760 447 913 509 satis
957 446 1026 508 in
1063 444 1558 526 praecedentibus
1601 445 1890 509 diximus.

392 535 494 598 20.
540 533 779 598 iterum
817 555 856 596 a
890 532 1123 616 piratis
1161 534 1593 617 redemptum3
1641 554 1765 615 quo
1805 532 1973 596 enim
2011 534 2271 597 nomine

261 624 582 707 appellem
629 644 765 704 eos,
813 620 923 704 qui
967 626 1032 685 te
1077 621 1288 705 pretio
1339 625 1600 705 accepto
1647 621 2128 685 liberaverunt?

207 731 231 769 5
480 710 807 793 Siynifilcat
850 711 1078 773 iudices
1121 717 1236 793 eos,
1281 711 1390 790 qui
1425 715 1667 791 accepta
1690 711 1957 791 pecunia
1991 731 2165 775 reum
2200 712 2272 774 de

347 801 566 863 incesto
594 799 975 863 absolverant
1001 795 1303 879 Clodium,
1340 803 1414 862 ut
1435 803 1492 862 et
1517 800 1638 879 ipsi
1652 800 1901 880 piratae
1924 848 1938 860 .
1959 849 1971 861 .
1994 848 2007 861 .
2037 849 2050 862 .
2080 804 2270 863 turae.

393 889 495 951 21.
541 885 688 950 Nisi
733 907 885 951 vero
931 885 1329 949 liniamentis
1383 886 1663 949 hominis
1717 907 1953 950 nomen
2000 891 2066 950 et
2111 887 2271 972 figu-

260 976 350 1039 ris
395 976 710 1060 positum,
754 996 886 1038 non
931 975 1184 1038 naturis
1231 979 1441 1058 putas,

479 1063 719 1143 Definit
760 1063 1028 1127 hominis
1061 1063 1498 1144 proprietatem
1540 1082 1666 1126 non
1716 1063 2099 1128 liniamentis
2141 1084 2268 1129 cor-

183 1173 232 1210 ιο
338 1172 564 1233 porum
578 1201 593 1230 ,
619 1153 743 1215 ,sed
784 1152 1138 1214 animorum
1180 1151 1580 1231 qualitatibus
1623 1153 2105 1214 aestumandam.

396 1241 498 1303 22.
544 1238 707 1302 Tum
754 1238 1044 1303 habuisti
1091 1238 1401 1322 quasdam
1447 1237 1841 1321 formidineS,
1886 1260 2040 1320 quae
2086 1241 2271 1324 quasi

264 1349 507 1391 cornua
553 1327 868 1410 quaedam
916 1326 1283 1391 exciderunt,
1329 1326 1617 1411 impleta.

486 1416 654 1494 Quae
688 1415 763 1479 P.
801 1412 1019 1480 Clodio
1063 1417 1149 1479 ad
1186 1416 1355 1495 ferae
1398 1416 1663 1479 alicuius
1706 1420 1763 1479 et
1805 1415 2011 1479 beluae
2054 1417 2270 1480 simili-

353 1505 622 1568 tudinem
676 1504 1024 1585 adscripsit,
1075 1505 1261 1568 etiam
1313 1505 1422 1568 hoc
1469 1506 1536 1568 in
1579 1504 1747 1568 exitu
1791 1506 2002 1584 posuit
2043 1525 2274 1569 cornua

185 1610 236 1650 1⁵
351 1593 465 1677 illi,
491 1613 646 1675 quae
669 1592 950 1656 habuisse
973 1594 1280 1672 quondam
1306 1592 1637 1670 videbatur,
1669 1612 1835 1656 nune
1860 1611 1981 1656 esse
2007 1593 2273 1675 delapsa,

349 1686 422 1745 ut
461 1682 762 1745 nimirum
804 1701 1013 1745 sensus
1056 1680 1161 1744 ille
1202 1682 1308 1763 sit,
1363 1682 1561 1763 maqis
1612 1680 1743 1744 iam
1788 1684 2087 1744 contemni
2132 1678 2269 1746 Glo-

348 1771 521 1834 dium
564 1790 751 1850 quam
797 1771 1014 1833 timeri.

393 1859 495 1922 23.
541 1857 691 1922 Non
727 1858 898 1921 enim
935 1857 1250 1939 viderunt,
1299 1878 1460 1939 quos
1505 1856 1633 1941 ipsi
1679 1857 2115 1939 exturbarant,
2164 1879 2275 1922 eos

260 1946 328 2010 in
375 1945 704 2011 civitatem
750 1946 1108 2011 restitutos,

182 2055 235 2092 20
487 2034 550 2099 0.
580 2034 846 2099 Gracchi
880 2040 937 2099 et
969 2033 1302 2098 Saturnini
1346 2034 1618 2115 exempla
1660 2035 1971 2116 intulerat,
2015 2056 2276 2116 quornm

351 2122 506 2186 alter
548 2123 620 2185 in
654 2122 960 2186 Aventino
995 2122 1341 2201 interfectus
1384 2127 1486 2204 est,
1529 2123 1684 2186 alter
1721 2120 2020 2203 Capitolio
2065 2125 2275 2188 deduc-

355 2214 454 2273 tus
515 2230 652 2273 cum
716 2209 983 2274 Glaucia
1032 2215 1318 2290 praetore
1376 2210 1706 2291 iuqulatus.
1807 2209 1959 2275 Post
2016 2231 2276 2292 quorum

352 2317 553 2361 necem
602 2298 908 2362 restitutos
967 2298 1037 2360 in
1099 2299 1401 2361 civitatem
1454 2299 1763 2380 siqnifioat
1814 2297 1888 2362 P.
1941 2297 2275 2380 Popilium,

354 2387 462 2466 qui
507 2383 779 2449 Graccho
823 2390 1092 2466 cesserat,
1136 2390 1193 2449 et
1238 2385 1306 2464 Q.
1352 2386 1669 2450 Metellum
1704 2387 2125 2466 Numidicum,
2168 2390 2276 2469 qui

184 2494 238 2531 ιε»
352 2479 424 2537 ut
455 2475 804 2538 violentiam
840 2474 913 2537 L.
949 2473 1179 2554 Apulei
1222 2473 1667 2557 subterfuqeret,
1702 2475 2067 2540 exulaverat.
2132 2475 2275 2540 Glo-

351 2564 558 2626 riatur
591 2582 728 2645 erqo
761 2582 870 2627 suo
905 2563 1165 2645 nomine,
1198 2562 1362 2642 quod
1381 2563 1611 2627 vivente
1643 2564 1895 2627 inimico
1921 2583 2030 2628 suo
2059 2561 2276 2628 Clodio

351 2652 664 2716 restitutus
706 2652 805 2715 sit.

398 2740 499 2803 24.
555 2738 666 2822 qui
712 2739 909 2803 armis
957 2739 1291 2803 cessissem
1339 2738 1445 2802 vel
1490 2738 1620 2802 tuis
1667 2739 1957 2821 urbaniS,
2020 2740 2148 2822 vel,
2204 2744 2277 2803 ut

266 2827 484 2911 opinio
533 2830 673 2890 tum
721 2831 887 2910 erat,
934 2827 1178 2891 alienis.

182 2934 237 2974 so
485 2916 805 2980 Acerbitas
839 2921 926 2980 est
957 2916 1254 2997 querellae
1291 2965 1304 2978 .
1336 2965 1349 2977 .
1379 2964 1393 2978 .
1424 2964 1437 2978 .
1475 2913 1598 2979 Sed
1637 2914 1735 2979 hic
1779 2916 2042 2979 oratorie
2085 2916 2275 2997 valde,

350 3024 428 3068 ne
478 3006 616 3084 quis
669 3005 1046 3068 existimaret
1094 3004 1275 3084 quasi
1329 3003 1552 3067 bonum
1604 3005 1808 3067 virum
1852 3004 2191 3067 iudicatum
2235 3025 2277 3066 a

352 3092 639 3174 Pompeio
684 3113 837 3168 eum,
882 3112 1019 3157 cum
1054 3112 1171 3173 quo
1207 3111 1473 3156 exercere
1506 3091 1750 3156 desierit
1782 3092 2136 3172 simultates,
2180 3093 2273 3154 in-

350 3181 626 3262 viyilavit
675 3181 942 3259 Tullius,
999 3184 1072 3244 ut
1121 3200 1258 3243 eum
1308 3181 1517 3243 vir-um
1569 3180 1992 3243 cautissimum
2045 3180 2275 3261 diceret,

350 3270 458 3349 qui
491 3289 616 3332 non
651 3270 852 3351 maqis
895 3271 968 3333 de
1010 3269 1130 3348 fide
1166 3267 1351 3333 Clodi
1394 3273 1450 3333 et
1492 3268 1856 3348 innocentia,
1901 3287 2057 3348 quae
2099 3268 2278 3331 nulla

180 3374 232 3413 ³5
350 3358 450 3439 sit,
493 3377 681 3438 quam
725 3358 797 3421 de
839 3378 956 3421 sua
989 3356 1381 3438 providentia
1424 3355 1638 3419 habeat
1679 3357 2060 3420 securitatem
2102 3357 2275 3436 vitae,

350 3465 490 3509 cum
535 3445 663 3508 eius
707 3446 956 3509 insidiis
1000 3446 1194 3524 decipi
1226 3444 1442 3524 possit.

1055 3605 1204 3612 .—
