2630 3913
833 211 1253 268 PHILOSOPH.
1292 212 1351 268 F.
1390 212 1467 266 VI
1505 220 1694 268 6-14.
2156 212 2284 275 329

265 371 377 440 καὶ
404 378 675 450 πολλοῖς
703 368 739 438 6
772 369 970 456 λόγος
1006 362 1092 455 ἦν
1129 367 1244 438 διὰ
1281 375 1599 455 σπουδῆς,
1638 367 1728 449 ὥς
1764 370 1959 450 εἰκός,
2002 368 2130 440 ὑπὸ
2165 375 2285 438 τοῦ

268 459 659 527 δεινοτάτου
685 463 822 526 τῶν
851 458 1158 571 ῥητόρων
1188 463 1281 537 εἰς
1307 456 1430 544 τὴν
1457 463 1814 543 καλλίστην
1851 460 2286 568 πεποιημένος

265 546 615 615 ὑπόθεσιν.
688 544 887 614 Τοῦτ’
930 544 1090 632 ἠνία
1125 552 1434 656 Καίσαρα
1455 552 1884 657 κατηγορίαν
1931 544 2139 614 αὑτοῦ
2176 573 2286 614 νο-

268 641 539 745 μίζοντα
565 632 685 702 τὸν
712 637 834 701 τοῦ
853 633 1257 744 τεθνηκότος
1277 634 1368 701 δι’
1392 631 1601 701 αὑτὸν
1627 639 1920 701 ἔπαινον.
1950 632 2287 721 ’Ἐγραψεν

216 741 242 783 5
271 715 398 791 οὖν
453 721 701 802 πολλάς
754 747 941 800 τινας
992 719 1156 789 κατά
1209 726 1331 789 τοῦ
1377 721 1700 800 Κάτωνος
1744 726 1958 800 αἰτίας
2002 741 2288 807 συναγα-

269 810 436 898 γών·
499 807 575 878 τὸ
641 809 717 878 δὲ
781 815 1045 895 βιβλίον
1106 808 1504 876 Ἀντικάτων
1569 812 2051 920 ἐπιγέγραπται.
2152 809 2287 876 Καὶ

270 896 691 978 σπουδαστάς
727 903 861 1005 ἔχει
893 901 1029 965 τῶν
1067 897 1289 982 λόγων
1328 897 1634 983 ἑκάτερος
1672 899 1781 964 διὰ
1824 904 2133 1010 Καίσαρα
2178 897 2289 964 καὶ

271 986 563 1054 Κάτωνα
609 985 913 1065 πολλούς.
962 1024 1043 1034 —-
1090 989 1189 1054 Id.
1237 987 1357 1053 Cic.
1402 994 1487 1054 39
1524 984 1592 1051 Ὁ
1617 992 1925 1096 Καῖσαρ,
1973 983 2064 1065 ὥς
2111 983 2288 1053 εἶδεν
2410 1027 2433 1052 2

272 1072 480 1141 αὐτὸν
525 1076 933 1183 (Ciceronem)
987 1071 1159 1141 πολὺ
1213 1071 1342 1159 πρὸ
1398 1077 1533 1140 τῶν
1589 1071 1812 1140 ἄλλων
1868 1072 2288 1158 άπαντωντα,

194 1183 244 1222 10
270 1164 510 1247 κατέβη
558 1162 668 1228 καὶ
711 1160 1057 1270 ἠσπάσατο
1112 1160 1224 1227 καὶ
1270 1160 1741 1246 διαλεγόμενος
1785 1161 1971 1250 μόνῳ
2020 1180 2287 1247 συχνων

272 1254 565 1317 σταδίων
614 1246 779 1316 ὁδὸν
816 1253 1179 1358 προῆλθεν.
1235 1246 1343 1314 Ἐκ
1381 1247 1456 1314 δὲ
1490 1247 1735 1315 τούτου
1774 1231 2044 1315 διετέλει
2078 1254 2289 1335 τιμῶν

271 1336 384 1404 καὶ
429 1336 1075 1445 φιλοφρονούμενος,
1124 1333 1290 1403 ωστε
1327 1335 1438 1402 καὶ
1478 1335 1809 1444 γράψαντι
1845 1334 2050 1445 λόγον
2091 1336 2290 1420 ἐγκώ-

272 1450 430 1534 μιον
487 1423 810 1502 Κάτωνος
865 1421 1298 1510 ἀντιγράφων
1352 1423 1474 1490 τόν
1527 1449 1598 1491 τε
1652 1423 1859 1509 λόγον
1916 1421 2125 1490 αὐτοῦ
2179 1423 2291 1490 καὶ

271 1510 393 1580 τὸν
431 1517 584 1596 βίον
623 1538 714 1590 ως
749 1510 1033 1621 μάλιστα
1066 1537 1158 1601 τω
1190 1514 1593 1621 Περικλέους
1631 1511 1891 1579 ἐοικότα
1927 1512 2037 1577 καὶ
2075 1518 2287 1599 Θηρα-

197 1620 244 1661 15
274 1602 530 1711 μένους
578 1602 889 1667 ἐπαινεῖν.
971 1596 1040 1664 Ὁ
1090 1579 1215 1710 μὲν
1271 1591 1399 1666 οὖν
1455 1600 1836 1684 Κικέρωνος
1900 1598 2097 1684 λόγος
2150 1600 2290 1666 Κά-

272 1715 437 1773 των,
500 1684 535 1755 6
584 1686 660 1756 δὲ
705 1692 1049 1774 Καίσαρος
1090 1685 1486 1754 Ἀντικάτων
1534 1689 2015 1775 ἐπιγέ.γραπται
2063 1726 2144 1735 -
2196 1689 2289 1770 Cf.

270 1779 449 1844 schol.
502 1778 643 1844 Iuv.
700 1777 802 1844 VI
836 1784 990 1857 338,
1042 1779 1240 1842 Mart.
1287 1777 1436 1859 Cap.
1493 1777 1556 1844 V
1590 1784 1720 1844 468
1772 1799 1862 1844 ex.
1904 1798 1973 1860 p.
2017 1782 2160 1843 463
2205 1783 2291 1844 21

272 1868 491 1931 Halm.

410 1956 509 2020 13.
575 1953 731 2021 Geli.
787 1954 990 2019 XIII
1031 1959 1137 2020 20.
1190 1960 1234 2019 3
1293 1953 1426 2018 Hic
1485 1990 1559 2001 —
1627 1959 1716 2019 est
1774 1955 1870 2019 M
1925 1953 2103 2039 Cato,
2166 1976 2293 2021 non

191 2061 247 2101 20
274 2049 654 2124 eoqnomento
690 2042 910 2124 Nepos,
954 2044 1059 2107 sed
1091 2042 1187 2106 M
1215 2040 1468 2106 Catonis
1501 2043 1759 2107 censorii
1801 2063 1876 2107 ex
1916 2044 2048 2124 filio
2091 2064 2291 2126 nepos,

273 2131 381 2211 qui
416 2136 597 2211 pater
636 2131 765 2210 fuit
806 2131 902 2195 M.
950 2129 1217 2212 Catonis,
1255 2131 1556 2210 praetorii
1596 2131 1737 2212 viri,
1781 2132 1890 2211 qui
1933 2130 2080 2195 bello
2125 2133 2293 2197 civili

286 2218 496 2283 Uticae
536 2237 736 2282 necem
779 2219 898 2282 sibi
934 2219 1145 2300 yladio
1198 2238 1393 2282 manu
1443 2237 1562 2282 sua
1614 2220 1931 2294 conscivit;
1990 2220 2063 2283 de
2115 2221 2290 2284 cuius

272 2307 402 2370 vita
448 2306 597 2370 liber
641 2310 729 2370 est
752 2305 847 2368 M.
878 2303 1201 2387 CiceroniS,
1245 2307 1355 2386 qui
1396 2306 1754 2370 inscribitur
1800 2305 1961 2370 ‘laus
1998 2305 2290 2388 Catonis'‚

272 2414 450 2475 quem
485 2395 555 2456 in
600 2394 798 2457 eodem
844 2393 996 2457 libro
1040 2394 1200 2456 idem
1237 2391 1444 2457 Cicero
1477 2399 1868 2475 pronepotem
1908 2393 2101 2472 fuisse
2144 2395 2292 2459 dicit

192 2498 244 2538 2⁵
272 2481 368 2546 M.
417 2480 669 2547 Catonis
712 2482 984 2544 censorii.
1064 2481 1227 2544 Eius
1271 2482 1481 2563 icitur,
1525 2501 1702 2561 quem
1746 2480 1950 2545 Cicero
1997 2481 2289 2563 laudavit,

260 2574 446 2650 pater
496 2568 595 2633 hic
634 2568 764 2647 fuit
804 2569 899 2632 M
946 2566 1122 2644 Cato,
1178 2570 1353 2633 cuius
1396 2571 1697 2633 orationes
1737 2568 2025 2647 feruntur
2070 2570 2287 2632 inscri-

260 2662 409 2738 ptae
452 2657 548 2721 M
595 2655 846 2722 Catonis
891 2656 1161 2738 Nepotis.
1210 2692 1291 2701 —
1340 2655 1439 2721 Id.
1484 2657 1560 2721 ib.
1601 2661 1684 2720 14
1729 2656 1803 2721 Is
1846 2657 1941 2722 M.
1980 2655 2131 2721 Cato
2178 2658 2290 2721 tri-

272 2745 472 2809 bunus
494 2745 587 2825 pl.
619 2744 750 2823 fuit
780 2750 836 2808 ct
867 2749 1226 2825 praeturam
1250 2749 1464 2825 petens
1498 2750 1751 2808 mortem
1797 2745 1958 2827 obiit,
2003 2765 2077 2809 ex
2111 2765 2293 2826 eoque

272 2837 458 2897 natus
501 2837 591 2897 est
630 2831 727 2896 M.
773 2830 923 2897 Cato
958 2833 1337 2915 praetorius,
1390 2833 1499 2913 qui
1542 2852 1603 2896 se
1655 2833 1802 2896 bello
1857 2833 2025 2897 civili
2082 2832 2290 2898 Uticae

193 2937 246 2976 *ο
272 2920 609 2997 interemit‚·
673 2921 746 2985 de
807 2921 982 2984 cuius
1041 2921 1170 2984 vita
1234 2919 1631 3001 laudibusque
1692 2940 1830 2983 cum
1891 2920 1989 2983 M
2047 2920 2293 2984 Tullius

271 3009 577 3089 scriberet,
633 3013 1014 3088 pronepotem
1065 3028 1203 3071 eum
1258 3006 1513 3073 Catonis
1564 3009 1821 3072 censorii
1873 3008 2034 3071 dixit
2079 3007 2289 3086 fuisse.

413 3097 508 3159 14.
562 3096 837 3159 Maerob.
882 3094 1012 3161 Sat.
1072 3095 1174 3158 VI
1208 3100 1271 3161 2.
1315 3101 1401 3160 33
1455 3095 1584 3158 Nec
1631 3095 1834 3159 Tullio
1890 3095 2289 3175 compilandO,

270 3184 595 3248 dummodo
620 3184 889 3264 undique
914 3188 1276 3247 ornamenta
1300 3183 1420 3248 sibi
1444 3184 1756 3265 conferret,
1783 3183 2082 3247 abstinuit
2106 3182 2290 3264 (Ver-

264 3270 518 3354 yilius).·
573 3269 591 3298 ‘
606 3269 660 3335 Ο
700 3271 880 3350 fama
922 3273 1160 3354 ingens,
1213 3272 1517 3353 inyentior
1560 3272 1782 3355 armis,
1834 3272 1930 3334 vir
1981 3269 2289 3335 Troiane?

188 3376 241 3416 ³5
271 3359 506 3440 Nempe
564 3358 675 3423 hoc
736 3359 857 3437 ait,
919 3360 1196 3423 Aeneam
1252 3361 1497 3439 famam
1547 3379 1729 3424 suam
1787 3358 1972 3439 factis
2029 3358 2292 3439 fortibus

267 3468 385 3601 {31²3
386 3466 658 3598 θ’ἰῖξεεὲ
658 3448 1298 3600 moafflepfflffig
1331 3447 1621 3598 {zm
1648 3467 1875 3599 35230221-
1890 3445 2290 3619 “3352ss-
