2630 3913
688 234 1133 291 oaA'moNUM.
1173 236 1237 289 A.
1277 234 1405 288 vm
1443 234 1626 289 6-1x
1661 236 1790 304 Arg.
2112 232 2239 298 259

374 399 473 464 10.
527 399 716 463 Aras.
758 420 825 480 Ρ.
869 402 996 465 251
1041 396 1161 462 Οἰο.
1205 419 1324 479 pro
1371 395 1639 461 Comaei..-
1696 394 1862 471 Quid
1915 417 2018 461 me
2074 396 2242 482 apud

236 486 486 571 equites
532 485 860 551 Romanos
909 486 1247 551 offendisse
1295 484 1641 549 dicebant?

376 577 471 639 11.
517 576 706 640 Aras.
742 596 807 656 Ρ.
843 579 972 639 216
1009 574 1129 641 Cic.
1154 594 1275 656 pro
1309 571 1588 639 Cornelio
1623 573 1740 636 II:
1787 572 1845 637 si
1887 594 2004 639 vos
2051 574 2242 637 huius

233 663 532 728 fortunas
577 684 930 748 paucorum
978 661 1123 727 odio
1170 660 1706 727 adiudioaveritis.

181 770 210 810 5
376 753 473 815 12.
518 752 708 816 Aras,
743 773 810 833 Ρ.
854 755 987 816 224
1036 749 1155 816 Cic.
1191 771 1311 832 pro
1359 749 1634 816 Cornelio
1674 749 1791 813 II:
1838 749 1920 814 ad
1965 750 2243 815 miserri-

238 862 414 905 mum
460 839 1101 923 crudelissimumque
1149 838 1550 903 dominatum
1597 836 1740 901 dedi
1784 837 2142 922 patiamini.

375 928 473 993 13.
519 929 709 993 Aras.
747 949 810 1009 Ρ.
855 931 989 993 226
1035 925 1156 993 Cic.
1200 948 1321 1008 Ρνο
1368 925 1646 991 Cornelio
1690 925 1806 990 II.-
1863 947 2057 1010 quam
2106 926 2245 990 dili·

238 1019 465 1102 gentes
513 1016 839 1080 libertatis
883 1037 999 1080 vos
1047 1018 1346 1100 oporteat
1391 1034 1548 1078 esse.

376 1105 474 1169 14.
528 1104 694 1171 Serv.
745 1105 832 1169 ad
883 1104 1053 1187 Very.
1097 1104 1252 1167 Aen.
1299 1103 1418 1167 XI
1457 1107 1584 1167 708
1639 1101 1844 1167 Cicero
1898 1103 1967 1166 in
2024 1102 2242 1168 Corne-

163 1213 211 1253 ιο
239 1193 461 1257 lianis:
505 1213 588 1257 ne
630 1191 845 1257 fraudi
889 1191 977 1257 sit
1022 1191 1099 1274 ei,
1145 1192 1255 1276 qui
1299 1189 1611 1277 populum
1650 1191 1732 1255 ad
1768 1191 2241 1256 contentionem

239 1280 503 1345 vocarit.

378 1368 475 1432 15.
529 1368 717 1432 Aras.
760 1389 826 1449 Ρ.
880 1371 1015 1432 226
1070 1366 1190 1434 Oic.
1234 1388 1357 1450 pro
1411 1367 1688 1433 Cornelio
1741 1367 1858 1431 II:
1914 1368 2025 1451 qui
2078 1390 2241 1433 oom-

239 1455 449 1521 modis
502 1454 728 1541 populi
781 1455 1057 1520 Romani
1112 1455 1336 1541 lingua
1390 1455 1728 1520 dumtaxat
1783 1477 1856 1520 ao
1910 1458 2245 1520 voluntate

242 1543 582 1609 consuluit.

161 1650 214 1692 16
379 1633 476 1697 16.
531 1631 725 1697 Prisc.
779 1631 1043 1696 XVIII
1076 1636 1139 1697 2.
1186 1636 1266 1697 19
1310 1653 1376 1713 Ρ.
1421 1635 1567 1696 216.
1609 1634 1715 1707 25,
1772 1632 1958 1696 Arus.
2007 1654 2071 1714 Ρ.
2117 1638 2246 1697 209

239 1718 445 1788 Oicero
476 1741 598 1803 Ρνο
634 1718 913 1786 Cornelio
949 1720 1048 1785 Ζῶ.
1083 1720 1198 1784 ΙΙ.·
1245 1720 1388 1804 quis
1435 1724 1572 1784 tam
1620 1720 1953 1784 abundans
1999 1720 2245 1805 copiis?

376 1809 474 1874 17.
527 1810 719 1874 Aras.
761 1830 827 1891 Ρ.
872 1812 1009 1874 227
1063 1807 1185 1875 Cic.
1227 1829 1348 1890 pro
1404 1806 1681 1874 Comelio
1726 1807 1843 1872 II:
1897 1809 2246 1894 expelleret

239 1919 279 1963 a
329 1897 873 1984 dispensantibus

378 1987 478 2051 18.
541 1987 740 2051 Valer.
794 1985 973 2052 Prob.
1036 1988 1109 2051 de
1169 2006 1331 2051 nom.
1391 1986 1457 2048 Τ.
1514 1985 1631 2050 IV
1664 2008 1730 2069 Ρ.
1783 1990 1933 2052 212.
1986 1992 2030 2052 8
2082 1988 2245 2053 Keil.

159 2093 215 2134 zo
241 2073 448 2141 Cicero
491 2075 766 2138 oratione
815 2075 1078 2139 secunda
1119 2095 1240 2156 Ρνο
1286 2072 1599 2140 Comelio:
1654 2072 1864 2150 Quare
1918 2074 2245 2141 hominem

239 2161 598 2247 inpugnare
653 2183 782 2225 non
839 2162 1137 2227 desinunt
1188 2162 1317 2226 nisi
1359 2163 1628 2227 remotis
1675 2161 2246 2229 ministratoribus

1075 2316 1155 2371 IN
1158 2316 1410 2374 CERTA.

380 2427 435 2490 1.
497 2424 803 2490 Severian.
866 2430 948 2492 19
1000 2447 1069 2509 Ρ.
1127 2432 1270 2493 366.
1331 2431 1380 2493 2
1442 2428 1658 2493 Halm.
1748 2428 2247 2494 Misericordiam

241 2534 547 2580 movemus
603 2550 686 2562 -
740 2534 878 2579 cum
938 2516 1203 2581 alicuius
1263 2516 1640 2581 calamitates
1693 2536 2247 2599 commemoramm,

160 2620 213 2661 2⁵
241 2624 378 2668 cum
430 2604 914 2758 rgaynitudinem
954 2604 1222 2686 periculi
1272 2606 1665 2683 ostendimuS,
1721 2606 1904 2670 sicuti
1933 2626 2056 2688 Ρνο
2101 2604 2247 2672 Gor-

239 2692 399 2758 nelio
497 2693 672 2757 icero.

372 2781 429 2843 2.
480 2780 735 2861 Quintil.
773 2779 837 2846 V
860 2785 956 2845 11.
993 2783 1081 2846 25
1115 2779 1385 2864 (Oicero)
1418 2787 1491 2846 ut
1520 2780 1636 2847 hac
1677 2783 1945 2865 corporis
1987 2781 2251 2848 humani

226 2888 350 2950 Ρνο
384 2866 680 2951 Cluentio,
715 2870 808 2933 ita
832 2890 952 2950 pro
988 2866 1266 2934 Cornelio
1301 2889 1606 2952 equorum,
1645 2890 1763 2952 pro
1796 2869 2037 2935 Archia
2072 2891 2247 2936 saxo·

238 2976 380 3021 rum
423 2977 655 3039 quoque
695 2977 845 3022 usus
888 2961 979 3022 est
1016 2957 1435 3022 similitudine.

157 3251 212 3294 ⁸⁰
345 3245 444 3305 IX.
509 3244 599 3304 IN
643 3243 962 3305 SENATU
1004 3246 1096 3306 IN
1139 3244 1353 3307 'I'OGA
1401 3244 1760 3305 CANDIDA
1809 3241 2129 3304 CONTRA

238 3347 299 3410 C.
353 3347 784 3410 ANTONIUM
836 3350 938 3410 ET
994 3350 1060 3410 L.
1119 3349 1567 3411 CATILINAM
1623 3349 2244 3412 COMPETITORES.

368 3486 674 3551 Asconius
715 3507 783 3567 Ρ.
841 3491 925 3552 73
978 3487 1062 3552 Κ.
1115 3493 1173 3551 et
1224 3486 1360 3553 sch.
1451 3486 1627 3551 Haec
1689 3489 1886 3554 oratio
1937 3489 2102 3554 dicta
2159 3496 2247 3555 est

237 3573 308 3637 L.
358 3573 616 3639 Caesare
659 3572 724 3639 0.
770 3575 995 3657 Fiyulo
1040 3595 1183 3642 coss.
1218 3580 1363 3657 post
1404 3595 1668 3659 amium,
1712 3597 1900 3658 quam
1937 3598 2053 3658 pro
2101 3576 2237 3670 Gor-

1716 3678 1821 3731 17*
