2630 3913
360 180 489 244 426
625 178 891 234 oRA'no
929 178 1174 233 PmmE
1213 177 1421 242 QUAM
1458 177 1537 231 IN
1574 176 1886 232 EXILIUM
1921 177 2106 233 mm.
2190 146 2193 149 Δ

359 363 554 405 unum
603 362 798 425 quam
842 341 1156 426 populum
1200 362 1409 424 neque
1455 340 1670 405 verius
1718 339 1801 404 ab
1856 339 2132 425 singulis
2178 361 2371 425 quam

361 428 444 493 ab
483 429 782 494 omnibus
817 434 1104 514 repetere
1143 429 1315 493 offici
1356 427 1722 514 praemium
1760 430 1828 492 et
1871 427 2154 492 fructum
2167 478 2186 512 ,
2232 450 2376 514 pro-

361 520 586 601 pterea
641 517 813 602 quod
864 522 935 581 in
988 517 1177 581 unius
1228 516 1515 601 periculo
1562 537 1754 601 saepe
1800 516 2128 581 contentio
2173 538 2375 601 parva

362 609 490 689 est,
554 608 628 670 ut
680 606 844 671 levis
901 605 987 669 sit
1042 605 1229 670 labor
1284 604 1606 670 defensori
1662 603 2102 688 sustinendus,
2159 603 2229 668 in
2280 607 2375 670 rei

362 694 659 779 publicae
713 694 991 777 insidiis,
1047 716 1174 777 quo
1228 693 1479 757 firmius
1536 696 1662 776 est,
1719 691 1890 776 quod
1944 696 2375 778 oppugnatur,
2424 712 2448 750 ⁵

364 804 439 847 eo
485 782 848 867 paratiores
896 785 1049 846 sunt
1091 782 1364 867 inimici,
1420 785 1494 845 ut
1546 781 1629 845 iis
1683 781 1813 844 nisi
1857 802 2097 866 magna
2143 781 2374 846 sollici-

293 890 323 935 5
362 870 610 953 tudine,
662 870 1008 955 industria,
1067 871 1309 935 virtute
1362 890 1494 935 non
1550 872 1746 953 queat
1792 869 2026 933 resisti.
2116 868 2205 933 Et
2255 870 2377 934 sin-

363 959 665 1043 gulorum
695 980 850 1044 opes
871 960 1071 1043 'saepe
1101 961 1252 1023 sunt
1278 962 1505 1022 tenues
1543 961 1609 1022 et
1645 957 1938 1022 infirmae
1976 957 2058 1022 ad
2094 959 2376 1043 gratiam

363 1046 783 1129 referendam,
832 1052 906 1111 ut
943 1047 1250 1132 opitulari
1285 1046 1448 1111 bene
1494 1045 1890 1110 merentibus
1934 1051 2277 1130 nequeant,
2324 1048 2381 1112 si

363 1135 641 1200 maxime
669 1136 959 1219 cupiant3
990 1136 1438 1200 universorum
1468 1134 1781 1199 auxilium
1807 1133 2162 1219 plurimum
2188 1136 2380 1218 prod·
2405 1153 2452 1190 1⁰

363 1228 489 1307 est,
555 1246 682 1308 quo
735 1223 1131 1289 firmioribus
1186 1223 1418 1308 opibus
1474 1227 1574 1287 est
1626 1223 1865 1287 nixum.
1953 1221 2102 1286 Iure
2155 1222 2380 1308 igitur,

364 1312 670 1397 quoniam
709 1316 775 1377 et
811 1313 1020 1377 maior
1055 1312 1328 1397 inpensa
1372 1311 1442 1375 in
1486 1311 1771 1395 patriam
1813 1310 2010 1375 officii
2045 1309 2224 1375 facta
2262 1317 2399 1396 est„

364 1423 559 1484 quam
603 1401 673 1465 in
717 1401 976 1486 privata
1017 1400 1095 1464 fit
1141 1400 1526 1483 defensione,
1574 1403 1640 1463 et
1684 1399 1831 1483 plus
1879 1421 1918 1463 a
1963 1398 2149 1463 vobis
2197 1422 2381 1483 prae·

365 1489 511 1553 sidii
567 1511 761 1572 quam
816 1512 856 1554 a
910 1489 1139 1555 ceteris
1196 1489 1340 1573 opis
1395 1488 1476 1552 ad
1532 1488 1806 1552 salutem
1854 1490 2075 1572 potest
2122 1487 2379 1572 adferri,

363 1599 479 1642 vos
527 1580 847 1661 optestor,
908 1599 1068 1661 quos
1126 1577 1285 1640 mihi
1333 1580 1398 1640 et
1444 1576 1672 1640 debere
1720 1579 1786 1640 et
1837 1597 2031 1660 posse
2076 1574 2378 1662 intelligo
2408 1593 2454 1632 1⁵
2534 1644 2538 1659 ἱ

294 1683 324 1729 6
364 1666 687 1750 opitulari.
759 1664 823 1730 N
826 1687 909 1730 on
954 1666 1254 1730 convenit
1299 1665 1488 1746 enim,
1533 1687 1679 1729 cum
1725 1685 1847 1750 ego
1895 1664 1976 1728 ad
2012 1686 2381 1748 promeren-

365 1754 515 1817 dum
570 1752 854 1818 officium
908 1757 1045 1817 tam
1099 1752 1335 1817 fuerim
1385 1753 1748 1837 expeditUS,
1802 1774 1919 1817 vos
1966 1753 2048 1817 ad
2096 1753 2380 1837 gratiam

362 1841 765 1905 referendam
811 1862 951 1904 esse
996 1840 1343 1923 tardioreS,
1386 1862 1495 1924 ne,
1543 1841 1721 1906 cuius
1770 1840 2266 1926 amplitudinem
2314 1846 2380 1906 et

363 1928 642 2014 gloriam
697 1927 885 1993 laude
942 1932 1137 2013 atque
1200 1928 1558 1994 honoribus
1614 1926 2008 2015 amplificare
2068 1930 2379 2009 debeatis,

364 2018 500 2082 eius
545 2016 1061 2082 incolumitatem
1099 2022 1166 2082 et
1203 2018 1480 2083 salutem
1520 2018 1937 2083 deserendam
1975 2019 2381 2085 existimetis,
2408 2037 2457 2074 2⁰

285 2108 325 2173 3
363 2107 626 2172 Etenim
674 2109 865 2190 errat,
913 2106 968 2170 si
1015 2106 1126 2190 qui
1171 2107 1530 2171 arbitratur
1568 2105 1655 2171 M.
1692 2106 1979 2172 Tullium
2023 2105 2263 2173 idcirco
2311 2109 2383 2172 in

363 2196 720 2281 periculum
758 2195 990 2280 capitis
1028 2196 1265 2279 vocari,
1313 2195 1485 2279 quod
1522 2194 1866 2279 deliquerit
1903 2195 2168 2279 aliquid,
2208 2197 2381 2280 quod

362 2284 645 2370 patriam
701 2284 995 2367 laeserit,
1055 2284 1226 2368 quod
1279 2284 1572 2368 improbe
1629 2283 1889 2366 vixerit3
1950 2305 2082 2348 non
2138 2284 2382 2349 citatur

363 2396 511 2439 reus
565 2372 896 2455 audaciae,
959 2372 1222 2436 virtutis
1282 2394 1432 2436 reus
1494 2372 1760 2456 citatur3
1824 2394 1956 2435 non
2018 2377 2381 2455 accusatur,

365 2462 537 2547 quod
581 2483 718 2526 rem
758 2460 1087 2545 publicam
1124 2460 1533 2545 oppugnarit,
1579 2460 1692 2524 sed
1729 2460 1900 2544 quod
1933 2460 2131 2525 homo
2167 2482 2381 2526 novus
2410 2477 2460 2516 25

363 2550 794 2636 perniciosum
839 2549 1156 2613 nobilium
1210 2548 1585 2614 restinxerit
1635 2547 1949 2633 furorem3
2000 2570 2134 2612 non
2190 2549 2382 2615 obest

363 2638 525 2703 mihi
578 2658 813 2702 nocens
871 2640 936 2701 et
997 2638 1235 2721 turpis,
1297 2637 1410 2701 sed
1470 2636 1925 2702 honestissime
1989 2637 2384 2703 lautissime-

366 2749 489 2810 que
536 2729 683 2790 acta
726 2725 891 2808 vita,
936 2747 1067 2789 non
1113 2725 1260 2790 odio
1306 2726 1642 2808 bonorum,
1690 2726 1803 2789 sed
1836 2725 2080 2790 invidia
2115 2748 2385 2810 premor

295 2833 324 2880 7
364 2815 704 2880 malorum.
794 2813 1184 2899 Intelligunt
1235 2812 1530 2878 homines
1581 2817 1684 2878 tot
1729 2817 1795 2878 et
1838 2816 1975 2878 tam
2020 2815 2383 2897 praeclaris

363 2902 755 2968 testimoniis
802 2901 1346 2986 monimentisque
1391 2902 1653 2967 virtutis
1691 2902 2082 2987 comparatis
2111 2902 2198 2967 M.
2227 2903 2382 2968 Tul-
2412 2919 2465 2958 ⁸⁰

363 2993 471 3075 lio,
518 2992 671 3056 dum
718 2991 804 3054 sit
850 2991 1189 3056 incolumis
1199 3041 1216 3074 ,
1260 2990 1402 3055 fore
1446 2990 1787 3075 voluptati.
1874 2990 2124 3057 Idcirco
2169 2992 2383 3057 vitam

365 3081 610 3164 eripere
640 3079 922 3164 cupiunt,
949 3079 1047 3143 uti
1076 3102 1221 3143 cum
1250 3079 1486 3164 spiritu
1514 3101 1772 3144 sensum
1802 3101 2055 3164 quoque
2086 3080 2384 3146 adimant

362 3168 799 3233 iucunditatis.
872 3166 1103 3233 Nonne
1138 3167 1344 3253 igitur
1381 3167 1719 3252 indignum
1766 3171 1867 3233 est
1912 3190 2021 3232 eos
2065 3170 2384 3253 praemiis

364 3256 523 3318 meis
578 3255 888 3340 invidere,
949 3255 1062 3339 qui
1114 3256 1356 3321 virtute
1412 3261 1658 3321 certare
1710 3257 2086 3340 noluerunt,
2142 3279 2254 3323 eos
2313 3258 2386 3323 in

363 3343 842 3407 contentionem
898 3344 1114 3408 venire
1170 3344 1436 3409 honoris
1446 3396 1463 3429 ,
1518 3346 1628 3429 qui
1684 3344 1912 3410 officiis
1969 3367 2037 3409 se
2085 3345 2387 3431 superari
2415 3361 2467 3401 ³⁵

365 3428 578 3491 animo
628 3431 1017 3513 aequissimo
1065 3433 1401 3497 tulerunt?
1476 3430 1544 3497 Si
1583 3432 1782 3498 dulcis
1821 3436 1921 3498 est
1957 3433 2186 3517 gloria,
2233 3457 2385 3499 con-

365 3532 630 3592 sequere
675 3517 1013 3601 virtutem3
1062 3520 1200 3583 noli
1247 3521 1498 3585 abicere
1545 3521 1820 3605 laboreS,
1864 3522 2130 3606 perdere
2176 3521 2386 3587 hono-
