2630 3913
915 198 1066 252 CAP.
1107 205 1315 254 20—22
1392 209 1421 263 9·
1463 206 1686 255 75-80.
2169 204 2292 267 159

285 363 652 427 animorum
707 358 1142 442 disseruisset,
1206 361 1262 424 is
1320 361 1430 443 qui
1484 367 1657 425 esset
1702 362 1989 426 omnium
2048 364 2293 447 sapien·

284 449 578 514 tissimus
628 449 887 513 oraculo
925 448 1256 532 Apollinis
1294 448 1631 513 iudicatus.
1697 447 1863 524 Quid
1904 451 2155 515 multa?
2203 452 2294 517 sic

283 537 578 623 persuasi
622 535 812 619 mihi,
861 535 952 600 sic
999 537 1234 619 sentio,
1281 558 1426 601 cum
1472 541 1658 600 tanta
1704 538 2000 602 celeritas
2054 540 2292 605 animo-

283 648 429 690 rum
476 624 590 707 sit,
650 628 838 689 tanta
892 624 1203 688 memoria
1245 625 1747 709 praeteritorum
1801 625 2293 726 futurorumque

230 731 256 772 5
283 675 644 798 prudentia,
691 715 794 776 tot
831 716 1023 795 arteS,
1069 715 1291 776 tantae
1338 712 1663 797 scientiae,
1708 717 1812 778 tot
1845 714 2127 799 inventa,
2162 737 2294 780 non

283 823 476 886 posse
523 822 666 865 eam
709 804 1030 883 naturam,
1078 822 1241 883 quae
1277 822 1382 865 res
1420 822 1528 865 eas
1567 802 1913 887 contineat,
1951 824 2091 867 esse
2128 826 2292 868 mor

283 890 504 974 talem,
550 910 819 972 cumque
867 910 1119 971 semper
1157 889 1443 974 agitetur
1481 890 1733 954 animus
1761 911 1879 956 nec
1904 891 2292 975 principium

284 982 501 1042 motus
546 976 804 1062 habeat,
852 976 1004 1060 quia
1050 997 1118 1040 se
1163 976 1303 1060 ipse
1349 981 1626 1060 moveat,
1670 1000 1750 1042 ne
1797 979 1989 1042 finem
2036 980 2292 1062 quidem

283 1066 659 1130 habiturum
706 1086 845 1129 esse
894 1068 1136 1148 motus,
1184 1064 1337 1148 quia
1379 1087 1732 1149 numquam
1780 1087 1847 1130 se
1890 1067 2029 1150 ipse
2077 1068 2164 1131 sit
2200 1090 2291 1132 re—

205 1174 256 1213 ιο
284 1155 583 1236 licturus,
640 1158 732 1232 et,
789 1174 935 1217 cum
991 1153 1266 1236 simplex
1322 1153 1521 1217 animi
1576 1157 1747 1217 esset
1799 1160 2034 1219 natura
2086 1178 2292 1239 neque

282 1242 553 1307 haberet
612 1241 679 1305 in
736 1262 804 1304 se
861 1240 1204 1324 quicquam
1259 1241 1615 1306 admixtum
1671 1242 1890 1326 dispar
1944 1244 2045 1307 sui
2100 1247 2292 1326 atque

287 1329 627 1411 dissimile,
679 1351 812 1395 non
855 1350 1048 1413 posse
1093 1350 1239 1393 eum
1285 1328 1511 1413 dividi3
1557 1330 1729 1413 quod
1774 1330 1830 1394 si
1875 1352 2007 1395 non
2051 1336 2292 1415 posset,

284 1440 417 1483 non
451 1439 640 1503 posse
676 1417 970 1500 interire;
1007 1437 1373 1502 magnoque
1411 1439 1549 1482 esse
1577 1422 1960 1504 argumento
1998 1419 2292 1483 homines

285 1506 448 1572 scire
493 1507 802 1590 pleraque
849 1508 1026 1589 ante,
1086 1526 1280 1588 quam
1326 1505 1467 1570 nati
1513 1505 1670 1589 sint,
1717 1506 1942 1590 quod
1924 1529 2055 1570 iam
2091 1508 2293 1591 pueri,

207 1612 257 1653 ιε
286 1617 431 1660 cum
465 1598 635 1659 artes
676 1593 970 1658 difficiles
1008 1593 1278 1676 discant,
1322 1594 1418 1658 ita
1456 1594 1749 1658 celeriter
1784 1615 1887 1658 res
1932 1594 2293 1660 innumera-

283 1683 449 1748 biles
495 1682 838 1767 arripiant,
892 1686 967 1746 ut
1026 1702 1135 1745 eas
1179 1703 1312 1745 non
1356 1686 1497 1746 tum
1542 1682 1825 1767 primum
1872 1683 2158 1767 accipere
2203 1684 2294 1748 vi-

271 1766 574 1852 deantur,
622 1770 733 1835 sed
760 1769 1085 1834 reminisci
1114 1774 1180 1833 et
1216 1770 1557 1835 recordari.
1613 1769 1789 1835 Haec
1817 1769 2110 1836 Platonis
2138 1771 2291 1835 fere.

281 1860 476 1945 Apud
520 1858 1018 1942 Xenophontem
1066 1862 1283 1922 autem
1325 1859 1607 1923 moriens
1645 1856 1852 1942 Cyrus
1890 1860 2099 1924 maior
2134 1860 2293 1925 haec
2312 1840 2396 1966 ἓξ

283 1947 465 2013 dicit:
532 1945 830 2013 ‘Nolite
877 1945 1293 2030 arbitrari,
1349 1969 1387 2012 o
1434 1946 1621 2011 mihi
1676 1947 2063 2013 carissimi
2108 1947 2292 2033 filii,

205 2055 257 2094 2⁰
285 2059 423 2119 me,
469 2057 632 2100 cum
678 2057 717 2099 a
760 2034 982 2100 vobis
1030 2034 1493 2120 discessero,
1536 2058 1910 2120 nusquam
1957 2043 2089 2101 aut
2123 2037 2291 2102 nul-

285 2124 441 2186 lum
485 2121 671 2187 fore.
736 2120 891 2187 Nec
935 2123 1162 2206 enim,
1210 2123 1379 2187 dum
1426 2145 1629 2188 eram
1666 2124 2092 2226 vobiscum,
2131 2126 2290 2189 ani-

289 2232 482 2275 mum
546 2232 786 2275 meum
856 2210 1280 2294 videbatis,
1353 2211 1484 2275 sed
1547 2233 1715 2275 eum
1780 2234 1947 2276 esse
2010 2214 2088 2276 in
2151 2213 2293 2278 hoc

288 2319 607 2382 corpore
653 2320 739 2362 ex
783 2297 879 2361 iis
916 2300 1171 2382 rebus,
1219 2320 1403 2382 quas
1443 2299 1828 2383 gerebam,
1875 2300 2291 2385 intel-lege

285 2386 513 2452 batis.
603 2384 940 2451 Eundem
987 2387 1233 2472 igitur
1286 2407 1454 2451 esse
1512 2386 1920 2470 creditote,
1980 2388 2290 2451 etiamsi

205 2491 256 2531 2⁵
285 2475 584 2539 nullum
628 2473 1012 2538 videbitis.
1106 2473 1261 2539 Nec
1303 2496 1485 2540 vero
1523 2474 1913 2539 clarorum
1948 2474 2287 2538 virorum
2328 2493 2395 2541 80

284 2566 463 2648 post
525 2565 845 2627 mortem
918 2562 1246 2628 honores
1314 2567 1881 2647 permanerent,
1954 2562 2019 2626 si
2089 2562 2289 2627 nihil

286 2673 541 2715 eorum
594 2650 946 2735 ipsorum
1000 2650 1236 2715 animi
1291 2649 1732 2734 efficerent,
1797 2672 1939 2733 quo
1998 2650 2290 2716 diutius

284 2739 728 2803 memoriam
775 2738 893 2801 sui
937 2741 1401 2803 teneremus.
1490 2736 1678 2802 Mihi
1725 2739 2032 2842 quidem
2086 2762 2291 2805 num·

286 2849 506 2911 quam
570 2825 1020 2910 persuaderi
1081 2827 1345 2910 potuit
1398 2827 1716 2911 animOS,
1781 2827 1949 2891 dum
2003 2829 2079 2891 in
2134 2850 2290 2893 cor-

204 2914 603 2999 ³⁰poribus
651 2917 917 2978 essent
953 2915 1448 2998 mortalibus,
1498 2915 1784 2998 vivere,
1840 2937 2004 2979 cum
2041 2937 2290 2979 exces-

284 3002 575 3066 sissent
638 3023 723 3066 ex
787 3001 924 3084 eis,
998 3004 1260 3086 emori,
1321 3024 1456 3067 nec
1511 3024 1689 3068 vero
1745 3007 1904 3066 tum
1959 3003 2294 3067 animum

284 3111 450 3155 esse
523 3089 1050 3173 insipientem,
1122 3112 1285 3155 cum
1360 3112 1445 3155 ex
1508 3090 1916 3173 insipienti
1974 3111 2293 3174 corpore

284 3178 693 3261 evasisset,
760 3177 888 3241 sed
942 3199 1106 3243 cum
1161 3177 1365 3243 omni
1420 3177 1889 3242 admixtione
1944 3179 2293 3263 corporis

283 3266 670 3330 liberatus
717 3286 960 3349 purus
1007 3270 1082 3330 et
1125 3266 1431 3351 integer
1477 3287 1641 3329 esse
1678 3265 2091 3350 coepisset,
2136 3271 2293 3330 tum

204 3370 452 3418 ⁸5esse
499 3353 937 3438 sapientem.
1001 3353 1253 3438 Atque
1300 3354 1532 3418 etiam
1578 3375 1739 3418 cum
1786 3353 2119 3418 hominis
2166 3376 2294 3418 na·

280 3446 458 3507 tura
508 3445 754 3505 morte
800 3440 1291 3525 dissolvitur,
1352 3444 1777 3506 ceterarum
1831 3463 2081 3506 rerum
2125 3464 2292 3526 per-

283 3528 633 3615 spicuum
671 3533 791 3593 est
827 3551 970 3613 quo
1001 3550 1342 3615 quaeque
1372 3528 1741 3613 discedat3
1777 3531 2060 3594 abeunt
2098 3531 2295 3595 enim
