2630 3913
705 241 1153 297 ORATIONUM
1191 245 1255 295 A.
1295 240 1703 294 V1153-V111
1742 247 1789 295 6
2126 239 2252 304 257

248 427 286 470 o
325 405 586 490 ingenia
622 405 990 469 metuenda!
1062 404 1462 470 Membratim
1496 402 1710 486 adbuc,
1754 403 1966 467 deinde
2001 405 2256 467 caesim:

247 493 575 576 DiximuS,
646 514 865 558 rursus
931 493 1351 557 membratim:
1424 490 1650 554 Testes
1726 491 1876 554 dare
1939 491 2256 556 volumus,

246 583 547 648 Extrema
590 584 863 663 sequitur
906 581 1355 663 conprehensio,
1409 581 1515 644 sed
1566 600 1640 643 ex
1683 580 1914 643 duobus
1956 581 2256 664 membris,

248 691 372 752 qua
426 691 553 734 non
599 675 792 752 potest
844 689 965 734 esse
1019 671 1281 734 brevior:
1340 631 1577 751 Quem,
1642 688 1908 750 quaeso,
1960 672 2257 732 nostrum

196 776 221 815 ⁵
249 758 484 822 fefellit
537 758 633 822 ita
677 780 792 823 vos
850 779 987 822 esse
1043 757 1374 822 facturos?
1426 792 1502 802 -—
1555 755 1810 835 Quintil.
1856 755 1971 820 IX
2009 762 2069 820 4.
2115 762 2258 840 123,

250 847 463 928 Rufin.
499 869 565 928 p.
611 850 756 911 579.
801 850 889 910 32
933 846 1152 909 Halm.

384 936 443 999 3.
515 935 738 1000 Ascon.
790 956 857 1016 p.
925 941 1024 999 70.
1087 938 1176 998 24
1248 932 1423 996 Num
1487 933 1555 994 in
1618 953 1725 1011 e0,
1800 933 1908 1015 qui
1983 933 2115 996 sint
2189 935 2257 997 hi

250 1028 471 1103 testeS‚
516 1022 901 1087 haesitatis?
972 1021 1115 1106 Ego
1155 1022 1340 1086 vobis
1380 1020 1590 1084 edam:
1636 1019 1782 1083 Duo
1830 1021 2063 1105 reliqui
2110 1027 2260 1086 sunt

254 1112 330 1176 de
376 1111 823 1176 consularibus
834 1161 850 1193 ,
903 1110 1147 1174 inimici
1200 1108 1583 1172 tribuniciae
1638 1110 2014 1193 potestatis3
2071 1113 2260 1194 pauci

174 1217 226 1256 ιο
253 1203 590 1284 praeterea
644 1200 1088 1263 adsentatores
1144 1220 1366 1263 eorum
1422 1200 1615 1280 atque
1664 1195 1997 1261 adseculae
2044 1199 2260 1263 subse-

257 1291 556 1371 quuntur.

475 1376 574 1440 M.
624 1376 954 1440 Lucullum
1005 1381 1062 1439 et
1112 1375 1234 1441 M
1202 1376 1215 1401 '
1284 1375 1589 1476 Lepidum
1647 1375 1967 1456 siqnifiicat.
2069 1375 2262 1454 Quin-

343 1484 457 1544 que
510 1465 673 1527 enim
731 1464 1102 1547 consulares,
1155 1468 1228 1526 ut
1268 1464 1399 1526 iam
1442 1463 1739 1544 dioeimus,
1798 1464 1868 1525 in
1914 1461 2263 1527 Cornelium

345 1554 755 1616 testimonium
798 1554 1108 1634 dixerunt,
1166 1550 1235 1630 Q.
1283 1550 1565 1644 Catulus,
1625 1549 1693 1629 Q.
1739 1550 2134 1635 Hortensius,
2193 1553 2260 1631 Q.

178 1654 229 1695 1⁵
343 1641 630 1705 Metellus
672 1640 829 1705 Pius
861 1645 1032 1741 pont.
1079 1660 1271 1722 max„
1330 1659 1480 1720 quos
1531 1639 1646 1702 hac
1688 1640 1950 1703 secunda
1992 1642 2264 1705 oratione

346 1735 579 1811 tractat,
624 1734 683 1793 et
722 1730 860 1812 duo,
903 1731 1011 1810 qui
1044 1729 1318 1792 nondum
1354 1729 1654 1809 dixerant,
1698 1747 1848 1807 quos
1882 1749 2045 1792 nunc
2077 1731 2263 1811 siqni-

341 1819 511 1901 ficat,
556 1779 856 1883 Lucullus
899 1823 958 1882 et
997 1818 1282 1898 Lepidus,

386 1908 446 1970 4.
496 1905 679 1972 Grill.
716 1928 783 1988 p.
819 1909 961 1972 598.
996 1912 1077 1971 31
1115 1904 1339 1989 Scipio,
1386 1909 1592 1969 tantus
1635 1906 1748 1983 vir,
1791 1906 1900 1986 qui
1930 1907 2264 1987 productus

255 2016 297 2058 a
344 1996 587 2059 tribuno
631 1996 829 2077 plebis
881 2016 979 2059 eos
1022 1993 1387 2076 (Gracchos)
1432 1994 1594 2058 dixit
1633 1993 1769 2057 iure
1813 2014 2011 2059 caesos
2054 1997 2264 2078 videri,

164 2099 227 2152 ‚20
252 2083 464 2163 favore
505 2083 843 2147 nobilitatis
885 2082 995 2147 hoc
1035 2083 1201 2163 fecit,
1259 2084 1411 2162 quia
1463 2087 1520 2145 et
1570 2083 1699 2162 ipse
1750 2102 1824 2146 ex
1876 2084 2266 2164 optimatibus

257 2175 414 2251 erat,
465 2190 592 2233 non
644 2172 801 2233 sicut
851 2172 920 2233 in
975 2169 1360 2235 Cornelianis
1416 2170 1693 2234 Tullius:
1758 2169 1884 2234 Hic
1938 2192 2078 2235 mos
2132 2172 2264 2236 iam

259 2257 430 2341 apud
474 2257 627 2321 illos
675 2258 974 2341 antiquos
1021 2262 1086 2321 et
1131 2257 1441 2321 barbatos
1488 2257 1638 2340 fuit,
1698 2262 1771 2321 ut
1816 2280 2265 2342 persequeren-

263 2349 372 2408 tur
417 2346 781 2429 populares,

394 2435 452 2497 5.
499 2434 722 2497 Ascon.
759 2455 822 2515 p.
873 2439 967 2498 71.
1011 2439 1091 2498 11
1146 2431 1269 2497 Sed
1330 2435 1386 2497 si
1439 2434 1850 2498 familiariter
1904 2455 1981 2497 ex
2026 2433 2098 2509 Q.
2147 2433 2266 2500 Ca-

178 2534 232 2576 26
258 2523 431 2604 tulo,
497 2520 973 2606 sapientissimo
1038 2522 1177 2586 viro
1244 2526 1438 2606 atque
1499 2522 1997 2607 humanissime,
2070 2522 2265 2587 velim

260 2632 593 2694 quaerere.
656 2608 885 2675 Utrius
939 2611 1199 2674 tandem
1254 2611 1377 2674 tibi
1430 2610 1800 2674 tribunatus
1856 2611 2067 2675 minus
2122 2634 2265 2696 pro-

258 2699 404 2763 bari
466 2701 710 2783 potest,
776 2698 843 2764 C.
909 2698 1167 2763 Corneli
1236 2721 1345 2782 an,
1406 2720 1539 2763 non
1603 2699 1809 2763 dicam
1871 2699 1939 2763 P.
2004 2697 2266 2785 Sulpici,

256 2809 391 2853 non
425 2787 494 2850 L
533 2784 880 2870 Saturnini,
924 2809 1057 2851 non
1102 2786 1226 2851 Gai
1267 2786 1559 2870 Gracchi,
1603 2809 1736 2851 non
1781 2786 2025 2871 Tiberi,
2068 2790 2267 2853 nemi-

258 2897 424 2959 nem,
471 2897 661 2959 quem
704 2875 818 2939 isti
864 2875 1240 2939 seditiosum
1286 2876 1686 2958 existimant,
1730 2877 2106 2960 nominab03
2153 2878 2265 2941 sed

178 2977 233 3017 ³0
261 2964 559 3028 avunculi
616 2964 738 3047 tui,
793 2960 865 3038 Q.
913 2962 1168 3045 Catule,
1222 2963 1565 3027 clarissimi
1617 2963 1995 3048 patriaeque
2050 2987 2267 3028 aman-

258 3052 498 3115 tissimi
543 3052 710 3116 viri?
758 3051 911 3135 quid
958 3051 1118 3114 mihi
1162 3052 1424 3115 tandem
1469 3073 1927 3135 responsurum
1972 3053 2265 3137 putatis?

394 3141 451 3204 6.
490 3138 698 3214 Quid?
738 3140 1087 3204 avunculus
1120 3143 1288 3222 tuuS,
1327 3140 1722 3204 clarissimus
1752 3140 1868 3224 vir,
1905 3140 2264 3205 clarissimo

260 3234 474 3312 patre,
522 3249 669 3306 aVO,
715 3228 1097 3311 maioribus,
1151 3228 1367 3311 credo,
1424 3228 1683 3292 silentio
1729 3228 1986 3293 favente
2031 3229 2262 3293 nobili-

259 3320 423 3397 tate,
493 3317 674 3380 nullo
735 3317 1159 3381 intercessore
1222 3320 1598 3400 comparato
1664 3317 1906 3401 populo
1968 3316 2264 3382 Romano

178 3417 233 3458 35
261 3404 437 3467 dedit
491 3408 556 3467 et
609 3404 1209 3488 potentissimorum
1271 3404 1606 3467 hominum
1671 3405 1965 3491 collegiis
2031 3406 2265 3491 eripuit

260 3493 769 3575 cooptandorum
815 3493 1220 3557 sacerdotum
1265 3494 1702 3575 potestatem?

480 3581 620 3644 Hoc
671 3601 836 3663 eyere
885 3582 1296 3662 enarratione,
1349 3582 1499 3661 quia
1550 3580 1659 3646 hoc
1712 3583 1835 3646 loco
1878 3603 2097 3647 nomen
2141 3604 2265 3646 non

366 3691 473 3733 010.
499 3694 581 3733 IV.
608 3698 645 3733 3.
1777 3691 1840 3737 17
