2630 3913
408 231 536 294 278
1181 229 1632 284 FRAGMENTA

495 414 667 458 reum
718 395 791 458 de
841 395 905 458 vi
955 395 1320 458 constituens
1365 391 1437 455 P.
1484 390 1797 475 Clodium,
1850 393 2024 458 cuius
2075 413 2173 458 res
2217 397 2425 475 qestae

496 502 701 547 omnes
760 482 922 545 nihil
978 502 1272 563 umquam
1328 482 1799 562 tranquillitatis
1850 482 2131 545 habuisse
2177 483 2424 546 indean-

496 576 624 652 tur,
677 571 784 635 sed
834 571 1044 634 statim
1097 570 1355 651 coeperit
1395 570 1473 633 ab
1516 570 1925 634 adulescentia
1963 570 2185 649 furere.
2272 569 2426 634 Iam

496 659 669 723 exilii
710 660 811 723 sui
853 659 1216 722 mentionem
1258 676 1447 739 quam
1499 658 1800 722 subtiliter
1845 662 1903 721 et
1952 658 2239 736 consulte,
2292 678 2427 723 non

495 746 833 827 specialiter
873 767 982 811 nec
1023 747 1418 827 nominatim,
1471 747 1578 810 sed
1607 765 1725 827 per
1768 745 1927 810 hanc
1963 747 2426 829 qeneralitatem
2488 768 2518 808 5

499 834 737 911 intulit,·
784 837 1077 916 quoniam
1120 840 1255 899 erat
1294 796 1537 916 aliauid
1568 854 1705 898 cum
1747 854 1865 899 sua
1901 835 2080 900 laude
2114 836 2424 901 dicturus:

495 921 839 987 Eiciendus
877 928 996 1006 est,
1041 925 1258 1006 inquit,
1304 944 1382 986 ex
1418 923 1576 987 urbe
1613 922 1771 987 civis
1819 927 2044 989 auctor
2089 927 2156 988 et
2201 927 2425 989 eustos

498 1011 757 1092 salutis,
820 1012 939 1076 otii
1004 1011 1371 1098 dignitatis,
1433 1010 1607 1074 fidei!
1711 1011 1885 1075 Haec
1945 1013 2237 1093 quoniam
2298 1014 2427 1094 ipsi

495 1100 833 1181 honorifica
876 1105 1076 1181 erant,
1129 1101 1310 1181 quasi
1362 1100 1435 1164 de
1476 1100 1683 1181 aliquo
1739 1101 2101 1184 loqueretur,
2156 1101 2426 1184 induxit,

497 1209 573 1253 ne
603 1208 727 1270 ρνο
771 1190 1058 1254 insolenti
1101 1194 1159 1252 et
1199 1189 1641 1253 iactantissimo
1685 1188 2017 1253 haberetur.
2456 1211 2518 1249 10

542 1276 602 1341 3.
646 1276 1064 1341 includendus
1109 1277 1284 1340 intra
1328 1276 1627 1359 parietes.

641 1364 893 1430 Videtur
928 1371 985 1430 et
1009 1365 1118 1430 Cn.
1147 1365 1434 1447 Pompeio
1461 1366 1621 1429 idem
1647 1362 1901 1430 Clodius
1933 1365 2199 1430 insidias
2226 1386 2426 1448 para·

497 1455 667 1519 visse.
756 1455 977 1535 Itaque
1028 1454 1291 1518 oratorie
1346 1454 1589 1517 laudem
1631 1453 1879 1518 subiecit
1919 1453 2028 1518 hoc
2069 1454 2389 1533 inferendo
2402 1477 2424 1519 .·

541 1544 601 1605 4.
658 1542 769 1627 qui
814 1541 1038 1626 populi
1084 1540 1159 1607 R.
1213 1540 1556 1624 imperium
1602 1562 1732 1605 non
1776 1545 2097 1606 terrarum
2144 1542 2426 1629 regioni-

411 1632 557 1713 bu8‚
604 1631 714 1695 sed
761 1630 924 1694 caeli
968 1629 1264 1713 partibus
1309 1629 1701 1695 terminavit.
2457 1651 2515 1691 15

630 1719 771 1783 Hoc
812 1719 977 1782 enim
1021 1720 1112 1781 ita
1145 1719 1544 1819 superiectum
1587 1723 1690 1800 est,
1734 1724 1804 1782 ut
1837 1724 1896 1782 et
1927 1718 2216 1802 Pompeio
2250 1719 2425 1784 blan·

498 1808 732 1870 diretur
784 1811 841 1870 et
885 1804 1175 1871 Clodium
1224 1808 1408 1887 quasi
1458 1806 1684 1871 hostem
1725 1807 2064 1908 publicum
2097 1809 2424 1891 denotaret,

497 1895 606 1976 qui
656 1896 860 1960 virum
912 1900 1042 1959 tam
1095 1895 1500 1960 necessarium
1553 1897 1645 1960 rei
1678 1915 1744 1977 ρ.
1804 1897 1923 1978 ἀρεά
1971 1896 2199 1978 eripere
2240 1916 2421 1962 cona-

500 1988 599 2046 tus
645 1985 743 2048 sit.

543 2071 601 2135 5.
656 2070 792 2136 Nec
845 2094 998 2138 vero
1057 2075 1199 2136 tum
1253 2072 1610 2136 timendum
1664 2071 1816 2154 fuit,
1880 2094 2026 2137 eum
2091 2073 2413 2137 cessimus,
2444 2093 2509 2132 20

632 2160 805 2225 Bene
838 2161 1100 2226 elocutus
1134 2166 1224 2226 est
1255 2162 1328 2225 de
1361 2162 1542 2225 exilio
1575 2180 1703 2243 suo,
1745 2162 1909 2242 quod
1939 2160 2167 2225 maluit
2206 2161 2416 2227 discos-

498 2250 727 2314 sionem
768 2270 979 2314 vocare
1021 2270 1208 2331 quam
1242 2270 1524 2330 poenam.

545 2338 603 2402 6.
632 2338 912 2402 Eosdem
941 2338 1023 2402 ad
1054 2338 1311 2402 caedem
1341 2337 1575 2401 civium
1604 2336 1681 2400 de
1709 2336 2050 2421 Apennino
2081 2336 2423 2402 deduxisti.

635 2427 829 2506 Quasi
878 2426 1022 2491 haec
1074 2428 1284 2491 omnia
1327 2428 1397 2490 in
1441 2424 1748 2490 Catilinae
1789 2427 2018 2490 socium
2062 2427 2425 2511 dicerentur,

501 2516 592 2578 ita
635 2516 994 2580 mentionem
1037 2515 1245 2579 attulit
1286 2514 1632 2595 Apennini,
1677 2533 1852 2594 quem
1895 2534 2091 2596 nuper
2133 2515 2239 2580 ille
2280 2535 2426 2580 cum
2457 2535 2520 2575 25

501 2604 764 2667 exercitu
807 2603 1163 2668 obtinuerat.

550 2692 606 2754 7.
651 2689 1003 2774 Lapidibus
1052 2691 1175 2755 duo
1223 2690 1518 2754 consules
1566 2690 1945 2755 ceciderunt.

635 2777 745 2844 Cn.
790 2778 1137 2843 Domitium
1192 2778 1520 2842 Calvinum
1571 2784 1629 2842 et
1669 2780 1764 2844 M.
1823 2779 2137 2844 Valerium
2180 2780 2428 2846 Messa-

504 2869 645 2931 lam.
737 2867 866 2932 Nec
918 2867 1052 2931 alia
1090 2867 1220 2946 fuit
1270 2887 1485 2950 causa,
1539 2886 1648 2930 cur
1691 2872 1936 2932 senatus
1978 2875 2428 2953 convocaretur,

501 2976 687 3037 quam
730 2955 847 3021 illa
878 2957 1233 3038 praecipua,
1276 2955 1440 3036 quod
1471 2953 1544 3019 P.
1583 2952 1840 3021 Clodius
1883 2958 2146 3022 inmissa
2179 2959 2426 3023 seditio·
2463 2978 2524 3018 so

500 3064 706 3108 sorum
758 3065 949 3109 manu
994 3046 1242 3109 comitia
1295 3044 1667 3125 turbaverat,
1725 3064 1880 3125 quae
1930 3044 2306 3110 habebantur
2351 3048 2433 3111 de

501 3133 846 3197 consulibus
888 3133 1194 3214 creandis,
1239 3152 1376 3196 cum
1421 3137 1570 3196 esset
1609 3133 1794 3196 etiam
1833 3133 1996 3198 Milo
2041 3135 2432 3200 candidatus.

547 3221 603 3285 8.
643 3218 767 3294 Qui
802 3221 1025 3285 multis
1062 3220 1578 3306 inspectantibus
1617 3225 1810 3305 eaput
1845 3221 2143 3306 feriebaS,
2178 3221 2433 3288 femina

414 3308 791 3393 plangebas

635 3396 887 3461 Gestum
927 3398 1154 3478 furiosi
1196 3397 1464 3463 hominis
1510 3447 1524 3461 .
1571 3448 1585 3462 .
1634 3448 1649 3461 .
1696 3447 1709 3461 .
2468 3428 2529 3468 35

546 3483 605 3544 9.
649 3483 696 3563 †
739 3484 855 3547 ber
901 3485 1188 3550 animose
1234 3486 1575 3551 confidens.

635 3570 720 3632 In
768 3570 1057 3636 Clodium
1112 3575 1504 3656 convertitur,
1557 3579 1628 3638 ut
1679 3573 1865 3638 huius
1917 3575 2083 3639 modi
2135 3575 2437 3659 obsequia
