2630 3913
187 276 204 287 ν
313 251 392 306 ΙΝ
421 250 840 305 CICERONEM
868 250 1354 306 DECLAMATIO.
1404 250 1534 321 Cap.
1566 258 1721 305 2-4.
1763 257 1794 317 ξ
1822 257 1976 306 2—7.
2050 251 2180 313 417

169 420 282 493 est,
335 434 473 479 cum
519 419 587 478 tu
619 414 982 496 perturbata
1033 434 1102 478 re
1134 414 1388 495 publica
1431 418 1591 477 metu
1625 414 1935 494 perculsos
1979 434 2183 479 omnes

172 505 355 569 bonos
386 523 611 585 parere
653 502 999 566 crudelitati
1042 506 1182 566 tuae
1215 503 1474 585 coyebas,
1519 522 1654 566 cum
1690 503 1901 566 omnia
1935 503 2182 580 iudicia,

174 611 377 657 omnes
432 592 583 673 leyes
634 592 703 655 in
759 596 867 654 tua
919 590 1172 655 libidine
1226 595 1428 668 erant,
1481 610 1618 654 cum
1669 595 1735 654 tu
1777 590 2019 654 sublata
2065 591 2183 673 leye

172 680 398 745 Porcia
450 683 650 760 erepta
706 679 974 743 libertate
1025 679 1301 742 omnium
1354 683 1630 742 nostrum
1690 679 1851 742 vitae
1910 680 2183 759 necisque

120 788 146 826 5
167 772 517 850 potestatem
587 768 675 831 ad
747 771 802 831 te
869 787 1065 831 unum
1144 786 1544 830 revocaveras.
1658 767 1865 848 Atque
1935 787 2183 849 parum,
2221 785 2250 830 6

171 858 335 938 quod
375 857 625 936 impune
663 854 882 935 fecisti,
924 875 1133 919 verum
1177 856 1365 919 etiam
1408 856 1929 920 commemorando
1973 876 2184 937 expro-

172 946 333 1022 bras,
378 964 565 1024 neque
610 943 745 1007 licet
777 943 1047 1007 oblivisci
1079 943 1179 1007 bis
1216 944 1528 1007 servitutis
1561 963 1725 1008 suae.
1796 944 2033 1026 Eyeris,
2080 964 2184 1008 oro
2243 964 2251 971 ·

173 1039 253 1110 te,
309 1030 539 1114 Cicero,
581 1032 914 1112 profeceris
966 1031 1285 1112 quidlibet,·
1339 1033 1494 1096 satis
1545 1035 1635 1095 est
1671 1051 1987 1114 perpessos
2031 1052 2182 1108 esse;

172 1121 435 1186 etiamne
477 1139 658 1184 aures
701 1124 946 1184 nostras
989 1121 1126 1184 odio
1172 1125 1274 1184 tuo
1320 1119 1645 1184 onerabis?
1699 1121 1962 1184 etiamne
2004 1123 2184 1185 mole-

94 1229 146 1266 10
172 1209 463 1274 stissimis
505 1208 701 1272 verbis
744 1207 1142 1272 insectabere?

352 1296 585 1362 Cedant
627 1316 809 1359 arma
853 1301 1046 1379 toyae,
1091 1297 1370 1360 concedat
1415 1296 1630 1360 laurea
1675 1296 1936 1377 linquae.

176 1385 374 1465 Quasi
424 1404 560 1449 vero
616 1389 851 1466 togatus
901 1389 960 1448 et
1008 1405 1132 1449 non
1185 1388 1466 1448 armatus
1519 1405 1616 1466 ea,
1669 1404 1825 1465 quae
1871 1385 2184 1466 yloriaris,

170 1474 521 1556 confeceris,
584 1478 763 1553 atque
814 1474 975 1537 inter
1027 1477 1081 1537 te
1132 1472 1492 1554 Sullamque
1543 1474 1896 1537 dictatorem
1937 1478 2186 1554 praeter

172 1582 395 1627 nomen
429 1563 675 1642 imperii
707 1562 1034 1642 quicquam
1067 1561 1433 1642 interfuerit.
1506 1559 1629 1626 Sed
1660 1562 1813 1642 quid
1851 1580 1954 1642 eyo
1988 1561 2184 1642 plura
2219 1541 2259 1666 ξ

91 1668 147 1706 1⁶
172 1652 248 1714 de
302 1655 410 1713 tua
461 1650 788 1713 insolentia
841 1648 1335 1713 commemorem?
1394 1668 1570 1730 quem
1620 1647 1933 1714 ‘Mnerva
1984 1650 2185 1713 omnis

172 1739 333 1802 artis
390 1738 645 1815 edocuit,
706 1737 989 1822 Iuppiter
1051 1739 1314 1819 optimus
1375 1739 1690 1801 maximus
1740 1738 1812 1801 in
1864 1738 2184 1801 concilium

171 1828 422 1891 deorum
465 1826 743 1904 admisit,
800 1825 1000 1890 Italia
1051 1827 1285 1890 exulem
1328 1824 1599 1890 humeris
1641 1827 1774 1890 suis
1815 1824 2183 1907 reportavit?

176 1913 301 1980 Oro
347 1919 426 1997 te,
472 1914 731 1979 Romule
773 1915 1081 1996 Arpinas,
1134 1916 1243 1996 qui
1283 1915 1522 1998 eyreyia
1567 1919 1676 1979 tua
1717 1915 1940 1980 virtute
1983 1934 2186 1980 omnes

171 2003 427 2080 Paulos,
471 2002 718 2080 Fabios,
763 2002 1075 2084 Scipiones
1116 2005 1435 2086 superasti,
1483 2023 1659 2084 quem
1703 2005 1947 2068 tandem
1990 2004 2186 2069 locum

84 2110 141 2148 20
173 2093 244 2156 in
298 2089 413 2153 hac
470 2091 710 2153 civitate
770 2091 1047 2170 optines?
1109 2113 1263 2173 quae
1326 2092 1436 2155 tibi
1484 2097 1699 2173 partes
1759 2093 1853 2155 rei
1900 2092 2188 2174 publicae

158 2176 455 2263 placent?
496 2197 672 2258 quem
705 2179 971 2242 amicum
1006 2184 1063 2243 et
1094 2200 1269 2261 quem
1303 2180 1626 2244 inimicum
1662 2179 1889 2243 habes?
1964 2179 2082 2244 Cui
2116 2182 2186 2244 in

170 2267 414 2333 civitate
473 2266 736 2330 insidias
792 2267 1016 2349 fecisti,
1086 2268 1408 2333 ancillaris
1469 2267 1616 2349 (quo
1677 2269 1838 2349 iure,
1915 2286 2053 2331 cum
2114 2269 2187 2332 de

168 2354 357 2421 exilio
394 2359 496 2418 tuo
532 2353 924 2437 Dyrrhachio
958 2356 1184 2434 redisti,
1230 2376 1368 2421 eum
1402 2375 1650 2436 sequens
1659 2354 1743 2439 ?),
1788 2375 1937 2436 quos
1973 2360 2186 2437 tyra-n-

166 2463 286 2509 nos
347 2443 697 2524 appellabas
711 2492 726 2520 ,
796 2463 1005 2507 eorum
1054 2446 1364 2526 potentiae
1425 2445 1632 2524 faves,·
1702 2444 1812 2524 qui
1874 2443 1984 2507 tibi
2045 2449 2186 2507 ante

82 2549 138 2589 25
168 2532 491 2613 optimates
532 2531 915 2614 videbantur,
959 2534 1190 2597 eosdem
1233 2535 1527 2597 dementes
1569 2552 1644 2596 ac
1683 2532 1951 2612 furiosos
1993 2552 2185 2596 vocas

181 2619 402 2685 Vatini
444 2639 694 2684 causam
737 2621 897 2703 aqis,
942 2621 1015 2685 de
1057 2620 1251 2685 Sestio
1296 2621 1456 2685 male
1498 2622 1840 2703 existimas,
1884 2619 2186 2685 Bibulum

154 2707 675 2792 petulantissimis
718 2709 912 2773 verbis
956 2709 1162 2791 laedis,
1209 2709 1431 2774 laudas
1466 2707 1802 2792 Caesarem,
1845 2729 2022 2790 quem
2056 2730 2187 2773 ma-

164 2798 338 2862 xime
363 2797 562 2873 odisti,
598 2798 656 2860 ei
679 2799 948 2862 maxime
974 2796 1325 2879 obsequeris,
1362 2797 1540 2862 aliud
1562 2803 1749 2875 stans,
1777 2797 1956 2862 aliud
1976 2799 2186 2863 sedens

167 2885 362 2950 sentis
406 2885 478 2947 de
519 2904 587 2947 re
619 2886 883 2967 publica,
926 2885 1024 2950 bis
1067 2886 1228 2949 male
1260 2886 1430 2967 dicis,
1474 2885 1614 2950 illos
1648 2886 1845 2963 odisti,
1892 2885 2185 2950 levissime

74 2991 136 3031 2⁰
168 2971 519 3054 transfuya,
563 2992 750 3054 neque
783 2974 852 3037 in
889 2972 1005 3037 hac
1046 2993 1235 3054 neque
1267 2974 1339 3037 in
1375 2973 1490 3038 illa
1518 2980 1696 3055 parte
1730 2975 1912 3057 fidem
1944 2973 2182 3039 habens.

963 3342 1384 3356 ⁴-——-——-

269 3699 382 3741 «310.
409 3700 488 3739 Π.
520 3701 559 3740 a.
1796 3697 1862 3745 27
