2630 3913
238 1478 311 1540 21

239 1554 298 1601 12

239 2583 298 2632 13

325 194 425 261 *82
1123 194 1223 250 nn
1260 194 1560 250 ormcns

332 355 548 423 viro?
618 355 744 423 Sed
787 357 1076 441 corrupti
1121 377 1334 422 mores
1381 356 1842 443 depravatique
1887 363 2041 423 sunt
2077 357 2348 424 admira-

337 444 513 511 tione
569 444 967 529 divitiarum3
1030 467 1303 529 quarum
1367 467 1474 509 ma
1520 445 1746 510 nitudo
1805 445 1958 529 quid
2014 445 2097 511 ad
2149 469 2347 512 unum

341 555 654 619 quemque
709 538 1007 599 nostrum
1059 533 1387 619 pertinet?
1512 534 1674 599 llum
1728 533 2010 600 fortasse
2064 535 2348 618 adiuvat,

340 624 448 707 qui
500 622 718 687 habet.
807 620 908 686 Ne
962 621 1028 686 id
1094 621 1353 706 quidem
1419 643 1697 706 semper3
1761 623 1873 687 sed
1935 623 2039 689 fac
2099 623 2349 707 iuvare3

338 710 623 776 utentior
668 732 820 775 sane
867 710 980 795 sit,
1023 710 1360 775 honestior
1405 731 1557 775 vero
1605 732 1731 794 quo
1777 711 2014 776 modo?
2105 709 2347 787 Quodsi
2403 730 2429 770 ο

340 800 534 863 etiam
570 799 778 863 bonus
816 797 941 862 erit
975 798 1092 881 vir,
1137 821 1218 862 ne
1254 798 1610 881 impediant
1647 799 1929 883 divitiae,
1969 822 2095 883 quo
2135 799 2346 865 minus

343 889 609 970 iuvetur,
655 887 844 951 modo
882 909 963 951 ne
1002 887 1324 971 adiuvent,
1372 886 1584 970 sitque
1622 909 1810 952 omne
1847 887 2171 971 iudicium,
2216 910 2347 953 non

340 997 533 1060 quam
596 976 910 1059 locuples,
976 976 1087 1040 sed
1151 975 1363 1059 qualis
1430 975 1698 1060 quisque
1763 975 1874 1041 sitl
1964 975 2346 1042 Extremum

340 1068 555 1129 autem
608 1068 1024 1148 praeceptum
1075 1064 1146 1127 in
1197 1063 1523 1128 beneficiis
1582 1085 1903 1148 operaque
1968 1064 2203 1148 danda,
2265 1086 2346 1130 ne

341 1153 492 1237 quid
545 1156 772 1217 contra
836 1152 1229 1236 aequitatem
1293 1152 1671 1236 contendas,
1734 1173 1815 1216 ne
1871 1153 2024 1236 quid
2079 1175 2199 1237 pro
2253 1152 2345 1218 in-
2377 1174 2427 1212 ιο

339 1241 529 1324 iuria3
590 1240 1081 1305 fundamentum
1144 1240 1317 1304 enim
1381 1243 1482 1304 est
1542 1244 1893 1324 perpetuae
1949 1241 2346 1306 commenda-

338 1329 535 1395 tionis
599 1333 665 1393 et
726 1328 938 1394 famae
996 1327 1276 1412 iustitia,
1342 1327 1479 1393 sine
1534 1350 1661 1411 qua
1713 1327 1878 1393 nihil
1933 1333 2153 1414 potest
2207 1351 2347 1395 esse

341 1418 680 1483 laudabile.

470 1504 620 1584 Sed,
676 1505 981 1589 quoniam
1036 1505 1116 1569 de
1171 1525 1247 1569 eo
1306 1525 1540 1589 genere
1595 1504 2051 1571 beneficiorum
2106 1506 2345 1572 dictum

339 1598 463 1679 est,
512 1615 677 1678 quae
722 1593 803 1658 ad
850 1593 1143 1678 singulos
1189 1596 1517 1677 spectant,
1564 1593 1860 1677 deinceps
1905 1594 1983 1660 de
2026 1594 2134 1677 iis,
2181 1617 2345 1679 quae
2378 1614 2425 1654 1⁵

339 1683 419 1749 ad
481 1682 816 1746 universos
890 1702 1180 1765 quaeque
1246 1680 1327 1745 ad
1392 1703 1528 1745 rem
1601 1682 1928 1765 publicam
2000 1683 2345 1767 pertinent,

338 1768 796 1855 disputandum
843 1773 960 1834 est.
1031 1768 1275 1833 Eorum
1324 1773 1539 1833 autem
1584 1769 1874 1854 ipsorum
1920 1771 2160 1855 partim
2208 1772 2344 1837 eius

338 1858 512 1923 modi
557 1860 734 1939 sunt,
788 1860 863 1921 ut
908 1856 988 1922 ad
1033 1857 1369 1922 universos
1415 1857 1585 1922 cives
1640 1858 2034 1943 pertineant,
2087 1860 2345 1944 partim,

339 1947 632 2033 singulos
659 1949 734 2010 ut
761 1945 1122 2048 attingant3
1158 1968 1322 2030 quae
1352 1949 1503 2011 sunt
1530 1946 1728 2012 etiam
1759 1947 2063 2033 gratiora.
2114 1947 2344 2014 Danda

339 2057 537 2120 opera
581 2038 683 2099 est
727 2035 1015 2113 omnino,
1061 2034 1118 2099 si
1162 2034 1397 2119 possit,
1441 2034 1761 2120 utrisque,
1813 2058 1931 2101 nec
1977 2036 2216 2121 minuS,
2270 2043 2345 2102 ut
2374 2056 2425 2096 ιο

339 2124 535 2190 etiam
573 2122 847 2208 singulis
885 2123 1277 2207 consulatur,
1315 2122 1427 2187 sed
1464 2124 1575 2206 ita,
1624 2127 1696 2187 ut
1732 2146 1808 2188 ea
1846 2146 1948 2189 res
1986 2129 2118 2189 aut
2135 2126 2346 2210 prosit

339 2216 453 2277 aut
505 2214 677 2277 certe
730 2232 810 2275 ne
866 2210 1041 2276 obsit
1085 2211 1179 2276 rei
1223 2211 1537 2296 publicae.
1628 2209 1697 2277 C.
1744 2210 2019 2277 Gracchi
2065 2212 2343 2278 frumen

337 2300 508 2366 taria
569 2322 677 2364 ma
770 2322 809 2364 a
870 2299 1165 2386 largiti03
1237 2299 1660 2365 exhauriebat
1731 2300 1933 2386 igitur
1998 2302 2345 2386 aerarium3

338 2388 589 2455 modica
764 2387 993 2454 Octavi
1050 2392 1118 2452 et
1171 2387 1266 2452 rei
1309 2388 1605 2474 publicae
1650 2389 2012 2453 tolerabilis
2059 2394 2126 2454 et
2166 2390 2342 2474 plebi

336 2477 725 2560 necessaria3
782 2498 937 2562 ergo
993 2479 1060 2540 et
1113 2474 1362 2541 civibus
1416 2479 1483 2540 et
1536 2475 1629 2541 rei
1674 2476 1971 2560 publicae
2018 2479 2342 2543 salutaris.
2373 2497 2425 2536 2⁵

338 2566 416 2631 In
460 2564 689 2650 primis
736 2568 954 2629 autem
997 2562 1340 2629 videndum
1387 2564 1510 2628 erit
1558 2564 1634 2648 ei,
1681 2565 1791 2648 qui
1836 2586 1973 2629 rem
2017 2566 2343 2650 publicam

339 2651 837 2735 administrabit,
881 2655 956 2716 ut
993 2673 1181 2716 suum
1218 2652 1488 2736 quisque
1525 2656 1744 2717 teneat
1788 2674 1995 2737 neque
2042 2654 2118 2719 de
2155 2654 2342 2720 bonis

338 2741 768 2841 privatorum
794 2739 1050 2826 publice
1104 2739 1457 2805 deminutio
1520 2740 1656 2805 fiat.
1752 2739 2119 2809 Perniciose
2173 2744 2341 2808 enim

338 2828 697 2913 Philippus,
749 2826 819 2893 in
869 2827 1208 2892 tribunatu
1280 2849 1427 2893 cum
1479 2829 1691 2915 legem
1747 2830 2072 2915 agrariam
2125 2831 2344 2915 ferret,

340 2939 533 3003 quam
588 2920 809 2981 tamen
863 2914 1190 2999 antiquari
1237 2916 1428 2982 facile
1473 2938 1704 3001 passus
1751 2922 1852 2982 est
1898 2922 1964 2982 et
2007 2920 2076 2983 in
2122 2941 2197 2984 eo
2242 2942 2344 2985 ve·
2374 2939 2428 2978 so

336 3007 672 3072 hementer
698 3026 768 3070 se
795 3003 1198 3069 moderatum
1225 3004 1542 3089 praebuit,
1568 3042 1645 3052 -
1679 3007 1789 3071 sed
1819 3029 1964 3071 cum
1989 3007 2059 3071 in
2097 3008 2344 3093 agendo

338 3095 546 3161 multa
607 3092 1040 3178 populariter,
1104 3096 1244 3158 tum
1306 3092 1470 3158 illud
1534 3095 1734 3178 male,
1800 3094 1976 3161 non
2040 3117 2206 3161 esse
2269 3096 2346 3161 in

336 3182 662 3248 civitate
700 3181 840 3246 duo
879 3179 1096 3246 milia
1131 3181 1544 3264 hominum,
1583 3182 1710 3266 qui
1737 3204 1893 3248 rem
1928 3183 2345 3249 haberent.'

337 3269 654 3355 Capitalis
711 3268 919 3335 oratio
974 3273 1099 3353 est,
1155 3270 1236 3334 ad
1292 3232 1741 3353 aequationem
1786 3271 2104 3336 bonorum
2150 3273 2346 3357 perti·

336 3379 523 3440 nens3
569 3379 696 3441 qua
740 3361 921 3442 peste
969 3379 1132 3441 quae
1176 3361 1397 3442 potest
1443 3379 1582 3422 esse
1620 3360 1869 3424 maior?
1942 3359 2129 3425 Hanc
2176 3361 2347 3426 enim
2377 3382 2431 3421 ³5

339 3445 421 3508 ob
469 3465 728 3509 causam
773 3467 1096 3527 maxume,
1153 3449 1226 3508 ut
1272 3466 1391 3510 sua
1436 3448 1836 3530 tenerentur,
1891 3469 1992 3512 res
2049 3448 2348 3533 publicae

339 3530 759 3613 civitatesque
804 3495 1196 3597 constitutae
1245 3539 1414 3597 sunt.
1502 3533 1692 3616 Nam,
1741 3535 1864 3600 etsi
1911 3535 2067 3601 duce
2111 3541 2350 3601 natura
