<?xml version="1.0" encoding="UTF-8"?>
<!DOCTYPE html PUBLIC "-//W3C//DTD XHTML 1.0 Transitional//EN"
    "http://www.w3.org/TR/xhtml1/DTD/xhtml1-transitional.dtd">
<html xmlns="http://www.w3.org/1999/xhtml" xml:lang="en" lang="en">
 <head>
  <title>
</title>
<meta http-equiv="Content-Type" content="text/html;charset=utf-8" />
  <meta name='ocr-system' content='tesseract 3.04.00' />
  <meta name='ocr-capabilities' content='ocr_page ocr_carea ocr_par ocr_line ocrx_word'/>
</head>
<body>
  <div class='ocr_page' id='page_1' title='image "./scriptaquaemans01cicegoog_0071.png"; bbox 0 0 2630 3913; ppageno 0'>
   <div class='ocr_carea' id='block_1_1' title="bbox 855 167 2418 257">
    <p class='ocr_par' dir='ltr' id='par_1_1' title="bbox 855 167 2418 257">
     <span class='ocr_line' id='line_1_1' title="bbox 855 167 2418 257; baseline 0.003 -34"><span class='ocrx_word' id='word_1_1' title='bbox 855 168 990 224; x_wconf 78' lang='lat' dir='ltr'>Lm.</span> <span class='ocrx_word' id='word_1_2' title='bbox 1026 167 1070 223; x_wconf 93' lang='lat'>1.</span> <span class='ocrx_word' id='word_1_3' title='bbox 1129 167 1279 223; x_wconf 77' lang='lat' dir='ltr'>CAP.</span> <span class='ocrx_word' id='word_1_4' title='bbox 1320 173 1475 223; x_wconf 83' lang='lat'><strong>2-4.</strong></span> <span class='ocrx_word' id='word_1_5' title='bbox 1532 173 1563 233; x_wconf 66' lang='grc' dir='ltr'><strong>ς</strong></span> <span class='ocrx_word' id='word_1_6' title='bbox 1598 173 1790 222; x_wconf 86' lang='lat'>5-11.</span> <span class='ocrx_word' id='word_1_7' title='bbox 2209 242 2214 257; x_wconf 19' lang='grc' dir='ltr'><em>μ</em></span> <span class='ocrx_word' id='word_1_8' title='bbox 2284 168 2349 247; x_wconf 44' lang='grc'>5,</span> <span class='ocrx_word' id='word_1_9' title='bbox 2415 238 2418 243; x_wconf 82' lang='lat'><em>.</em></span> 
     </span>
    </p>
   </div>
   <div class='ocr_carea' id='block_1_2' title="bbox 232 318 2445 3605">
    <p class='ocr_par' dir='ltr' id='par_1_2' title="bbox 316 318 2418 591">
     <span class='ocr_line' id='line_1_2' title="bbox 316 318 2418 414; baseline -0.001 -18"><span class='ocrx_word' id='word_1_10' title='bbox 316 326 549 396; x_wconf 70' lang='lat' dir='ltr'>ficiunf</span> <span class='ocrx_word' id='word_1_11' title='bbox 560 321 835 413; x_wconf 52' lang='lat' dir='ltr'>rectum),</span> <span class='ocrx_word' id='word_1_12' title='bbox 864 330 1110 414; x_wconf 86' lang='lat' dir='ltr'>opinor,</span> <span class='ocrx_word' id='word_1_13' title='bbox 1146 351 1475 412; x_wconf 86' lang='lat' dir='ltr'>vocemus,</span> <span class='ocrx_word' id='word_1_14' title='bbox 1502 329 1807 413; x_wconf 90' lang='lat' dir='ltr'>quoniam</span> <span class='ocrx_word' id='word_1_15' title='bbox 1836 328 2065 395; x_wconf 85' lang='lat' dir='ltr'>Graeci</span> <span class='ocrx_word' id='word_1_16' title='bbox 2094 326 2323 413; x_wconf 75' lang='grc' dir='ltr'><strong><em>κατόρ-</em></strong></span> <span class='ocrx_word' id='word_1_17' title='bbox 2413 318 2418 343; x_wconf 58' lang='lat'>³</span> 
     </span>
     <span class='ocr_line' id='line_1_3' title="bbox 316 417 2412 502; baseline -0 -19"><span class='ocrx_word' id='word_1_18' title='bbox 316 425 532 502; x_wconf 77' lang='grc' dir='ltr'><em>θωμα,</em></span> <span class='ocrx_word' id='word_1_19' title='bbox 582 419 706 484; x_wconf 92' lang='lat' dir='ltr'>hoc</span> <span class='ocrx_word' id='word_1_20' title='bbox 752 422 969 483; x_wconf 88' lang='lat' dir='ltr'>autem</span> <span class='ocrx_word' id='word_1_21' title='bbox 1015 439 1350 483; x_wconf 91' lang='lat' dir='ltr'>commune</span> <span class='ocrx_word' id='word_1_22' title='bbox 1397 418 1682 483; x_wconf 85' lang='lat' dir='ltr'>officium</span> <span class='ocrx_word' id='word_1_23' title='bbox 1724 417 2028 500; x_wconf 77' lang='grc' dir='ltr'><strong><em>καθῆκον</em></strong></span> <span class='ocrx_word' id='word_1_24' title='bbox 2072 422 2325 484; x_wconf 79' lang='lat' dir='ltr'>vocant.</span> <span class='ocrx_word' id='word_1_25' title='bbox 2409 492 2412 499; x_wconf 13' lang='grc' dir='ltr'><em>Α</em></span> 
     </span>
     <span class='ocr_line' id='line_1_4' title="bbox 317 505 2328 591; baseline 0 -20"><span class='ocrx_word' id='word_1_26' title='bbox 317 507 534 591; x_wconf 88' lang='lat' dir='ltr'>Atque</span> <span class='ocrx_word' id='word_1_27' title='bbox 572 528 648 571; x_wconf 87' lang='lat' dir='ltr'>ea</span> <span class='ocrx_word' id='word_1_28' title='bbox 683 506 776 571; x_wconf 91' lang='lat' dir='ltr'>sic</span> <span class='ocrx_word' id='word_1_29' title='bbox 813 505 1143 589; x_wconf 87' lang='lat' dir='ltr'>definiunt,</span> <span class='ocrx_word' id='word_1_30' title='bbox 1178 509 1270 589; x_wconf 87' lang='lat' dir='ltr'>ut,</span> <span class='ocrx_word' id='word_1_31' title='bbox 1305 509 1554 571; x_wconf 91' lang='lat' dir='ltr'>rectum</span> <span class='ocrx_word' id='word_1_32' title='bbox 1590 506 1762 590; x_wconf 90' lang='lat' dir='ltr'>quod</span> <span class='ocrx_word' id='word_1_33' title='bbox 1800 506 1903 588; x_wconf 84' lang='lat' dir='ltr'>sit,</span> <span class='ocrx_word' id='word_1_34' title='bbox 1938 506 2006 570; x_wconf 93' lang='lat' dir='ltr'>id</span> <span class='ocrx_word' id='word_1_35' title='bbox 2042 505 2328 572; x_wconf 86' lang='lat' dir='ltr'>officium</span> 
     </span>
    </p>

    <p class='ocr_par' dir='ltr' id='par_1_3' title="bbox 316 593 2434 681">
     <span class='ocr_line' id='line_1_5' title="bbox 316 593 2434 681; baseline -0 -21"><span class='ocrx_word' id='word_1_36' title='bbox 316 594 672 681; x_wconf 89' lang='lat' dir='ltr'>perfectum</span> <span class='ocrx_word' id='word_1_37' title='bbox 703 615 841 659; x_wconf 90' lang='lat' dir='ltr'>esse</span> <span class='ocrx_word' id='word_1_38' title='bbox 871 594 1204 677; x_wconf 82' lang='lat' dir='ltr'>definiant3</span> <span class='ocrx_word' id='word_1_39' title='bbox 1232 593 1512 659; x_wconf 88' lang='lat' dir='ltr'>medium</span> <span class='ocrx_word' id='word_1_40' title='bbox 1541 597 1757 659; x_wconf 86' lang='lat' dir='ltr'>autem</span> <span class='ocrx_word' id='word_1_41' title='bbox 1781 593 2064 659; x_wconf 86' lang='lat' dir='ltr'>officium</span> <span class='ocrx_word' id='word_1_42' title='bbox 2092 594 2159 659; x_wconf 93' lang='lat' dir='ltr'>id</span> <span class='ocrx_word' id='word_1_43' title='bbox 2187 616 2326 659; x_wconf 91' lang='lat' dir='ltr'>esse</span> <span class='ocrx_word' id='word_1_44' title='bbox 2363 616 2388 633; x_wconf 42' lang='lat'>1⁶</span> <span class='ocrx_word' id='word_1_45' title='bbox 2430 630 2434 635; x_wconf 90' lang='lat'><strong>·</strong></span> 
     </span>
    </p>

    <p class='ocr_par' dir='ltr' id='par_1_4' title="bbox 262 681 2395 1120">
     <span class='ocr_line' id='line_1_6' title="bbox 262 681 2327 768; baseline 0.001 -23"><span class='ocrx_word' id='word_1_46' title='bbox 262 704 290 745; x_wconf 85' lang='lat'><strong>5</strong></span> <span class='ocrx_word' id='word_1_47' title='bbox 319 683 565 768; x_wconf 86' lang='lat' dir='ltr'>dicunt,</span> <span class='ocrx_word' id='word_1_48' title='bbox 630 682 800 766; x_wconf 91' lang='lat' dir='ltr'>quod</span> <span class='ocrx_word' id='word_1_49' title='bbox 863 704 975 747; x_wconf 94' lang='lat' dir='ltr'>cur</span> <span class='ocrx_word' id='word_1_50' title='bbox 1027 681 1272 747; x_wconf 78' lang='lat' dir='ltr'>factum</span> <span class='ocrx_word' id='word_1_51' title='bbox 1327 682 1456 765; x_wconf 46' lang='lat' dir='ltr'>sitq</span> <span class='ocrx_word' id='word_1_52' title='bbox 1503 683 1673 747; x_wconf 92' lang='lat' dir='ltr'>ratio</span> <span class='ocrx_word' id='word_1_53' title='bbox 1728 683 2086 766; x_wconf 88' lang='lat' dir='ltr'>probabilis</span> <span class='ocrx_word' id='word_1_54' title='bbox 2146 683 2327 748; x_wconf 83' lang='lat' dir='ltr'>reddi</span> 
     </span>
     <span class='ocr_line' id='line_1_7' title="bbox 314 769 2395 856; baseline -0.001 -20"><span class='ocrx_word' id='word_1_55' title='bbox 314 771 544 856; x_wconf 91' lang='lat' dir='ltr'>possit.</span> <span class='ocrx_word' id='word_1_56' title='bbox 631 771 895 854; x_wconf 83' lang='lat' dir='ltr'>Triplex</span> <span class='ocrx_word' id='word_1_57' title='bbox 938 769 1141 855; x_wconf 84' lang='lat' dir='ltr'>igitur</span> <span class='ocrx_word' id='word_1_58' title='bbox 1187 773 1312 853; x_wconf 91' lang='lat' dir='ltr'>est,</span> <span class='ocrx_word' id='word_1_59' title='bbox 1370 773 1446 836; x_wconf 93' lang='lat' dir='ltr'>ut</span> <span class='ocrx_word' id='word_1_60' title='bbox 1489 770 1801 836; x_wconf 75' lang='lat' dir='ltr'>Panaetio</span> <span class='ocrx_word' id='word_1_61' title='bbox 1847 771 2128 855; x_wconf 85' lang='lat' dir='ltr'>videtur,</span> <span class='ocrx_word' id='word_1_62' title='bbox 2183 793 2327 837; x_wconf 93' lang='lat' dir='ltr'>con·</span> <span class='ocrx_word' id='word_1_63' title='bbox 2363 787 2395 834; x_wconf 80' lang='grc'><strong>9</strong></span> 
     </span>
     <span class='ocr_line' id='line_1_8' title="bbox 317 857 2328 945; baseline 0 -21"><span class='ocrx_word' id='word_1_64' title='bbox 317 860 449 924; x_wconf 90' lang='lat' dir='ltr'>silii</span> <span class='ocrx_word' id='word_1_65' title='bbox 494 858 786 945; x_wconf 87' lang='lat' dir='ltr'>capiendi</span> <span class='ocrx_word' id='word_1_66' title='bbox 833 858 1229 924; x_wconf 73' lang='lat' dir='ltr'>deliberatio.</span> <span class='ocrx_word' id='word_1_67' title='bbox 1303 857 1479 923; x_wconf 90' lang='lat' dir='ltr'>Nam</span> <span class='ocrx_word' id='word_1_68' title='bbox 1520 863 1633 924; x_wconf 88' lang='lat' dir='ltr'>aut</span> <span class='ocrx_word' id='word_1_69' title='bbox 1678 859 2103 924; x_wconf 72' lang='lat' dir='ltr'>honestumne</span> <span class='ocrx_word' id='word_1_70' title='bbox 2148 858 2328 925; x_wconf 78' lang='lat' dir='ltr'>factu</span> 
     </span>
     <span class='ocr_line' id='line_1_9' title="bbox 317 946 2327 1033; baseline 0 -21"><span class='ocrx_word' id='word_1_71' title='bbox 317 948 404 1012; x_wconf 88' lang='lat' dir='ltr'>sit</span> <span class='ocrx_word' id='word_1_72' title='bbox 441 971 525 1012; x_wconf 92' lang='lat' dir='ltr'>an</span> <span class='ocrx_word' id='word_1_73' title='bbox 559 950 748 1032; x_wconf 89' lang='lat' dir='ltr'>turpe</span> <span class='ocrx_word' id='word_1_74' title='bbox 787 947 1088 1012; x_wconf 84' lang='lat' dir='ltr'>dubitant</span> <span class='ocrx_word' id='word_1_75' title='bbox 1123 946 1221 1030; x_wconf 56' lang='lat' dir='ltr'>idr</span> <span class='ocrx_word' id='word_1_76' title='bbox 1244 947 1417 1031; x_wconf 92' lang='lat' dir='ltr'>quod</span> <span class='ocrx_word' id='word_1_77' title='bbox 1453 947 1522 1011; x_wconf 90' lang='lat' dir='ltr'>in</span> <span class='ocrx_word' id='word_1_78' title='bbox 1559 947 2089 1013; x_wconf 88' lang='lat' dir='ltr'>deliberationem</span> <span class='ocrx_word' id='word_1_79' title='bbox 2127 948 2327 1033; x_wconf 78' lang='lat' dir='ltr'>cadit3</span> 
     </span>
     <span class='ocr_line' id='line_1_10' title="bbox 291 1035 2327 1120; baseline 0 -19"><span class='ocrx_word' id='word_1_80' title='bbox 291 1036 384 1101; x_wconf 81' lang='lat' dir='ltr'>in</span> <span class='ocrx_word' id='word_1_81' title='bbox 422 1057 548 1120; x_wconf 93' lang='lat' dir='ltr'>quo</span> <span class='ocrx_word' id='word_1_82' title='bbox 587 1035 1047 1101; x_wconf 88' lang='lat' dir='ltr'>considerando</span> <span class='ocrx_word' id='word_1_83' title='bbox 1086 1056 1276 1120; x_wconf 86' lang='lat' dir='ltr'>saepe</span> <span class='ocrx_word' id='word_1_84' title='bbox 1314 1035 1514 1100; x_wconf 88' lang='lat' dir='ltr'>animi</span> <span class='ocrx_word' id='word_1_85' title='bbox 1557 1035 1627 1100; x_wconf 91' lang='lat' dir='ltr'>in</span> <span class='ocrx_word' id='word_1_86' title='bbox 1670 1036 2028 1101; x_wconf 89' lang='lat' dir='ltr'>contrarias</span> <span class='ocrx_word' id='word_1_87' title='bbox 2077 1040 2327 1102; x_wconf 89' lang='lat' dir='ltr'>senten-</span> 
     </span>
    </p>

    <p class='ocr_par' dir='ltr' id='par_1_5' title="bbox 236 1122 2346 1561">
     <span class='ocr_line' id='line_1_11' title="bbox 236 1122 2327 1207; baseline 0 -20"><span class='ocrx_word' id='word_1_88' title='bbox 236 1148 286 1189; x_wconf 85' lang='grc' dir='ltr'>ιο</span> <span class='ocrx_word' id='word_1_89' title='bbox 314 1124 443 1189; x_wconf 91' lang='lat' dir='ltr'>tias</span> <span class='ocrx_word' id='word_1_90' title='bbox 483 1124 948 1197; x_wconf 86' lang='lat' dir='ltr'>distrahuntur.</span> <span class='ocrx_word' id='word_1_91' title='bbox 1020 1122 1187 1188; x_wconf 84' lang='lat' dir='ltr'>Tum</span> <span class='ocrx_word' id='word_1_92' title='bbox 1224 1126 1441 1188; x_wconf 86' lang='lat' dir='ltr'>autem</span> <span class='ocrx_word' id='word_1_93' title='bbox 1478 1126 1592 1189; x_wconf 88' lang='lat' dir='ltr'>aut</span> <span class='ocrx_word' id='word_1_94' title='bbox 1629 1124 1979 1207; x_wconf 88' lang='lat' dir='ltr'>anquirunt</span> <span class='ocrx_word' id='word_1_95' title='bbox 2024 1129 2137 1189; x_wconf 88' lang='lat' dir='ltr'>aut</span> <span class='ocrx_word' id='word_1_96' title='bbox 2182 1147 2327 1190; x_wconf 92' lang='lat' dir='ltr'>con-</span> 
     </span>
     <span class='ocr_line' id='line_1_12' title="bbox 314 1211 2327 1296; baseline -0 -18"><span class='ocrx_word' id='word_1_97' title='bbox 314 1214 593 1295; x_wconf 79' lang='lat' dir='ltr'>sultant,</span> <span class='ocrx_word' id='word_1_98' title='bbox 647 1212 729 1277; x_wconf 89' lang='lat' dir='ltr'>ad</span> <span class='ocrx_word' id='word_1_99' title='bbox 772 1213 946 1277; x_wconf 79' lang='lat' dir='ltr'>vitae</span> <span class='ocrx_word' id='word_1_100' title='bbox 992 1211 1518 1277; x_wconf 80' lang='lat' dir='ltr'>commoditatem</span> <span class='ocrx_word' id='word_1_101' title='bbox 1572 1211 2189 1296; x_wconf 86' lang='lat' dir='ltr'>iucunditatemque,</span> <span class='ocrx_word' id='word_1_102' title='bbox 2245 1213 2327 1278; x_wconf 91' lang='lat' dir='ltr'>ad</span> 
     </span>
     <span class='ocr_line' id='line_1_13' title="bbox 311 1299 2325 1385; baseline 0 -20"><span class='ocrx_word' id='word_1_103' title='bbox 311 1301 661 1366; x_wconf 80' lang='lat' dir='ltr'>facultates</span> <span class='ocrx_word' id='word_1_104' title='bbox 708 1322 923 1365; x_wconf 90' lang='lat' dir='ltr'>rerum</span> <span class='ocrx_word' id='word_1_105' title='bbox 970 1303 1164 1384; x_wconf 88' lang='lat' dir='ltr'>atque</span> <span class='ocrx_word' id='word_1_106' title='bbox 1201 1300 1439 1384; x_wconf 78' lang='lat' dir='ltr'>copiaS,</span> <span class='ocrx_word' id='word_1_107' title='bbox 1487 1299 1568 1363; x_wconf 89' lang='lat' dir='ltr'>ad</span> <span class='ocrx_word' id='word_1_108' title='bbox 1608 1321 1782 1384; x_wconf 89' lang='lat' dir='ltr'>opes,</span> <span class='ocrx_word' id='word_1_109' title='bbox 1828 1300 1910 1364; x_wconf 90' lang='lat' dir='ltr'>ad</span> <span class='ocrx_word' id='word_1_110' title='bbox 1946 1301 2325 1385; x_wconf 89' lang='lat' dir='ltr'>potentiam,</span> 
     </span>
     <span class='ocr_line' id='line_1_14' title="bbox 314 1387 2346 1485; baseline 0 -32"><span class='ocrx_word' id='word_1_111' title='bbox 314 1389 550 1473; x_wconf 87' lang='lat' dir='ltr'>quibus</span> <span class='ocrx_word' id='word_1_112' title='bbox 588 1393 656 1453; x_wconf 91' lang='lat' dir='ltr'>et</span> <span class='ocrx_word' id='word_1_113' title='bbox 691 1410 760 1453; x_wconf 90' lang='lat' dir='ltr'>se</span> <span class='ocrx_word' id='word_1_114' title='bbox 796 1388 1052 1473; x_wconf 86' lang='lat' dir='ltr'>possint</span> <span class='ocrx_word' id='word_1_115' title='bbox 1085 1388 1307 1454; x_wconf 84' lang='lat' dir='ltr'>iuvare</span> <span class='ocrx_word' id='word_1_116' title='bbox 1346 1391 1412 1452; x_wconf 89' lang='lat' dir='ltr'>et</span> <span class='ocrx_word' id='word_1_117' title='bbox 1448 1409 1617 1471; x_wconf 87' lang='lat' dir='ltr'>suos,</span> <span class='ocrx_word' id='word_1_118' title='bbox 1658 1387 1977 1453; x_wconf 86' lang='lat' dir='ltr'>conducat</span> <span class='ocrx_word' id='word_1_119' title='bbox 2008 1388 2076 1452; x_wconf 93' lang='lat' dir='ltr'>id</span> <span class='ocrx_word' id='word_1_120' title='bbox 2110 1410 2346 1485; x_wconf 58' lang='lat' dir='ltr'>necne7</span> 
     </span>
     <span class='ocr_line' id='line_1_15' title="bbox 314 1476 2326 1561; baseline 0 -19"><span class='ocrx_word' id='word_1_121' title='bbox 314 1478 394 1542; x_wconf 92' lang='lat' dir='ltr'>de</span> <span class='ocrx_word' id='word_1_122' title='bbox 433 1498 559 1560; x_wconf 92' lang='lat' dir='ltr'>quo</span> <span class='ocrx_word' id='word_1_123' title='bbox 599 1476 987 1559; x_wconf 83' lang='lat' dir='ltr'>deliberant3</span> <span class='ocrx_word' id='word_1_124' title='bbox 1033 1498 1196 1561; x_wconf 88' lang='lat' dir='ltr'>quae</span> <span class='ocrx_word' id='word_1_125' title='bbox 1234 1476 1616 1541; x_wconf 91' lang='lat' dir='ltr'>deliberatio</span> <span class='ocrx_word' id='word_1_126' title='bbox 1656 1476 1864 1541; x_wconf 89' lang='lat' dir='ltr'>omnis</span> <span class='ocrx_word' id='word_1_127' title='bbox 1901 1477 1971 1541; x_wconf 91' lang='lat' dir='ltr'>in</span> <span class='ocrx_word' id='word_1_128' title='bbox 2005 1477 2326 1542; x_wconf 89' lang='lat' dir='ltr'>rationem</span> 
     </span>
    </p>

    <p class='ocr_par' dir='ltr' id='par_1_6' title="bbox 236 1563 2445 2005">
     <span class='ocr_line' id='line_1_16' title="bbox 236 1563 2328 1650; baseline 0.001 -22"><span class='ocrx_word' id='word_1_129' title='bbox 236 1587 285 1628; x_wconf 82' lang='lat'>15</span> <span class='ocrx_word' id='word_1_130' title='bbox 311 1564 625 1632; x_wconf 87' lang='lat' dir='ltr'>utilitatis</span> <span class='ocrx_word' id='word_1_131' title='bbox 685 1564 874 1630; x_wconf 89' lang='lat' dir='ltr'>cadit.</span> <span class='ocrx_word' id='word_1_132' title='bbox 962 1563 1258 1629; x_wconf 85' lang='lat' dir='ltr'>Tertium</span> <span class='ocrx_word' id='word_1_133' title='bbox 1322 1564 1659 1629; x_wconf 86' lang='lat' dir='ltr'>dubitandi</span> <span class='ocrx_word' id='word_1_134' title='bbox 1723 1585 1925 1650; x_wconf 86' lang='lat' dir='ltr'>genus</span> <span class='ocrx_word' id='word_1_135' title='bbox 1991 1569 2117 1649; x_wconf 90' lang='lat' dir='ltr'>est,</span> <span class='ocrx_word' id='word_1_136' title='bbox 2182 1588 2328 1631; x_wconf 89' lang='lat' dir='ltr'>cum</span> 
     </span>
     <span class='ocr_line' id='line_1_17' title="bbox 311 1653 2326 1739; baseline 0 -21"><span class='ocrx_word' id='word_1_137' title='bbox 311 1673 606 1739; x_wconf 86' lang='lat' dir='ltr'>pugnare</span> <span class='ocrx_word' id='word_1_138' title='bbox 659 1653 914 1718; x_wconf 86' lang='lat' dir='ltr'>videtur</span> <span class='ocrx_word' id='word_1_139' title='bbox 968 1675 1114 1718; x_wconf 92' lang='lat' dir='ltr'>cum</span> <span class='ocrx_word' id='word_1_140' title='bbox 1165 1653 1440 1719; x_wconf 91' lang='lat' dir='ltr'>honesto</span> <span class='ocrx_word' id='word_1_141' title='bbox 1495 1653 1561 1717; x_wconf 92' lang='lat' dir='ltr'>id</span> <span class='ocrx_word' id='word_1_142' title='bbox 1549 1703 1603 1738; x_wconf 48' lang='lat' dir='ltr'><em>J</em></span> <span class='ocrx_word' id='word_1_143' title='bbox 1651 1653 1824 1737; x_wconf 93' lang='lat' dir='ltr'>quod</span> <span class='ocrx_word' id='word_1_144' title='bbox 1875 1653 2132 1719; x_wconf 84' lang='lat' dir='ltr'>videtur</span> <span class='ocrx_word' id='word_1_145' title='bbox 2187 1675 2326 1718; x_wconf 90' lang='lat' dir='ltr'>esse</span> 
     </span>
     <span class='ocr_line' id='line_1_18' title="bbox 313 1740 2327 1826; baseline -0 -19"><span class='ocrx_word' id='word_1_146' title='bbox 313 1742 505 1824; x_wconf 82' lang='lat' dir='ltr'>utile3</span> <span class='ocrx_word' id='word_1_147' title='bbox 551 1763 695 1807; x_wconf 91' lang='lat' dir='ltr'>cum</span> <span class='ocrx_word' id='word_1_148' title='bbox 733 1740 904 1806; x_wconf 87' lang='lat' dir='ltr'>enim</span> <span class='ocrx_word' id='word_1_149' title='bbox 949 1741 1200 1806; x_wconf 89' lang='lat' dir='ltr'>utilitas</span> <span class='ocrx_word' id='word_1_150' title='bbox 1242 1741 1324 1805; x_wconf 92' lang='lat' dir='ltr'>ad</span> <span class='ocrx_word' id='word_1_151' title='bbox 1359 1763 1428 1806; x_wconf 91' lang='lat' dir='ltr'>se</span> <span class='ocrx_word' id='word_1_152' title='bbox 1464 1762 1717 1826; x_wconf 88' lang='lat' dir='ltr'>rapere,</span> <span class='ocrx_word' id='word_1_153' title='bbox 1762 1742 2069 1807; x_wconf 91' lang='lat' dir='ltr'>honestas</span> <span class='ocrx_word' id='word_1_154' title='bbox 2099 1745 2327 1807; x_wconf 89' lang='lat' dir='ltr'>contra</span> 
     </span>
     <span class='ocr_line' id='line_1_19' title="bbox 313 1829 2445 1919; baseline -0 -24"><span class='ocrx_word' id='word_1_155' title='bbox 313 1851 619 1895; x_wconf 87' lang='lat' dir='ltr'>revocare</span> <span class='ocrx_word' id='word_1_156' title='bbox 649 1829 730 1894; x_wconf 89' lang='lat' dir='ltr'>ad</span> <span class='ocrx_word' id='word_1_157' title='bbox 760 1850 827 1893; x_wconf 98' lang='lat' dir='ltr'>se</span> <span class='ocrx_word' id='word_1_158' title='bbox 864 1829 1135 1913; x_wconf 79' lang='lat' dir='ltr'>videtur,</span> <span class='ocrx_word' id='word_1_159' title='bbox 1170 1830 1247 1893; x_wconf 92' lang='lat' dir='ltr'>fit</span> <span class='ocrx_word' id='word_1_160' title='bbox 1282 1833 1359 1894; x_wconf 88' lang='lat' dir='ltr'>ut</span> <span class='ocrx_word' id='word_1_161' title='bbox 1386 1829 1786 1895; x_wconf 79' lang='lat' dir='ltr'>distrahatur</span> <span class='ocrx_word' id='word_1_162' title='bbox 1812 1830 1884 1895; x_wconf 90' lang='lat' dir='ltr'>in</span> <span class='ocrx_word' id='word_1_163' title='bbox 1910 1829 2324 1896; x_wconf 91' lang='lat' dir='ltr'>deliberando</span> <span class='ocrx_word' id='word_1_164' title='bbox 2442 1915 2445 1919; x_wconf 9' lang='grc' dir='ltr'><strong><em>ἶ</em></strong></span> 
     </span>
     <span class='ocr_line' id='line_1_20' title="bbox 313 1917 2431 2005; baseline -0.001 -21"><span class='ocrx_word' id='word_1_165' title='bbox 313 1917 571 1984; x_wconf 86' lang='lat' dir='ltr'>animus</span> <span class='ocrx_word' id='word_1_166' title='bbox 626 1917 1001 2002; x_wconf 84' lang='lat' dir='ltr'>adferatque</span> <span class='ocrx_word' id='word_1_167' title='bbox 1057 1918 1404 2002; x_wconf 80' lang='lat' dir='ltr'>ancipitem</span> <span class='ocrx_word' id='word_1_168' title='bbox 1468 1939 1686 1984; x_wconf 88' lang='lat' dir='ltr'>curam</span> <span class='ocrx_word' id='word_1_169' title='bbox 1750 1918 2096 2005; x_wconf 86' lang='lat' dir='ltr'>cogitandi.</span> <span class='ocrx_word' id='word_1_170' title='bbox 2184 1918 2327 1985; x_wconf 89' lang='lat' dir='ltr'>Hac</span> <span class='ocrx_word' id='word_1_171' title='bbox 2365 1931 2431 1982; x_wconf 89' lang='lat'>10</span> 
     </span>
    </p>

    <p class='ocr_par' dir='ltr' id='par_1_7' title="bbox 233 2007 2328 2444">
     <span class='ocr_line' id='line_1_21' title="bbox 233 2007 2328 2091; baseline 0.001 -21"><span class='ocrx_word' id='word_1_172' title='bbox 233 2030 284 2071; x_wconf 65' lang='grc' dir='ltr'>ιο</span> <span class='ocrx_word' id='word_1_173' title='bbox 313 2007 649 2089; x_wconf 79' lang='lat' dir='ltr'>divisione,</span> <span class='ocrx_word' id='word_1_174' title='bbox 695 2029 840 2072; x_wconf 91' lang='lat' dir='ltr'>cum</span> <span class='ocrx_word' id='word_1_175' title='bbox 886 2007 1237 2090; x_wconf 89' lang='lat' dir='ltr'>praeterire</span> <span class='ocrx_word' id='word_1_176' title='bbox 1282 2007 1529 2091; x_wconf 89' lang='lat' dir='ltr'>aliquid</span> <span class='ocrx_word' id='word_1_177' title='bbox 1575 2029 1946 2073; x_wconf 86' lang='lat' dir='ltr'>maxumum</span> <span class='ocrx_word' id='word_1_178' title='bbox 1992 2007 2222 2073; x_wconf 89' lang='lat' dir='ltr'>vitium</span> <span class='ocrx_word' id='word_1_179' title='bbox 2258 2009 2328 2073; x_wconf 94' lang='lat' dir='ltr'>in</span> 
     </span>
     <span class='ocr_line' id='line_1_22' title="bbox 313 2094 2324 2178; baseline 0 -17"><span class='ocrx_word' id='word_1_180' title='bbox 313 2095 656 2161; x_wconf 79' lang='lat' dir='ltr'>dividendo</span> <span class='ocrx_word' id='word_1_181' title='bbox 705 2094 809 2177; x_wconf 87' lang='lat' dir='ltr'>sit,</span> <span class='ocrx_word' id='word_1_182' title='bbox 856 2094 979 2160; x_wconf 92' lang='lat' dir='ltr'>duo</span> <span class='ocrx_word' id='word_1_183' title='bbox 1025 2096 1486 2178; x_wconf 85' lang='lat' dir='ltr'>praetermissa</span> <span class='ocrx_word' id='word_1_184' title='bbox 1523 2099 1698 2176; x_wconf 82' lang='lat' dir='ltr'>sunt3</span> <span class='ocrx_word' id='word_1_185' title='bbox 1740 2117 1858 2160; x_wconf 92' lang='lat' dir='ltr'>nec</span> <span class='ocrx_word' id='word_1_186' title='bbox 1894 2096 2068 2161; x_wconf 93' lang='lat' dir='ltr'>enim</span> <span class='ocrx_word' id='word_1_187' title='bbox 2114 2097 2324 2161; x_wconf 92' lang='lat' dir='ltr'>solum</span> 
     </span>
     <span class='ocr_line' id='line_1_23' title="bbox 310 2182 2326 2270; baseline 0 -21"><span class='ocrx_word' id='word_1_188' title='bbox 310 2188 536 2249; x_wconf 88' lang='lat' dir='ltr'>utrum</span> <span class='ocrx_word' id='word_1_189' title='bbox 590 2182 935 2248; x_wconf 78' lang='lat' dir='ltr'>honestum</span> <span class='ocrx_word' id='word_1_190' title='bbox 989 2206 1073 2248; x_wconf 88' lang='lat' dir='ltr'>an</span> <span class='ocrx_word' id='word_1_191' title='bbox 1126 2187 1317 2268; x_wconf 88' lang='lat' dir='ltr'>turpe</span> <span class='ocrx_word' id='word_1_192' title='bbox 1373 2184 1495 2270; x_wconf 33' lang='lat' dir='ltr'>sits,</span> <span class='ocrx_word' id='word_1_193' title='bbox 1550 2183 1894 2248; x_wconf 88' lang='lat' dir='ltr'>deliberari</span> <span class='ocrx_word' id='word_1_194' title='bbox 1958 2185 2151 2267; x_wconf 86' lang='lat' dir='ltr'>solet,</span> <span class='ocrx_word' id='word_1_195' title='bbox 2215 2185 2326 2249; x_wconf 86' lang='lat' dir='ltr'>sed</span> 
     </span>
     <span class='ocr_line' id='line_1_24' title="bbox 311 2271 2326 2358; baseline 0 -22"><span class='ocrx_word' id='word_1_196' title='bbox 311 2272 517 2337; x_wconf 88' lang='lat' dir='ltr'>etiam</span> <span class='ocrx_word' id='word_1_197' title='bbox 583 2271 831 2336; x_wconf 90' lang='lat' dir='ltr'>duobus</span> <span class='ocrx_word' id='word_1_198' title='bbox 895 2271 1248 2356; x_wconf 89' lang='lat' dir='ltr'>propositis</span> <span class='ocrx_word' id='word_1_199' title='bbox 1311 2271 1604 2335; x_wconf 89' lang='lat' dir='ltr'>honestis</span> <span class='ocrx_word' id='word_1_200' title='bbox 1677 2276 1898 2336; x_wconf 91' lang='lat' dir='ltr'>utrum</span> <span class='ocrx_word' id='word_1_201' title='bbox 1969 2271 2326 2358; x_wconf 78' lang='lat' dir='ltr'>honestiuS,</span> 
     </span>
     <span class='ocr_line' id='line_1_25' title="bbox 309 2359 2325 2444; baseline 0 -19"><span class='ocrx_word' id='word_1_202' title='bbox 309 2361 600 2443; x_wconf 91' lang='lat' dir='ltr'>itemque</span> <span class='ocrx_word' id='word_1_203' title='bbox 647 2359 894 2424; x_wconf 92' lang='lat' dir='ltr'>duobus</span> <span class='ocrx_word' id='word_1_204' title='bbox 940 2359 1292 2444; x_wconf 90' lang='lat' dir='ltr'>propositis</span> <span class='ocrx_word' id='word_1_205' title='bbox 1332 2359 1601 2424; x_wconf 90' lang='lat' dir='ltr'>utilibus</span> <span class='ocrx_word' id='word_1_206' title='bbox 1638 2363 1858 2423; x_wconf 88' lang='lat' dir='ltr'>utrum</span> <span class='ocrx_word' id='word_1_207' title='bbox 1895 2359 2139 2424; x_wconf 91' lang='lat' dir='ltr'>utilius.</span> <span class='ocrx_word' id='word_1_208' title='bbox 2202 2359 2325 2444; x_wconf 87' lang='lat' dir='ltr'>Ita,</span> 
     </span>
    </p>

    <p class='ocr_par' dir='ltr' id='par_1_8' title="bbox 235 2447 2404 2813">
     <span class='ocr_line' id='line_1_26' title="bbox 235 2447 2325 2535; baseline 0.002 -26"><span class='ocrx_word' id='word_1_209' title='bbox 235 2468 288 2510; x_wconf 80' lang='lat'>25</span> <span class='ocrx_word' id='word_1_210' title='bbox 315 2471 516 2535; x_wconf 89' lang='lat' dir='ltr'>quam</span> <span class='ocrx_word' id='word_1_211' title='bbox 561 2448 672 2512; x_wconf 90' lang='lat' dir='ltr'>ille</span> <span class='ocrx_word' id='word_1_212' title='bbox 716 2448 1041 2531; x_wconf 85' lang='lat' dir='ltr'>triplicem</span> <span class='ocrx_word' id='word_1_213' title='bbox 1086 2447 1345 2532; x_wconf 81' lang='lat' dir='ltr'>putavit</span> <span class='ocrx_word' id='word_1_214' title='bbox 1381 2468 1520 2511; x_wconf 91' lang='lat' dir='ltr'>esse</span> <span class='ocrx_word' id='word_1_215' title='bbox 1556 2448 1893 2529; x_wconf 86' lang='lat' dir='ltr'>rationem,</span> <span class='ocrx_word' id='word_1_216' title='bbox 1938 2447 2007 2511; x_wconf 93' lang='lat' dir='ltr'>in</span> <span class='ocrx_word' id='word_1_217' title='bbox 2046 2447 2325 2531; x_wconf 87' lang='lat' dir='ltr'>quinque</span> 
     </span>
     <span class='ocr_line' id='line_1_27' title="bbox 310 2534 2326 2623; baseline -0.001 -21"><span class='ocrx_word' id='word_1_218' title='bbox 310 2541 536 2623; x_wconf 85' lang='lat' dir='ltr'>partes</span> <span class='ocrx_word' id='word_1_219' title='bbox 585 2536 885 2601; x_wconf 90' lang='lat' dir='ltr'>distribui</span> <span class='ocrx_word' id='word_1_220' title='bbox 937 2536 1165 2601; x_wconf 88' lang='lat' dir='ltr'>debere</span> <span class='ocrx_word' id='word_1_221' title='bbox 1214 2534 1550 2621; x_wconf 89' lang='lat' dir='ltr'>reperitur.</span> <span class='ocrx_word' id='word_1_222' title='bbox 1639 2534 1931 2599; x_wconf 90' lang='lat' dir='ltr'>Primum</span> <span class='ocrx_word' id='word_1_223' title='bbox 1976 2534 2178 2622; x_wconf 86' lang='lat' dir='ltr'>igitur</span> <span class='ocrx_word' id='word_1_224' title='bbox 2225 2540 2326 2600; x_wconf 89' lang='lat' dir='ltr'>est</span> 
     </span>
     <span class='ocr_line' id='line_1_28' title="bbox 312 2623 2325 2709; baseline -0.001 -18"><span class='ocrx_word' id='word_1_225' title='bbox 312 2626 393 2691; x_wconf 93' lang='lat' dir='ltr'>de</span> <span class='ocrx_word' id='word_1_226' title='bbox 440 2625 743 2707; x_wconf 90' lang='lat' dir='ltr'>honesto,</span> <span class='ocrx_word' id='word_1_227' title='bbox 790 2623 901 2688; x_wconf 92' lang='lat' dir='ltr'>sed</span> <span class='ocrx_word' id='word_1_228' title='bbox 947 2623 1314 2708; x_wconf 78' lang='lat' dir='ltr'>dupliciter,</span> <span class='ocrx_word' id='word_1_229' title='bbox 1364 2627 1504 2689; x_wconf 88' lang='lat' dir='ltr'>tum</span> <span class='ocrx_word' id='word_1_230' title='bbox 1549 2623 1692 2709; x_wconf 90' lang='lat' dir='ltr'>pari</span> <span class='ocrx_word' id='word_1_231' title='bbox 1738 2623 1989 2689; x_wconf 88' lang='lat' dir='ltr'>ratione</span> <span class='ocrx_word' id='word_1_232' title='bbox 2036 2623 2113 2689; x_wconf 93' lang='lat' dir='ltr'>de</span> <span class='ocrx_word' id='word_1_233' title='bbox 2159 2624 2325 2708; x_wconf 86' lang='lat' dir='ltr'>utili,</span> 
     </span>
     <span class='ocr_line' id='line_1_29' title="bbox 309 2711 2404 2813; baseline -0.001 -34"><span class='ocrx_word' id='word_1_234' title='bbox 309 2717 469 2800; x_wconf 88' lang='lat' dir='ltr'>post</span> <span class='ocrx_word' id='word_1_235' title='bbox 512 2713 590 2777; x_wconf 90' lang='lat' dir='ltr'>de</span> <span class='ocrx_word' id='word_1_236' title='bbox 635 2712 1116 2797; x_wconf 78' lang='lat' dir='ltr'>comparatione</span> <span class='ocrx_word' id='word_1_237' title='bbox 1162 2734 1385 2777; x_wconf 92' lang='lat' dir='ltr'>eorum</span> <span class='ocrx_word' id='word_1_238' title='bbox 1432 2711 1887 2777; x_wconf 90' lang='lat' dir='ltr'>disserendum.</span> <span class='ocrx_word' id='word_1_239' title='bbox 2360 2751 2404 2813; x_wconf 88' lang='lat'>4</span> 
     </span>
    </p>

    <p class='ocr_par' dir='ltr' id='par_1_9' title="bbox 232 2800 2422 3326">
     <span class='ocr_line' id='line_1_30' title="bbox 448 2800 2422 2885; baseline 0.001 -21"><span class='ocrx_word' id='word_1_240' title='bbox 448 2800 774 2885; x_wconf 86' lang='lat' dir='ltr'>Principio</span> <span class='ocrx_word' id='word_1_241' title='bbox 831 2800 1051 2885; x_wconf 85' lang='lat' dir='ltr'>generi</span> <span class='ocrx_word' id='word_1_242' title='bbox 1115 2800 1542 2865; x_wconf 89' lang='lat' dir='ltr'>animantium</span> <span class='ocrx_word' id='word_1_243' title='bbox 1607 2801 1783 2866; x_wconf 92' lang='lat' dir='ltr'>omni</span> <span class='ocrx_word' id='word_1_244' title='bbox 1841 2804 1942 2865; x_wconf 87' lang='lat' dir='ltr'>est</span> <span class='ocrx_word' id='word_1_245' title='bbox 1997 2824 2037 2865; x_wconf 83' lang='lat' dir='ltr'>a</span> <span class='ocrx_word' id='word_1_246' title='bbox 2089 2806 2325 2866; x_wconf 88' lang='lat' dir='ltr'>natura</span> <span class='ocrx_word' id='word_1_247' title='bbox 2364 2827 2422 2876; x_wconf 86' lang='lat'>11</span> 
     </span>
     <span class='ocr_line' id='line_1_31' title="bbox 232 2888 2332 2973; baseline 0 -21"><span class='ocrx_word' id='word_1_248' title='bbox 232 2909 287 2952; x_wconf 74' lang='lat' dir='ltr'>ao</span> <span class='ocrx_word' id='word_1_249' title='bbox 310 2890 653 2972; x_wconf 88' lang='lat' dir='ltr'>tributum,</span> <span class='ocrx_word' id='word_1_250' title='bbox 698 2892 773 2953; x_wconf 91' lang='lat' dir='ltr'>ut</span> <span class='ocrx_word' id='word_1_251' title='bbox 819 2910 905 2970; x_wconf 89' lang='lat' dir='ltr'>se,</span> <span class='ocrx_word' id='word_1_252' title='bbox 949 2889 1155 2953; x_wconf 84' lang='lat' dir='ltr'>vitam</span> <span class='ocrx_word' id='word_1_253' title='bbox 1200 2910 1557 2973; x_wconf 87' lang='lat' dir='ltr'>corpusque</span> <span class='ocrx_word' id='word_1_254' title='bbox 1594 2893 1872 2972; x_wconf 78' lang='lat' dir='ltr'>tueatur,</span> <span class='ocrx_word' id='word_1_255' title='bbox 1919 2888 2196 2954; x_wconf 89' lang='lat' dir='ltr'>declinet</span> <span class='ocrx_word' id='word_1_256' title='bbox 2232 2912 2332 2972; x_wconf 57' lang='lat' dir='ltr'>ea,</span> 
     </span>
     <span class='ocr_line' id='line_1_32' title="bbox 311 2973 2324 3068; baseline -0.002 -24"><span class='ocrx_word' id='word_1_257' title='bbox 311 2999 479 3062; x_wconf 87' lang='lat' dir='ltr'>quae</span> <span class='ocrx_word' id='word_1_258' title='bbox 516 2977 813 3043; x_wconf 90' lang='lat' dir='ltr'>nocitura</span> <span class='ocrx_word' id='word_1_259' title='bbox 847 2973 1206 3060; x_wconf 77' lang='lat' dir='ltr'>videantur,</span> <span class='ocrx_word' id='word_1_260' title='bbox 1245 2978 1610 3068; x_wconf 61' lang='lat' dir='ltr'>omniaque,</span> <span class='ocrx_word' id='word_1_261' title='bbox 1643 2999 1807 3061; x_wconf 92' lang='lat' dir='ltr'>quae</span> <span class='ocrx_word' id='word_1_262' title='bbox 1841 2977 1973 3041; x_wconf 87' lang='lat' dir='ltr'>sint</span> <span class='ocrx_word' id='word_1_263' title='bbox 2002 2976 2084 3042; x_wconf 89' lang='lat' dir='ltr'>ad</span> <span class='ocrx_word' id='word_1_264' title='bbox 2108 2977 2324 3042; x_wconf 85' lang='lat' dir='ltr'>viven-</span> 
     </span>
     <span class='ocr_line' id='line_1_33' title="bbox 311 3064 2325 3150; baseline -0 -20"><span class='ocrx_word' id='word_1_265' title='bbox 311 3066 468 3130; x_wconf 84' lang='lat' dir='ltr'>dum</span> <span class='ocrx_word' id='word_1_266' title='bbox 513 3064 905 3150; x_wconf 64' lang='lat' dir='ltr'>necessariat</span> <span class='ocrx_word' id='word_1_267' title='bbox 943 3065 1244 3148; x_wconf 84' lang='lat' dir='ltr'>anquirat</span> <span class='ocrx_word' id='word_1_268' title='bbox 1285 3069 1352 3129; x_wconf 89' lang='lat' dir='ltr'>et</span> <span class='ocrx_word' id='word_1_269' title='bbox 1387 3068 1591 3149; x_wconf 76' lang='lat' dir='ltr'>paret,</span> <span class='ocrx_word' id='word_1_270' title='bbox 1635 3069 1711 3130; x_wconf 92' lang='lat' dir='ltr'>ut</span> <span class='ocrx_word' id='word_1_271' title='bbox 1744 3069 2024 3149; x_wconf 86' lang='lat' dir='ltr'>pastum,</span> <span class='ocrx_word' id='word_1_272' title='bbox 2068 3067 2146 3129; x_wconf 90' lang='lat' dir='ltr'>ut</span> <span class='ocrx_word' id='word_1_273' title='bbox 2179 3064 2325 3129; x_wconf 86' lang='lat' dir='ltr'>lati-</span> 
     </span>
     <span class='ocr_line' id='line_1_34' title="bbox 308 3151 2324 3238; baseline -0.001 -19"><span class='ocrx_word' id='word_1_274' title='bbox 308 3154 496 3236; x_wconf 87' lang='lat' dir='ltr'>bula,</span> <span class='ocrx_word' id='word_1_275' title='bbox 554 3157 630 3218; x_wconf 92' lang='lat' dir='ltr'>ut</span> <span class='ocrx_word' id='word_1_276' title='bbox 685 3153 816 3218; x_wconf 90' lang='lat' dir='ltr'>alia</span> <span class='ocrx_word' id='word_1_277' title='bbox 864 3152 1124 3238; x_wconf 77' lang='lat' dir='ltr'>&#39;generis</span> <span class='ocrx_word' id='word_1_278' title='bbox 1179 3152 1482 3220; x_wconf 82' lang='lat' dir='ltr'>eiusdem.</span> <span class='ocrx_word' id='word_1_279' title='bbox 1570 3151 1926 3219; x_wconf 85' lang='lat' dir='ltr'>Commune</span> <span class='ocrx_word' id='word_1_280' title='bbox 1978 3153 2139 3216; x_wconf 88' lang='lat' dir='ltr'>item</span> <span class='ocrx_word' id='word_1_281' title='bbox 2193 3153 2324 3217; x_wconf 85' lang='lat' dir='ltr'>ani-</span> 
     </span>
     <span class='ocr_line' id='line_1_35' title="bbox 311 3240 2324 3326; baseline -0.001 -19"><span class='ocrx_word' id='word_1_282' title='bbox 311 3242 633 3307; x_wconf 89' lang='lat' dir='ltr'>mantium</span> <span class='ocrx_word' id='word_1_283' title='bbox 654 3241 940 3306; x_wconf 89' lang='lat' dir='ltr'>omnium</span> <span class='ocrx_word' id='word_1_284' title='bbox 969 3245 1069 3306; x_wconf 89' lang='lat' dir='ltr'>est</span> <span class='ocrx_word' id='word_1_285' title='bbox 1097 3241 1562 3306; x_wconf 86' lang='lat' dir='ltr'>coniunctionis</span> <span class='ocrx_word' id='word_1_286' title='bbox 1593 3240 1917 3326; x_wconf 87' lang='lat' dir='ltr'>adpetitus</span> <span class='ocrx_word' id='word_1_287' title='bbox 1946 3241 2324 3325; x_wconf 85' lang='lat' dir='ltr'>procreandi</span> 
     </span>
    </p>

    <p class='ocr_par' dir='ltr' id='par_1_10' title="bbox 234 3329 2324 3605">
     <span class='ocr_line' id='line_1_36' title="bbox 234 3329 2323 3415; baseline -0.001 -19"><span class='ocrx_word' id='word_1_288' title='bbox 234 3343 286 3389; x_wconf 77' lang='grc'>35</span> <span class='ocrx_word' id='word_1_289' title='bbox 312 3352 510 3397; x_wconf 86' lang='lat' dir='ltr'>causa</span> <span class='ocrx_word' id='word_1_290' title='bbox 563 3335 630 3395; x_wconf 91' lang='lat' dir='ltr'>et</span> <span class='ocrx_word' id='word_1_291' title='bbox 682 3352 836 3395; x_wconf 92' lang='lat' dir='ltr'>cura</span> <span class='ocrx_word' id='word_1_292' title='bbox 892 3329 1206 3415; x_wconf 89' lang='lat' dir='ltr'>quaedam</span> <span class='ocrx_word' id='word_1_293' title='bbox 1260 3351 1524 3414; x_wconf 43' lang='lat' dir='ltr'>eorumy</span> <span class='ocrx_word' id='word_1_294' title='bbox 1564 3351 1727 3412; x_wconf 88' lang='lat' dir='ltr'>quae</span> <span class='ocrx_word' id='word_1_295' title='bbox 1781 3331 2120 3414; x_wconf 89' lang='lat' dir='ltr'>procreata</span> <span class='ocrx_word' id='word_1_296' title='bbox 2166 3329 2323 3413; x_wconf 80' lang='lat' dir='ltr'>sint3</span> 
     </span>
     <span class='ocr_line' id='line_1_37' title="bbox 311 3417 2324 3500; baseline -0.001 -16"><span class='ocrx_word' id='word_1_297' title='bbox 311 3418 426 3484; x_wconf 85' lang='lat' dir='ltr'>sed</span> <span class='ocrx_word' id='word_1_298' title='bbox 478 3420 650 3484; x_wconf 88' lang='lat' dir='ltr'>inter</span> <span class='ocrx_word' id='word_1_299' title='bbox 702 3417 1030 3483; x_wconf 88' lang='lat' dir='ltr'>hominem</span> <span class='ocrx_word' id='word_1_300' title='bbox 1086 3421 1152 3482; x_wconf 92' lang='lat' dir='ltr'>et</span> <span class='ocrx_word' id='word_1_301' title='bbox 1204 3418 1465 3483; x_wconf 89' lang='lat' dir='ltr'>beluam</span> <span class='ocrx_word' id='word_1_302' title='bbox 1518 3418 1643 3483; x_wconf 92' lang='lat' dir='ltr'>hoc</span> <span class='ocrx_word' id='word_1_303' title='bbox 1697 3418 1974 3482; x_wconf 86' lang='lat' dir='ltr'>maxime</span> <span class='ocrx_word' id='word_1_304' title='bbox 2034 3417 2324 3500; x_wconf 87' lang='lat' dir='ltr'>interest,</span> 
     </span>
     <span class='ocr_line' id='line_1_38' title="bbox 311 3505 2322 3605; baseline -0.001 -33"><span class='ocrx_word' id='word_1_305' title='bbox 311 3508 486 3593; x_wconf 87' lang='lat' dir='ltr'>quod</span> <span class='ocrx_word' id='word_1_306' title='bbox 539 3508 699 3573; x_wconf 82' lang='lat' dir='ltr'>haec</span> <span class='ocrx_word' id='word_1_307' title='bbox 754 3510 1011 3571; x_wconf 88' lang='lat' dir='ltr'>tantum</span> <span class='ocrx_word' id='word_1_308' title='bbox 1002 3557 1052 3605; x_wconf 64' lang='lat'><em>7</em></span> <span class='ocrx_word' id='word_1_309' title='bbox 1103 3509 1416 3591; x_wconf 86' lang='lat' dir='ltr'>quantum</span> <span class='ocrx_word' id='word_1_310' title='bbox 1481 3528 1673 3570; x_wconf 90' lang='lat' dir='ltr'>sensu</span> <span class='ocrx_word' id='word_1_311' title='bbox 1736 3511 2066 3593; x_wconf 80' lang='lat' dir='ltr'>movetur,-</span> <span class='ocrx_word' id='word_1_312' title='bbox 2122 3506 2204 3571; x_wconf 84' lang='lat' dir='ltr'>ad</span> <span class='ocrx_word' id='word_1_313' title='bbox 2255 3505 2322 3569; x_wconf 89' lang='lat' dir='ltr'>id</span> 
     </span>
    </p>
   </div>
  </div>
 </body>
</html>
