2630 3913
778 196 911 253 LIB.
949 196 1018 252 11.
1097 196 1247 252 CAP.
1289 203 1375 264 22,
1412 204 1495 253 23.
1573 204 1603 263 5
1645 204 1868 255 76-82.
2243 197 2330 261 85

317 360 517 423 habet
575 360 997 443 aequitatem,
1051 362 1126 422 ut
1178 380 1408 445 agrum
1463 360 1688 425 multis
1743 360 1927 425 annis
1972 365 2087 426 att
2132 361 2327 426 etiam

316 447 591 513 saeculis
638 451 790 511 ante
839 468 1237 531 possessum,
1292 449 1402 531 qui
1448 449 1698 513 nullum
1759 449 2013 534 habuit,
2069 448 2329 534 habeat,

318 536 427 621 qui
475 540 692 600 autem
740 535 992 613 habuit,
1015 536 1346 636 amittat?
1441 537 1534 603 Ac
1577 542 1845 621 propter
1890 538 2012 603 hoc
2057 538 2328 603 iniuriae
2349 510 2434 637 ἓξ

264 646 520 799 ⁵533:
564 623 1057 797 ξῖἒὲῗθῗὲἒέ
1079 623 1889 798 ἆῖιζίἶῖῗζῖηῗὲἒᾞῧ
1929 627 2328 781 Ξέἓΐίἓῖἓ

317 806 446 884 rat,
500 805 917 883 necaverunt,
972 823 1173 884 exque
1228 823 1303 866 eo
1361 806 1650 885 tempore
1707 807 1929 867 tantae
1974 803 2330 869 discordiae

317 893 573 955 secutae
630 894 806 971 sunt,
873 895 944 953 ut
999 895 1065 953 et
1119 891 1380 982 tyranni
1435 891 1784 955 existerent
1839 895 1906 955 et
1959 896 2327 977 optumates

317 977 899 1043 exterminarentur
954 981 1019 1041 et
1073 967 1587 1062 praeclarissime
1650 979 2005 1045 constituta
2059 1002 2160 1044 res
2216 1004 2327 1065 pu-

316 1067 488 1132 blica
542 1065 961 1149 dilaberetur3
1023 1087 1140 1131 nec
1195 1088 1348 1132 vero
1413 1068 1622 1131 solum
1691 1069 1834 1151 ipsa
1897 1067 2151 1151 cecidit,
2216 1069 2328 1133 sed

238 1173 290 1213 ιο
317 1155 515 1220 etiam
561 1154 877 1238 reliquam
925 1153 1263 1219 Graeciam
1310 1155 1545 1219 evertit
1589 1156 2082 1242 contagionibus
2130 1159 2327 1222 malo-

320 1266 481 1324 rum,
527 1264 689 1326 quae
732 1265 771 1306 a
805 1242 1330 1308 Lacedaemoniis
1371 1243 1694 1326 profectae
1733 1250 2076 1309 manarunt
2112 1246 2329 1310 latius.

319 1330 530 1407 Quid?
575 1334 834 1396 nostros
872 1330 1218 1414 GracchOS,
1264 1332 1359 1395 Ti.
1397 1330 1670 1397 Gracchi
1708 1332 1942 1396 summi
1979 1333 2101 1396 viri
2141 1334 2329 1418 filios,

320 1419 611 1484 Africani
663 1423 959 1504 nepotes,
1014 1441 1226 1484 nonne
1282 1421 1578 1506 agrariae
1632 1421 2076 1485 contentiones
2122 1422 2326 1505 perdi·

318 1508 595 1573 derunt?
670 1507 761 1571 At
805 1529 957 1572 vero
1007 1507 1249 1573 Aratus
1286 1507 1678 1592 Sicyonius
1659 1531 1795 1573 iure
1832 1509 2153 1592 laudatur,
2198 1510 2325 1594 qui,
2362 1528 2425 1576 81

237 1615 287 1654 15
317 1618 462 1662 cum
505 1596 642 1660 eius
679 1596 910 1661 civitas
948 1597 1420 1683 quinquaginta
1458 1619 1659 1661 annos
1691 1619 1728 1660 a
1757 1598 2046 1681 tyrannis
2086 1602 2325 1663 tenere·

318 1689 442 1768 tur,
479 1684 808 1770 profectus
843 1685 1041 1771 Argis
1071 1682 1407 1769 Sicyonem
1439 1686 1839 1751 clandestino
1867 1687 2140 1751 introitu
2167 1688 2325 1753 urbe

316 1778 420 1838 est
482 1773 761 1858 potitus,
826 1795 1097 1857 cumque
1161 1778 1507 1857 tyrannum
1572 1773 1902 1840 Nicoclem
1972 1774 2323 1859 improviso

317 1862 779 1947 oppressisset,
865 1867 1190 1927 sescentos
1277 1863 1558 1945 exsuleS,
1642 1863 1751 1946 qui
1832 1864 2325 1947 locupletissimi

315 1950 575 2015 fuerant
630 1950 764 2016 eius
821 1950 1135 2032 civitatiS,
1193 1951 1484 2017 restituit
1540 1974 1801 2035 remque
1845 1952 2172 2037 publicam
2221 1953 2323 2018 ad·

233 2059 287 2097 ²0
318 2044 515 2105 ventu
552 2060 668 2104 suo
705 2040 1024 2104 liberavit.
1088 2038 1213 2104 Sed
1249 2062 1395 2105 cum
1434 2062 1738 2125 magnam
1786 2042 2326 2107 animadverteret

317 2129 384 2192 in
430 2128 618 2193 bonis
666 2134 732 2192 et
776 2128 1291 2212 possessionibus
1339 2128 1815 2210 difficultatem,
1869 2130 2038 2212 quod
2086 2135 2151 2194 et
2195 2152 2324 2214 eoS,

318 2237 480 2300 quos
527 2218 666 2300 ipse
711 2216 1114 2300 restituerat,
1173 2239 1446 2301 quorum
1503 2218 1673 2281 bona
1727 2218 1839 2281 alii
1889 2218 2323 2302 possederant,

317 2326 507 2390 egere
556 2304 1030 2389 iniquissimum
1076 2327 1217 2370 esse
1247 2306 1688 2370 arbitrabatur
1734 2312 1800 2369 et
1854 2305 2325 2392 quinquaginta

317 2415 632 2457 annorum
669 2393 1111 2478 possessiones
1148 2394 1393 2457 moveri
1431 2414 1561 2458 non
1597 2393 1790 2456 nimis
1819 2415 2094 2475 aequum
2140 2400 2322 2478 puta·

234 2499 289 2539 85
318 2480 461 2561 bat,
522 2486 864 2565 propterea
919 2482 1089 2564 quod
1136 2485 1272 2547 tam
1317 2482 1516 2567 longo
1563 2480 1776 2565 spatio
1823 2482 2030 2545 multa
2073 2481 2322 2546 heredi-

315 2570 582 2644 tatibus,
629 2571 837 2635 multa
883 2570 1337 2654 emptionibuS,
1383 2570 1591 2634 multa
1636 2569 1894 2634 dotibus
1936 2569 2323 2634 tenebantur

316 2659 455 2722 sine
509 2658 771 2742 iniuria,
823 2658 1132 2723 iudicavit
1184 2680 1391 2742 neque
1444 2659 1578 2723 illis
1634 2658 1829 2722 adimi
1885 2679 2003 2723 nec
2056 2658 2139 2723 iis
2192 2680 2322 2723 non

316 2746 479 2811 satis
528 2747 686 2830 fieri,
733 2767 1007 2830 quorum
1052 2746 1171 2811 illa
1212 2746 1487 2829 fuerant,
1533 2751 1847 2831 oportere.
1920 2746 2081 2812 Cum
2119 2747 2322 2834 igitur
2358 2763 2425 2813 82

317 2834 658 2899 statuisset
711 2856 873 2920 opus
929 2856 1069 2899 esse
1124 2836 1206 2899 ad
1260 2858 1402 2900 eam
1459 2857 1594 2899 rem
1649 2835 2163 2900 constituendam
2220 2857 2323 2920 pe-

234 2941 289 2981 so
317 2923 531 3005 cunia,
594 2923 1068 2988 Alexandream
1124 2944 1192 2988 se
1247 2924 1566 3007 proficisci
1619 2923 1788 2988 velle
1844 2924 2005 2987 dixit
2058 2946 2322 3007 remque

315 3012 642 3097 integram
696 3012 776 3076 ad
832 3011 1109 3076 reditum
1165 3032 1352 3076 suum
1406 3012 1598 3076 iussit
1650 3033 1815 3094 esse,
1872 3013 2053 3096 isque
2107 3012 2322 3076 celeri-

315 3104 416 3164 ter
462 3100 542 3164 ad
590 3098 1057 3183 Ptolomaeum,
1103 3122 1290 3164 suum
1347 3099 1690 3184 hospitem,
1746 3098 1948 3183 venit,
2016 3099 2125 3184 qui
2181 3103 2322 3165 tum

315 3188 635 3274 regnabat
680 3189 847 3253 alter
891 3192 1044 3273 post
1082 3188 1558 3253 Alexandream
1603 3188 1946 3253 conditam.
2011 3185 2131 3253 Cui
2176 3210 2321 3253 cum

316 3276 722 3361 exposuisset
775 3277 1058 3361 patriam
1113 3298 1181 3341 se
1236 3276 1513 3341 liberare
1567 3277 1734 3340 velle
1780 3296 2165 3360 causamque
2211 3276 2318 3341 do·

236 3381 287 3424 ω
313 3365 572 3449 cuisset,
617 3387 657 3429 a
691 3385 845 3450 rege
886 3366 1193 3449 opulento
1229 3363 1332 3429 vir
1376 3386 1664 3429 summus
1700 3362 1892 3429 facile
1928 3365 2324 3449 impetravit,

314 3456 390 3517 ut
436 3453 667 3539 grandi
710 3454 982 3538 pecunia
1027 3453 1457 3518 adiuvaretur.
1540 3450 1747 3527 Quam
1793 3475 1940 3517 cum
1985 3450 2320 3537 Sicyonem

315 3542 673 3624 attulisset,
728 3541 1025 3607 adhibuit
1067 3541 1194 3606 sibi
1237 3541 1308 3605 in
1353 3540 1691 3606 consilium
1741 3541 2101 3626 quindecim
2146 3542 2322 3631 prin-
