2630 3913
255 1484 338 1609 125

259 2933 323 2982 Μ

355 193 483 257 180
951 190 1214 245 LAELIU
1217 190 1254 243 S
1291 190 1389 243 DE
1427 189 1757 245 AMICITIA

351 354 592 420 nodum
631 353 953 418 amicitiae
990 353 1239 417 tollere.
1311 351 1462 417 Non
1500 352 1670 417 enim
1706 356 1844 417 tam
1881 352 2135 418 utilitas
2175 358 2366 437 parta

352 465 468 528 per
514 443 792 508 amicum
840 463 1034 526 quam
1080 441 1269 506 amici
1317 462 1499 506 amor
1544 441 1682 525 ipse
1738 441 2044 524 delectat,
2100 446 2366 526 tumque

350 531 516 596 illud
559 531 662 615 fit,
708 529 879 615 quod
925 531 1008 593 ab
1056 529 1262 594 amico
1310 533 1411 593 est
1455 528 1847 614 profectum,
1891 529 2265 614 iucundum,
2311 532 2367 595 si

353 643 498 685 cum
546 618 759 684 studio
806 623 907 682 est
951 616 1340 702 profectum3
1396 621 1783 701 tantumque
1829 618 2043 702 abest,
2087 622 2163 683 ut
2208 619 2366 683 ami-

354 709 545 774 citiae
592 710 859 809 propter
903 705 1331 808 indigentiam
1376 705 1698 790 colantur,
1743 710 1818 771 ut
1863 706 1929 790 ii,
1975 706 2086 792 qui
2132 706 2364 792 opibus
2423 726 2451 765 ε

356 802 421 861 et
484 795 686 880 copiis
751 794 1156 878 maximeque
1219 794 1488 877 virtute,
1549 795 1618 858 in
1678 816 1806 878 qua
1857 795 2210 879 plurimum
2268 800 2368 860 est

338 883 678 970 praesidii,
722 883 987 947 minime
1033 882 1301 947 alterius
1347 844 1702 968 indigeant,
1748 883 2189 948 liberalissimi
2236 884 2369 948 sint

356 977 423 1038 et
457 970 1038 1038 beneficentissimi.
1110 970 1328 1055 Atque
1373 970 1534 1035 haut
1580 971 1782 1035 sciam
1819 993 1905 1036 an
1938 993 2021 1036 ne
2059 993 2233 1073 ’opus
2282 973 2369 1037 sit
2475 1008 2481 1014 -

356 1061 614 1145 quidem
674 1060 840 1125 nihil
902 1081 1209 1143 umquam
1273 1059 1535 1124 omnino
1600 1059 1819 1124 deesse
1887 1060 2128 1125 amicis.
2236 1059 2369 1126 Ubi

356 1150 528 1214 enim
573 1149 789 1214 studia
832 1152 1058 1213 nostra
1111 1148 1500 1233 viguissent,
1562 1148 1618 1211 si
1670 1169 2023 1232 numquam
2078 1148 2370 1234 consilio,
2400 1167 2451 1207 ιο

355 1260 708 1322 numquam
764 1258 961 1321 opera
1013 1241 1241 1301 nostra
1286 1258 1404 1301 nec
1451 1235 1623 1301 domi
1668 1257 1786 1301 nec
1833 1236 2106 1301 militiae
2153 1234 2368 1322 Scipio

358 1326 684 1412 eguisset?
764 1324 916 1390 Non
959 1324 1164 1410 igitur
1207 1323 1562 1389 utilitatem
1610 1324 1913 1409 amicitia,
1960 1324 2071 1389 sed
2115 1326 2368 1390 utilitas

358 1415 712 1480 amicitiam
759 1417 983 1479 secuta
1028 1417 1145 1477 est.

486 1502 550 1569 N
553 1525 638 1568 on
666 1523 821 1588 ergo
851 1505 1039 1566 erunt
1065 1501 1360 1566 homines
1390 1500 1635 1566 deliciis
1664 1499 2029 1566 diffluentes
2055 1501 2370 1586 audiendi,

287 1560 415 1656 ²si
463 1590 716 1676 quando
763 1590 840 1654 de
887 1589 1190 1673 amicitia,
1236 1610 1430 1673 quam
1476 1610 1593 1655 nec
1638 1610 1759 1654 usu
1803 1611 1920 1655 nec
1960 1590 2213 1655 ratione
2259 1590 2368 1655 ha·
2398 1607 2449 1647 ιι

358 1682 514 1745 bent
542 1678 886 1764 cognitam,
925 1677 1364 1763 disputabunt.
1428 1674 1599 1741 Nam
1630 1678 1773 1762 quis
1803 1681 1919 1762 est,
1956 1700 2074 1762 pro
2105 1678 2369 1743 deorum

357 1768 549 1833 fidem
581 1771 776 1868 atque
803 1765 1164 1831 hominum!
1205 1765 1318 1849 qui
1345 1765 1522 1850 velit,
1557 1769 1632 1830 ut
1658 1788 1865 1850 neque
1893 1765 2125 1852 diligat
2156 1789 2369 1850 quem-

360 1878 555 1956 quam
591 1876 708 1920 1166
744 1855 884 1956 ipse
920 1855 1002 1919 ab
1040 1854 1177 1919 ullo
1216 1816 1546 1940 diligatui,
1592 1854 2028 1920 circumfluere
2071 1855 2369 1920 omnibus

359 1944 561 2046 copiis
591 1943 831 2028 atque
811 1965 880 2007 ιιι
909 1942 1195 2008 omnium
1221 1965 1440 2008 rerum
1468 1943 1865 2009 abundantia
1887 1943 2146 2010 vivere?
2192 1943 2370 2010 Haec

359 2033 533 2098 enim
569 2037 669 2096 est
704 2036 1126 2115 tyrannorum
1163 2031 1300 2096 vita
1338 2032 1660 2116 nimirum,
1696 2032 1765 2096 in
1812 2055 1940 2117 qua
1974 2033 2158 2098 nulla
2192 2033 2369 2117 fides,
2396 2051 2450 2090 20

357 2121 540 2186 nulla
585 2120 851 2204 caritas,
905 2121 1088 2185 nulla
1145 2120 1402 2185 stabilis
1448 2120 1922 2185 benivolentiae
1968 2125 2186 2206 potest
2231 2144 2369 2186 esse

361 2209 611 2294 fiducia,
657 2209 875 2274 omnia
920 2230 1174 2293 semper
1218 2213 1519 2293 suspecta
1565 2213 1757 2295 atque
1805 2209 2105 2292 sollicita,
2148 2211 2368 2276 nullus

360 2300 539 2365 locus
596 2298 933 2363 amicitiae.
1036 2296 1193 2373 Quis
1248 2297 1419 2362 enim
1475 2301 1589 2362 aut
1645 2319 1793 2362 eum
1854 2297 2114 2383 diligat,
2179 2321 2368 2383 quem

359 2391 632 2471 metuat,
689 2391 802 2451 aut
856 2408 1029 2470 eum,
1084 2408 1123 2450 a
1179 2407 1305 2469 quo
1363 2407 1432 2450 se
1486 2386 1688 2450 metui
1732 2386 1962 2470 putet?
2053 2384 2370 2452 Coluntur

358 2481 579 2541 tamen
623 2475 1035 2540 simulatione
1074 2473 1411 2539 dumtaxat
1448 2474 1530 2539 ad
1565 2477 1839 2558 tempus
1903 2473 2146 2550 Quodsi
2179 2474 2369 2560 forte,
2396 2492 2448 2533 8⁵

360 2569 434 2630 ut
477 2565 553 2628 fit
597 2565 1002 2648 plerumque,
1055 2562 1452 2645 ceciderunt,
1506 2566 1647 2626 tum
1693 2562 2127 2648 intellegitur,
2175 2586 2369 2648 quam

359 2652 601 2716 fuerint
657 2652 883 2735 inopes
949 2649 1319 2715 amicorum.
1411 2649 1594 2726 Quod
1647 2649 2070 2735 Tarquinium
2134 2651 2370 2718 dixisse

359 2739 577 2804 ferunt
623 2740 1010 2822 exulantem,
1054 2743 1194 2803 tum
1242 2760 1311 2802 66
1356 2738 1772 2824 intellexisse,
1818 2761 1979 2823 quos
2015 2739 2177 2805 fidos
2217 2742 2369 2805 ami—

361 2848 470 2894 cos
514 2827 870 2912 habuisset,
916 2847 1076 2912 quos
1121 2826 1381 2912 infidos,
1426 2849 1571 2893 cum
1614 2827 1745 2892 iam
1790 2827 2038 2892 neutris
2086 2829 2369 2915 gratiam

360 2916 598 2981 referre
661 2920 901 3000 posset.
999 2914 1405 3000 Quamquam
1468 2916 1694 2995 miror,
1757 2916 1875 2981 illa
1940 2917 2241 3001 superbia
2306 2922 2371 2981 et
2399 2935 2452 2975 so

360 3005 831 3090 inportunitate
868 3003 926 3068 si
962 3026 1350 3088 quemquam
1379 3004 1657 3070 amicum
1679 2966 1921 3069 habere
1959 3005 2192 3106 potuit.
2256 3005 2372 3070 At-

363 3115 485 3179 que
530 3098 605 3158 ut
649 3092 867 3171 huius,
913 3113 1102 3177 quem
1150 3092 1312 3176 dixi,
1359 3114 1572 3158 mores
1619 3114 1806 3157 veros
1854 3092 2093 3158 amicos
2140 3115 2372 3178 parare

361 3204 493 3247 non
539 3184 915 3265 potuerunt,
961 3180 1053 3246 sic
1099 3182 1454 3246 multorum
1501 3201 1656 3266 opes
1702 3181 2222 3265 praepotentium
2273 3204 2373 3246 ex-

362 3269 630 3334 cludunt
677 3269 995 3334 amicitias
1039 3268 1278 3334 fideles.
1361 3269 1509 3334 Non
1558 3269 1728 3333 enim
1776 3269 1987 3334 solum
2033 3270 2176 3354 ipsa
2222 3270 2374 3335 For-

362 3362 520 3421 tuna
562 3378 750 3422 caeca
786 3362 904 3441 est,
948 3356 1060 3421 sed
1096 3378 1205 3423 eos
1244 3358 1444 3422 etiam
1479 3358 1859 3443 plerumque
1898 3357 2096 3422 efficit
2132 3364 2384 3443 caecos,
2403 3376 2455 3417 ³⁵

364 3466 523 3525 quos
579 3446 890 3529 conplexa
945 3450 1072 3528 est3
1124 3445 1345 3528 itaque
1400 3446 1752 3510 efferuntur
1808 3445 1942 3510 fere
1996 3445 2261 3512 fastidio
2311 3452 2376 3513 et

365 3532 793 3615 contumacia,
864 3553 980 3597 nec
1054 3533 1394 3615 quicquam
1458 3533 1802 3618 insipiente
1873 3533 2208 3600 fortunato
2284 3536 2374 3601 in-
