2630 3913
314 187 440 251 132
794 186 980 241 CATO
1018 186 1252 242 MAIOR
1287 185 1386 241 DE
1424 184 1852 241 SENECTUTE

311 354 503 432 teque
547 370 679 414 non
732 370 1091 435 cognomen
1145 349 1359 413 solum
1413 346 1691 411 Athenis
1749 346 2154 430 deportasse,
2213 346 2324 410 sed

312 436 786 502 humanitatem
841 441 907 501 et
959 436 1371 522 prudentiam
1415 435 1748 520 intellego.
1836 433 1926 499 Et
1980 438 2202 498 tamen
2257 440 2323 498 te

315 525 605 609 suspicor
678 525 917 589 eisdem
979 525 1174 589 rebus
1247 524 1480 607 quibus
1546 545 1647 586 me
1708 523 1926 606 ipsum
1998 522 2322 586 interdum

314 614 576 699 gravius
622 613 1039 696 commoveri,
1095 634 1368 696 quarum
1423 610 1782 677 consolatio
1838 616 1905 674 et
1959 610 2166 674 maior
2222 617 2322 675 est

314 707 379 766 et
423 703 490 765 in
538 702 713 765 aliud
758 705 1015 784 tempus
1062 700 1427 764 differenda.
1492 698 1680 763 Nunc
1718 703 1936 763 autem
1971 699 2184 763 visum
2222 703 2322 762 est
2378 724 2401 761 5

245 808 273 854 2
313 790 473 855 mihi
522 789 599 853 de
636 792 963 854 senectute
1002 789 1245 872 aliquid
1281 787 1364 851 ad
1390 792 1457 852 te
1485 786 1904 852 conscribere.
1969 786 2111 852 Hoc
2153 788 2323 856 enim

314 899 531 961 onere,
596 878 766 961 quod
812 876 973 941 mihi
1026 898 1365 942 commune
1419 882 1632 940 tecum
1679 879 1806 958 est,
1871 879 1983 940 aut
2036 876 2168 938 iam
2223 897 2324 939 ur-

315 965 529 1052 gentis
558 970 672 1030 aut
698 970 872 1031 certe
901 965 1311 1030 adventantis
1343 962 1693 1028 senectutis
1720 968 1788 1027 et
1814 968 1880 1026 te
1910 967 1977 1028 et
2000 985 2102 1028 me
2124 963 2322 1027 etiam

312 1057 527 1139 ipsum
573 1054 779 1118 levari
831 1055 1010 1137 volo3
1074 1053 1198 1117 etsi
1251 1057 1319 1116 te
1377 1052 1635 1136 quidem
1680 1050 1747 1114 id
1801 1051 2049 1116 modice
2096 1073 2171 1116 ac
2227 1073 2322 1115 sa-

313 1143 566 1226 pienter
605 1142 771 1206 sicut
806 1143 1025 1206 omnia
1060 1145 1127 1205 et
1160 1141 1330 1204 ferre
1369 1144 1434 1204 et
1470 1141 1757 1204 laturum
1795 1161 1936 1204 esse
1963 1143 2139 1205 certo
2170 1140 2321 1204 scio.
2354 1165 2402 1202 ιο

315 1229 440 1295 Sed
485 1230 673 1314 mihi,
735 1253 880 1295 cum
936 1230 1013 1293 de
1069 1232 1397 1293 senectute
1441 1228 1679 1293 vellem
1734 1226 1981 1311 aliquid
2027 1227 2324 1310 scribere,

313 1325 388 1383 tu
425 1319 806 1384 occurrebas
845 1319 1077 1403 dignus
1115 1340 1189 1381 eo
1228 1337 1509 1401 munere,
1558 1338 1682 1399 quo
1720 1321 1990 1400 uterque
2026 1320 2323 1380 nostrum

315 1407 741 1473 communiter
785 1410 1093 1470 uteretur.
1164 1404 1330 1469 Mihi
1377 1403 1634 1488 quidem
1680 1405 1776 1468 ita
1820 1403 2097 1468 iucunda
2132 1403 2322 1468 huius

314 1496 468 1560 libri
521 1493 839 1560 confectio
892 1494 1045 1578 fuit,
1107 1497 1182 1557 ut
1225 1515 1357 1557 non
1410 1493 1601 1557 modo
1667 1513 1887 1556 omnes
1945 1492 2326 1556 absterserit

316 1583 664 1649 senectutis
729 1583 1089 1664 molestias,
1164 1582 1273 1645 sed
1340 1580 1621 1645 effecerit
1677 1580 1940 1645 mollem
1998 1581 2195 1645 etiam
2259 1584 2325 1644 et
2355 1603 2403 1643 ιε»,

315 1671 658 1737 iucundam
720 1673 1133 1735 senectutem.
1232 1667 1607 1753 Numquam
1663 1669 1865 1753 igitur
1921 1668 2113 1753 digne
2162 1669 2324 1733 satis

315 1760 566 1825 laudari
593 1758 1010 1843 philosophia
1046 1757 1306 1842 poterit,
1352 1756 1455 1822 cui
1501 1758 1611 1841 qui
1649 1760 1904 1842 pareat,
1942 1778 2131 1830 omne
2168 1762 2325 1822 tem·

247 1864 278 1912 3
315 1870 436 1933 pus
494 1847 731 1910 aetatis
787 1846 924 1910 sine
979 1846 1281 1910 molestia
1335 1844 1547 1928 possit
1597 1844 1846 1931 degere.
1937 1842 2061 1909 Sed
2108 1844 2186 1909 de
2231 1867 2326 1910 ce-

312 1936 472 2001 teris
520 1939 586 1999 et
632 1934 905 1999 diximus
953 1934 1162 1999 multa
1199 1937 1263 1997 et
1302 1955 1494 2018 saepe
1532 1933 1842 2017 dicemus3
1886 1933 2056 1998 hunc
2084 1933 2325 1998 librum

316 2024 397 2089 ad
433 2028 497 2088 te
540 2022 617 2087 de
656 2027 981 2087 senectute
1019 2022 1330 2086 misimuS.
1395 2021 1666 2087 Omnem
1705 2026 1922 2087 autem
1959 2044 2321 2088 sermonem
2351 2044 2404 2083 2ο

314 2113 663 2177 tribuimus
717 2133 849 2176 non
894 2111 1202 2194 Tithono,
1257 2115 1333 2175 ut
1377 2110 1603 2175 Aristo
1649 2109 1803 2176 Cius
1851 2109 2111 2195 (parum
2157 2111 2326 2175 enim

317 2205 489 2265 esset
538 2200 948 2265 auctoritatis
993 2200 1063 2263 in
1105 2197 1377 2284 fabula),
1424 2198 1535 2264 sed
1579 2199 1666 2263 M.
1713 2197 1951 2264 Catoni
1996 2198 2153 2283 seni,
2200 2222 2325 2283 quo

318 2289 629 2354 maiorem
669 2289 1124 2354 auctoritatem
1153 2288 1425 2352 haberet
1458 2288 1697 2370 orati03
1742 2286 1913 2372 apud
1952 2308 2144 2370 quem
2171 2287 2326 2352 Lae·

314 2378 475 2442 lium
523 2381 590 2442 et
634 2375 999 2462 Scipionem
1043 2375 1314 2441 facimus
1372 2376 1795 2460 admirantes,
1852 2375 2024 2459 quod
2078 2376 2133 2438 is
2188 2380 2325 2439 tam

313 2466 504 2531 facile
543 2470 938 2531 senectutem
963 2464 1151 2549 ferat,
1189 2465 1406 2548 eisque
1444 2485 1590 2528 eum
1627 2464 2139 2548 respondentem.
2204 2462 2327 2539 Qui
2354 2483 2407 2522 25

319 2556 375 2619 si
421 2554 731 2618 eruditius
777 2552 1100 2617 videbitur
1157 2553 1512 2636 disputare,
1568 2574 1762 2636 quam
1807 2552 2143 2617 consuevit
2186 2552 2326 2636 ipse

316 2645 386 2707 in
432 2642 565 2706 suis
610 2642 818 2724 libris,
862 2640 1206 2704 attribuito
1254 2640 1495 2704 litteris
1539 2639 1820 2722 Graecis,
1867 2662 2140 2724 quarum
2181 2662 2326 2705 con-

319 2735 454 2795 stat
500 2751 646 2793 eum
690 2728 1168 2814 perstudiosum
1211 2727 1412 2792 fuisse
1458 2728 1527 2790 in
1574 2731 1919 2792 senectute.
2002 2726 2128 2793 Sed
2174 2728 2327 2812 quid

319 2839 481 2903 opus
527 2820 629 2881 est
671 2817 904 2902 plura?
966 2815 1106 2881 Iam
1167 2815 1338 2880 enim
1391 2815 1595 2899 ipsius
1642 2814 1910 2881 Catonis
1958 2838 2168 2881 sermo
2225 2838 2326 2880 ex·

240 2965 282 3028 2
318 2906 592 2992 plicabit
634 2909 927 2969 nostram
975 2925 1230 2969 omnem
1278 2903 1354 2967 de
1402 2907 1728 3006 senectute
1777 2905 2183 2969 sententiam.
2353 2922 2410 2964 ao

249 3041 283 3089 ⁴
318 2991 2329 3163 1...{2'¹'¹.⁰.;mStssssgrssrfflrsserff¹issz¹m⁸‘’2325121‘222235fi:

319 3170 503 3254 Cato,
547 3170 1026 3254 perfectamque
1064 3168 1468 3253 sapientiam,
1504 3173 1646 3233 tum
1682 3171 1786 3233 vel
1824 3168 2119 3252 maxime,
2159 3168 2330 3252 quod

318 3280 670 3340 numquam
715 3258 839 3322 tibi
882 3262 1274 3323 senectutem
1313 3279 1577 3342 gravem
1615 3279 1755 3321 esse
1794 3257 2124 3341 senserim,
2166 3279 2328 3340 quae
2392 3330 2398 3335 ,

320 3346 645 3429 plerisque
701 3347 959 3430 senibus
1015 3346 1107 3410 sic
1162 3346 1384 3410 odiosa
1440 3350 1564 3427 est,
1628 3350 1702 3409 ut
1767 3367 1926 3410 onus
1987 3366 2055 3409 se
2112 3345 2328 3409 Aetna
2356 3363 2410 3404 ³⁵

323 3433 584 3515 gravius
632 3433 847 3498 dicant
894 3435 1227 3498 sustinere.

454 3519 626 3585 C'Aro.
708 3522 871 3585 Rem
917 3521 1089 3586 haud
1135 3544 1287 3586 sane
1346 3520 1698 3606 difficilem,
1754 3519 1968 3606 Scipio
2016 3527 2082 3586 et
2126 3521 2328 3601 Laeli,
