2630 3913
306 409 367 457 45

305 1380 365 1428 46

303 2088 365 2135 47

411 228 536 292 178
1007 227 1313 282 LAELms
1352 197 1449 280 DE‘
1488 227 1814 281 AMICITIA

410 390 463 454 si
510 412 612 454 res
661 390 1040 474 postulabit,
1089 394 1154 453 et
1192 389 1521 453 adhibitae
1561 394 1880 472 pareatur.
1954 387 2121 453 Nam
2167 390 2421 473 quibus-

410 479 580 562 dam,
641 499 800 562 quos
858 477 1046 543 audio
1106 478 1429 562 sapientes
1485 477 1747 541 habitos
1803 478 1871 540 in
1928 476 2224 557 Graecia,
2289 481 2421 564 pla-

407 568 615 631 cuisse
663 567 893 651 opinor
939 567 1264 631 mirabilia
1313 565 1625 649 quaedam
1673 566 1812 647 (sed
1858 565 2020 629 nihil
2070 573 2195 650 est,
2251 567 2421 652 quod

405 656 505 720 illi
551 676 677 720 non
727 658 1197 739 persequantur
1243 653 1578 739 argutiis):
1624 655 1865 738 partim
1901 654 2241 739 fugiendas
2281 677 2421 719 esse

405 744 638 808 nimias
688 743 1026 827 amicitiem,
1070 764 1151 807 ne
1196 763 1458 807 necesse
1506 742 1593 806 sit
1637 764 1834 806 unum
1882 743 2232 808 sollicitum
2280 766 2420 807 esse
2475 762 2497 801 5

406 853 524 916 pro
572 831 893 915 pluribus3
950 831 1109 896 satis
1159 853 1476 916 superque
1525 852 1662 895 esse
1711 831 1834 894 sibi
1884 852 2145 896 suarum
2193 832 2421 915 cuique

407 941 648 1002 rerum,
704 920 931 985 alienis
986 919 1178 984 nimis
1236 919 1560 1004 implicari
1616 920 1965 983 molestum
2023 941 2188 1003 esse3
2254 943 2420 985 com·

409 1008 851 1073 modissimum
918 1029 1057 1073 esse
1124 1030 1314 1092 quam
1383 1007 1746 1072 laxissimas
1821 1008 2106 1072 habenas
2181 1009 2421 1074 habere

408 1097 754 1179 amicitiae,
803 1118 962 1181 quas
1008 1097 1112 1162 vel
1161 1097 1467 1178 adducaS,
1513 1117 1657 1161 cum
1703 1097 1891 1177 velis,
1948 1097 2047 1159 vel
2097 1101 2421 1180 remittas3

407 1190 601 1271 caput
647 1186 816 1249 enim
864 1206 1003 1249 esse
1051 1184 1131 1249 ad
1181 1186 1367 1249 beate
1412 1184 1755 1249 vivendum
1804 1185 2245 1268 securitatem,
2295 1205 2494 1269 quam

406 1274 530 1338 frui
588 1295 717 1338 non
774 1274 982 1358 possit
1039 1274 1290 1338 animus
1303 1324 1320 1355 ,
1375 1273 1431 1337 si
1489 1276 1821 1356 tamquam
1878 1274 2202 1357 parturiat
2257 1297 2419 1338 unus

406 1385 523 1447 pro
571 1363 885 1447 pluribus,
977 1362 1162 1427 Alios
1211 1366 1426 1426 autem
1477 1361 1682 1426 dicere
1731 1362 1912 1425 aiunt
1970 1363 2173 1426 multo
2224 1363 2420 1427 etiam

404 1452 817 1516 inhumanius
893 1448 1109 1535 (quem
1177 1452 1386 1515 locum
1454 1450 1736 1514 breviter
1808 1450 2003 1534 paulo
2071 1456 2218 1514 ante
2283 1474 2421 1536 per-

407 1538 667 1624 strinxi)
713 1539 1019 1624 praesidii
1066 1538 1545 1621 adiumentique
1591 1560 1813 1620 causa,
1869 1560 1997 1603 non
2054 1539 2421 1603 benivolen-

405 1629 535 1693 tiae
572 1649 779 1710 neque
826 1627 1117 1692 caritatis
1165 1628 1487 1691 amicitias
1536 1648 1674 1691 esse
1721 1626 2137 1711 expetendas;
2181 1628 2420 1712 itaque,
2451 1645 2496 1685 ιε

406 1721 479 1781 ut
526 1717 795 1799 quisque
850 1716 1188 1779 minimum
1244 1715 1573 1780 firmitatis
1630 1716 1899 1779 haberet
1954 1717 2420 1799 minimumque

406 1805 665 1886 virium,
729 1804 824 1868 ita
880 1804 1198 1868 amicitias
1257 1804 1557 1905 adpetere
1615 1804 1918 1885 maxime3
1983 1825 2059 1868 ex
2123 1826 2197 1869 eo
2263 1805 2421 1881 fieri,

405 1897 478 1958 ut
525 1892 938 1956 mulierculae
986 1893 1194 1978 magis
1242 1891 1673 1958 amicitiarum
1726 1892 2048 1978 praesidia
2105 1897 2420 1977 quaerant

408 2004 599 2066 quam
639 1982 760 2045 viri
800 1985 863 2045 et
901 1982 1124 2066 inopes
1164 2003 1358 2066 quam
1394 1981 1683 2064 opulenti
1721 1986 1786 2046 et
1824 1981 2188 2046 calamitosi
2226 2004 2419 2066 quam

404 2071 470 2152 ii,
500 2071 608 2154 qui
637 2074 946 2155 putentur
974 2070 1165 2135 beati.
1222 2069 1275 2134 Ο
1304 2070 1703 2154 praeclaram
1733 2070 2143 2154 sapientiam!
2202 2068 2419 2134 Solem
2448 2088 2497 2127 ¹⁰

406 2159 574 2223 enim
623 2181 655 2223 e
703 2159 940 2223 mundo
987 2159 1218 2223 tollere
1266 2159 1589 2235 videntur,
1646 2159 1755 2243 qui
1802 2159 2153 2223 amicitiam
2202 2181 2235 2222 e
2282 2160 2419 2224 vita

404 2249 663 2331 tollunt,
711 2270 837 2331 qua
881 2247 1044 2312 nihil
1096 2270 1132 2312 a
1179 2247 1275 2311 dis
1325 2247 1780 2311 inmortalibus
1818 2247 2047 2311 melius
2088 2248 2420 2327 habemus,

406 2337 567 2401 nihil
606 2336 960 2400 iucundius.
1035 2334 1208 2410 Quae
1248 2340 1347 2400 est
1386 2337 1554 2400 enim
1591 2336 1719 2400 ista
1758 2335 2117 2400 securitas?
2192 2334 2418 2419 Specie

408 2426 662 2509 quidem
719 2425 984 2502 blanda,
1051 2424 1157 2489 sed
1216 2446 1443 2508 reapse
1499 2423 1723 2488 multis
1781 2424 1939 2489 locis
2005 2424 2417 2508 repudianda.

405 2514 629 2597 Neque
687 2514 856 2577 enim
912 2517 1011 2577 est
1065 2517 1563 2577 consentaneum
1617 2512 1821 2576 ullam
1877 2510 2218 2576 honestam
2280 2535 2417 2577 rem
2445 2530 2493 2569 ²⁵

408 2604 832 2685 actionemve,
888 2623 968 2664 ne
1025 2601 1345 2665 sollicitus
1402 2602 1517 2684 sis,
1575 2604 1687 2664 aut
1739 2622 1869 2664 non
1926 2603 2247 2685 suscipere
2304 2606 2418 2666 aut

408 2693 770 2774 susceptam
830 2689 1159 2773 deponere.
1253 2687 1496 2763 Quodsi
1551 2711 1770 2753 curam
1827 2687 2143 2774 fugimuS,
2206 2689 2418 2755 virtus

405 2778 709 2864 fugienda
766 2781 889 2859 est,
946 2798 1109 2860 quae
1164 2798 1422 2842 necesse
1478 2781 1578 2840 est
1632 2799 1775 2842 cum
1833 2778 2050 2861 aliqua
2105 2800 2259 2843 cura
2313 2800 2416 2842 res

408 2868 529 2932 sibi
597 2865 954 2931 contrarias
1021 2869 1400 2948 aspernetur
1465 2870 1657 2949 atque
1724 2866 1957 2945 oderit,
2022 2871 2095 2930 ut
2156 2867 2416 2931 bonitas

407 2956 743 3036 malitiam,
788 2953 1221 3039 temperantia
1267 2954 1648 3035 lubidinem,
1692 2954 2022 3040 ignaviam
2067 2954 2420 3038 fortitud03
2448 2972 2494 3011 ³⁰

404 3047 623 3128 itaque
670 3043 888 3107 videas
935 3044 1125 3106 rebus
1171 3042 1429 3107 iniustis
1477 3043 1680 3107 iustos
1730 3043 2006 3107 maxime
2044 3044 2281 3126 dolere,
2327 3044 2418 3108 in-

405 3133 684 3198 bellibus
738 3131 974 3213 fortes,
1028 3131 1372 3216 flagitiosis
1429 3132 1772 3196 modestos
1864 3131 2042 3217 Ergo
2097 3132 2220 3197 hoc
2270 3155 2417 3216 pro-

403 3223 615 3307 prium
656 3224 754 3284 est
792 3219 989 3284 animi
1027 3220 1188 3284 bene
1227 3220 1584 3301 constituti,
1629 3225 1692 3284 et
1730 3220 1961 3285 laetari
1998 3221 2184 3285 bonis
2224 3222 2417 3285 rebus

304 3328 365 3374 48
406 3315 471 3374 et
518 3310 733 3374 dolere
785 3309 1145 3374 contrariis,
1236 3307 1443 3383 Quam
1500 3309 1581 3372 ob
1639 3330 1801 3392 rem,
1857 3309 1912 3373 si
1969 3309 2140 3374 cadit
2194 3309 2264 3373 in
2322 3331 2417 3374 sa-

403 3399 686 3481 pientem
735 3397 932 3460 animi
979 3395 1190 3473 dolor,
1239 3398 1349 3479 qui
1393 3395 1685 3481 profecto
1734 3397 1935 3481 cadit,
1982 3398 2106 3461 nisi
2155 3420 2230 3462 ex
2279 3398 2417 3462 eius
2448 3414 2491 3454 ³⁵

406 3485 619 3547 animo
660 3484 1046 3566 extirpatam
1075 3485 1547 3548 humanitatem
1583 3485 1992 3568 arbitramur,
2031 3508 2192 3569 quae
2223 3508 2418 3550 causa

406 3575 524 3648 est,
559 3592 669 3634 cur
709 3571 1059 3634 amicitiam
1096 3570 1387 3635 funditus
1426 3573 1733 3636 tollamus
1775 3597 1807 3637 e
1845 3576 1997 3648 vita,
2043 3596 2122 3637 ne
2162 3574 2417 3656 aliquas
