2630 3913
311 184 440 246 252
1082 183 1532 238 FRAGMENTA

311 365 473 427 quae
529 366 603 407 ex
660 341 721 407 S.
779 342 844 409 C.
900 344 1255 425 ferebatur,
1309 344 1718 428 repudiabat,
1770 345 1962 429 idque
2017 345 2180 426 iure,
2239 349 2312 410 ut

311 432 481 496 docti
510 453 729 496 sumus
760 432 1030 496 duorum
1057 434 1394 497 consulum
1415 433 1894 518 designatorum
1924 434 2310 497 calamitate.

439 520 531 584 Et
572 523 778 585 eadem
821 522 895 585 de
936 541 1003 584 re
1035 521 1230 603 paulo
1263 527 1437 602 post:

440 608 544 672 41.
599 607 691 671 Ut
756 610 1191 691 spectaculum
1245 609 1409 673 illud
1467 609 1767 690 [duorum
1823 609 2310 693 designatorum

308 696 645 761 consulum
688 696 1106 777 calamitatis]
1145 719 1213 760 re
1252 702 1317 760 et
1354 701 1644 781 tempore
1683 698 1940 761 salubre
1986 719 2061 761 ac
2100 719 2311 762 neces·
2366 726 2397 767 5

310 783 574 866 sarium,
635 805 867 870 genere
921 792 979 849 et
1030 786 1323 869 exemplo
1380 786 1687 850 miserum
1733 808 1805 850 ac
1850 785 2178 849 funestum
2222 786 2311 850 vi-

308 871 617 936 deremus.

527 959 601 1024 Ρ.
664 959 909 1025 Sullam
970 967 1026 1025 et
1087 961 1160 1024 P.
1219 962 1601 1025 Autronium
1662 963 1991 1044 siqnifieat,
2055 982 2311 1043 quorum

395 1048 657 1112 alterum
691 1049 765 1112 L.
794 1047 986 1131 Cotta,
1032 1050 1295 1114 alterum
1332 1050 1404 1114 L.
1438 1051 1797 1131 Torquatus,
1838 1052 1962 1131 qui,
1998 1071 2136 1114 eum
2169 1050 2314 1114 haee

397 1134 602 1202 Cicero
655 1138 908 1220 dicebat,
961 1158 1103 1203 coss.
1157 1144 1356 1221 erant,
1410 1139 1676 1204 ambitus
1723 1140 2104 1203 damnarant
2143 1144 2202 1202 et
2241 1140 2312 1203 in
2343 1168 2398 1206 ιο

396 1246 604 1290 eorum
650 1226 845 1291 locum
889 1228 1076 1290 creati
1118 1232 1309 1291 erant.

440 1314 543 1377 42.
579 1312 773 1379 Prisc,
815 1312 1000 1379 VIII
1017 1317 1111 1378 15.
1150 1320 1239 1380 82
1260 1336 1328 1396 p.
1367 1317 1506 1377 435.
1544 1319 1632 1379 20
1667 1315 1754 1378 H.
1785 1314 1987 1380 C'icero
2012 1335 2133 1396 pro
2170 1313 2312 1380 Gor-

307 1403 500 1466 netio:
557 1402 907 1466 circumitis
956 1403 1185 1467 rostris
1234 1403 1588 1466 eicerentur
1632 1403 1954 1487 lapidibus
2000 1403 2310 1467 homines

439 1490 542 1554 43.
599 1491 857 1555 Boetius
914 1493 986 1555 de
1037 1492 1213 1568 defin.
1273 1492 1342 1555 T.
1396 1490 1635 1554 LXIV
1673 1512 1734 1572 p.
1790 1496 1914 1556 906
1957 1491 2025 1555 B
2078 1492 2311 1573 Miqne.

307 1578 468 1642 Item
520 1599 641 1659 pro
706 1579 982 1643 Cornelio
1044 1580 1415 1643 maiestatis:
1488 1577 1852 1663 Replicate,
1925 1579 2068 1663 ipsa
2131 1584 2401 1662 sunt31s

308 1666 525 1751 legite,
573 1671 646 1730 ut
692 1667 1027 1750 legebatiS‚
1072 1665 1222 1730 hinc
1267 1667 1663 1751 intellegetis
1709 1668 1887 1731 nulla
1932 1668 2311 1732 tenuissima

311 1755 673 1837 suspicione
719 1754 993 1818 describi
1039 1758 1152 1818 aut
1199 1755 1552 1840 significari
1597 1754 1984 1819 Cornelium.
2054 1785 2059 1792 ·

440 1843 545 1905 44.
603 1843 820 1906 Ascon.
873 1864 939 1923 p.
993 1848 1092 1907 66.
1146 1847 1230 1908 25
1294 1842 1460 1917 Quid
1524 1864 1644 1929 ego
1709 1865 1877 1908 nunc
1939 1844 2062 1907 tibi
2127 1867 2309 1931 argu-

310 1930 544 1994 mentis
591 1929 1011 2014 respondeam
1057 1952 1245 2016 posse
1292 1932 1458 2013 fieri,
1505 1935 1578 1996 ut
1624 1932 1788 1996 alius
1837 1932 2035 2016 aliqui
2082 1931 2309 1998 Corne-

309 2019 434 2082 lius
465 2019 568 2100 sit,
606 2019 716 2101 qui
752 2019 991 2083 habeat
1017 2019 1413 2084 Philerotem
1452 2042 1735 2103 servum3
1772 2023 2041 2104 vulgare
2076 2044 2306 2086 nomen
2331 2047 2381 2085 20

310 2128 448 2170 esse
476 2105 845 2189 Philerotis,
884 2106 1216 2172 Cornelios
1246 2131 1398 2173 vero
1426 2110 1521 2172 ita
1549 2111 1807 2192 multoe„
1844 2114 1918 2172 ut
1946 2110 2076 2174 iam
2114 2111 2304 2175 etiam

311 2195 658 2280 collegium
706 2196 1129 2260 constitutum
1179 2197 1306 2260 sit?

527 2285 900 2364 Frequenter
943 2290 1072 2349 tum
1115 2288 1300 2349 etiam
1335 2291 1529 2350 coetus
1563 2287 1962 2366 factiosorum
1995 2287 2312 2352 hominum

396 2372 529 2437 sene
562 2373 813 2453 pubzwa
856 2375 1214 2438 auctoritate
1266 2375 1431 2438 malo
1478 2375 1716 2455 publico
1768 2376 2017 2458 fiebant,
2058 2381 2312 2458 propter

395 2463 556 2542 quod
593 2468 807 2543 postea
859 2462 1105 2544 eolleyia
1149 2468 1207 2526 et
1248 2461 1313 2527 S.
1362 2461 1427 2528 Ο.
1470 2468 1528 2526 et
1558 2463 1848 2543 pluribus
1901 2463 2127 2545 leyibus
2168 2471 2313 2529 sunt
2339 2487 2392 2528 25

395 2550 638 2614 sublata
679 2555 928 2630 praeter
971 2571 1178 2631 pauca
1221 2556 1403 2632 atque
1445 2556 1631 2630 certa,
1685 2571 1840 2632 quae
1882 2553 2124 2617 utititas
2167 2554 2309 2618 civi-

398 2638 541 2701 tatis
593 2639 1006 2716 desiderasset,
1069 2638 1283 2719 qualia
1341 2644 1487 2702 sunt
1531 2638 1851 2718 fabrorum
1907 2641 2311 2723 lictorumque.

439 2726 542 2788 45.
589 2725 681 2787 At
726 2725 897 2788 enim
933 2726 1203 2789 extremi
1232 2748 1306 2790 ac
1340 2726 1706 2790 difficillimi
1742 2728 2051 2811 temporis
2089 2751 2310 2794 vocem

307 2813 511 2897 illam,
547 2812 613 2877 O.
642 2810 920 2895 Corneli,
958 2815 1285 2878 consulem
1323 2815 1581 2878 mittere
1619 2816 1907 2901 coegisti,
1945 2816 2054 2900 qui
2080 2838 2218 2881 rem
2245 2839 2310 2899 p.

309 2903 557 2966 salvam
595 2922 733 2965 esse
771 2902 1029 2985 vellent,
1064 2905 1137 2964 ut
1175 2903 1256 2965 ad
1292 2904 1501 2988 legem
1531 2904 1961 2987 accipiendam
1995 2906 2310 2970 adessent.
2339 2928 2396 2967 3⁰

528 2988 592 3055 0.
638 2989 786 3055 Piso
798 3040 815 3072 ‚
868 2992 975 3071 qui
1026 2992 1234 3055 consul
1278 2994 1478 3055 eodem
1521 3012 1686 3056 anno
1727 2992 1877 3076 fuit,
1930 3013 2049 3074 quo
2095 2993 2310 3059 Gorne-

396 3079 518 3143 lius
563 3079 846 3143 tribunus
877 3079 1075 3160 plebis
1117 3085 1275 3157 erat,
1323 3100 1461 3144 eum
1505 3081 1688 3162 teyem
1731 3082 1802 3145 de
1845 3081 2084 3145 ambitu
2126 3103 2200 3147 ex
2242 3082 2306 3148 S.

396 3165 462 3232 G.
508 3168 877 3248 yraviorern,
940 3188 1125 3248 quam
1183 3167 1394 3247 fuerat
1450 3174 1658 3245 antea,
1708 3168 1898 3248 ferret
1954 3174 2014 3233 et
2059 3175 2311 3252 propter

394 3256 847 3320 multitudinem
890 3257 1243 3339 divisorum,
1286 3258 1396 3338 qui
1427 3277 1544 3338 per
1578 3258 1703 3321 vim
1739 3258 2234 3341 adversabantur,
2279 3280 2310 3323 e

391 3344 527 3421 foro
570 3346 785 3406 eiectus
836 3348 1006 3422 esset,
1060 3346 1333 3409 edixerat
1381 3346 1473 3428 id,
1526 3347 1687 3427 quod
1730 3344 1935 3411 Cicero
1986 3347 2308 3428 siqnifieat‚
2340 3365 2396 3407 ³⁵

394 3435 451 3492 et
498 3431 731 3494 maiore
783 3450 977 3495 manu
1025 3433 1286 3514 stszatus
1348 3435 1435 3497 ad
1493 3434 1674 3516 leqem
1724 3434 2154 3516 perferendam
2215 3436 2311 3500 de-

398 3518 722 3581 scenderat.
