2630 3913
769 192 905 248 LIB.
945 192 987 246 1.
1064 191 1215 245 CAP.
1254 198 1341 259 29,
1378 197 1462 246 30.
1538 197 1568 257 g
1608 197 1902 259 los-409.
2254 188 2337 254 37

331 353 658 419 contemni
704 357 770 417 et
813 353 967 419 reici
1013 357 1337 437 oportere3
1397 353 1497 417 sin
1544 353 1631 416 sit
1677 352 2034 442 quispiam„
2072 352 2181 436 qui
2227 353 2340 417 ali-

334 442 488 526 quid
540 441 793 506 tribuat
846 441 1196 526 voluptati,
1260 441 1606 527 diligenter
1670 441 1729 506 ei
1791 440 2136 505 tenendum
2200 462 2340 505 esse

333 530 471 595 eius
527 529 836 594 fruendae
890 529 1170 594 modum.
1257 529 1488 614 Itaque
1541 529 1749 595 victus
1806 529 2142 612 cultusque
2206 550 2340 594 cor-

333 618 510 704 poris
566 617 647 682 ad
700 617 1137 683 valetudinem
1192 617 1510 682 referatur
1564 623 1630 681 et
1684 617 1766 682 ad
1818 618 1988 682 vires
1998 668 2016 701 ,
2073 639 2204 682 non
2259 617 2341 681 ad

279 725 307 765 ⁵
334 706 758 791 voluptatem.
829 704 1045 790 Atque
1083 706 1279 770 etiam
1308 707 1365 770 si
1393 706 1795 772 considerare
1822 706 2150 793 volumusl
2177 726 2340 789 quae

336 795 423 859 sit
450 794 522 858 in
545 799 781 859 natura
809 794 1187 859 excellentia
1215 797 1281 858 et
1308 794 1611 880 dignitas,
1637 794 2116 887 intellegemus,
2147 816 2340 878 quam

336 883 423 947 sit
458 886 648 966 turpe
678 882 964 947 diffluere
994 882 1248 947 luxuria
1283 887 1350 946 et
1387 883 1657 953 delicate
1695 905 1768 947 ac
1805 883 2090 948 molliter
2124 883 2359 969 vivere,

336 992 655 1054 quamque
700 971 1044 1036 honestum
1089 992 1298 1055 parce,
1345 971 1772 1054 continenter,
1820 992 2063 1054 severe,
2110 971 2342 1035 sobrie.

465 1057 985 1144 Intellegendum
1012 1058 1209 1123 etiam
1237 1061 1339 1122 est
1366 1058 1611 1124 duabus
1642 1059 1828 1143 quasi
1854 1081 1973 1124 nos
2011 1082 2050 1123 a
2081 1063 2316 1124 natura
2347 1074 2444 1125 107

257 1166 310 1206 ιο
335 1146 596 1211 indutos
643 1167 783 1211 esse
827 1146 1149 1233 personis3
1210 1168 1481 1230 quarum
1535 1169 1664 1212 una
1717 1147 2072 1212 communis
2120 1151 2221 1211 est
2265 1169 2343 1211 ex

337 1257 455 1325 09ae
470 1234 641 1319 quod
678 1257 900 1300 omnes
934 1235 1283 1320 participes
1322 1256 1543 1299 sumus
1582 1235 1854 1299 rationis
1881 1236 2343 1319 praestantiae·

338 1344 461 1407 que
508 1323 674 1405 eius,
710 1345 836 1407 qua
882 1323 1328 1388 antecellimus
1375 1322 1621 1408 bestiis,
1668 1345 1707 1387 a
1752 1345 1880 1407 qua
1926 1344 2114 1387 omne
2151 1323 2343 1388 hone·

337 1415 512 1475 stum
558 1411 983 1495 decorumque
1029 1410 1330 1494 trahitur,
1377 1415 1444 1475 et
1489 1433 1566 1475 ex
1611 1432 1739 1495 qua
1775 1411 1942 1475 ratio
1979 1410 2343 1475 inveniendi

338 1498 535 1564 officii
580 1499 939 1583 exquiritur
947 1518 964 1583 3
1011 1500 1218 1564 altera
1264 1503 1508 1582 autem,
1554 1521 1717 1583 quae
1762 1499 2022 1584 proprie
2069 1499 2342 1583 singulis

257 1605 310 1646 ιε
340 1590 442 1652 est
483 1586 750 1652 tributa.
820 1585 915 1652 Ut
951 1587 1122 1652 enim
1161 1588 1231 1651 in
1274 1587 1653 1673 corporibus
1700 1608 1974 1672 magnae
2020 1587 2344 1652 dissimili-

336 1674 592 1739 tudines
630 1679 782 1739 sunt
818 1673 1010 1760 (alios
1045 1675 1336 1740 videmus
1373 1676 1716 1741 velocitate
1755 1676 1837 1740 ad
1868 1696 2141 1758 cursum,
2179 1675 2343 1740 alios

336 1763 584 1827 viribus
630 1762 712 1827 ad
756 1763 1131 1828 luctandum
1175 1765 1419 1848 valere,
1470 1764 1755 1848 itemque
1800 1764 1869 1828 in
1920 1764 2150 1829 formis
2197 1764 2342 1828 aliis

339 1850 726 1953 dignitatem
786 1851 1028 1935 inesse,
1092 1851 1237 1916 aliis
1299 1850 1766 1937 venustatem),
1831 1852 1923 1917 sic
1984 1852 2054 1916 in
2114 1852 2344 1916 animis

338 1942 625 2005 existunt
669 1939 944 2005 maiores
984 1939 1181 2005 etiam
1215 1941 1587 2006 varietates,
1658 1940 1824 2006 Erat
1859 1941 1928 2005 in
1962 1940 2032 2006 L.
2062 1940 2318 2026 Crasso,
2349 1955 2449 2006 108

255 2047 312 2089 ιο
336 2028 410 2093 in
452 2027 521 2093 L.
566 2027 871 2113 Philippo
927 2029 1171 2093 multus
1225 2029 1435 2114 lep08,
1493 2030 1701 2095 maior
1756 2029 1975 2110 etiam,
2007 2030 2344 2116 magisque

339 2116 416 2182 de
462 2116 781 2181 industria
824 2117 894 2181 in
933 2116 1002 2182 C.
1040 2115 1315 2182 Caesare
1352 2117 1423 2182 L.
1467 2118 1633 2202 filio;
1678 2121 1749 2182 at
1791 2118 1997 2183 isdem
2041 2119 2346 2203 tempori·

337 2204 460 2269 bus
506 2205 576 2269 in
617 2204 703 2269 M.
750 2167 987 2271 Scauro
1045 2209 1111 2269 et
1164 2205 1233 2269 in
1275 2204 1363 2269 M.
1407 2205 1622 2270 Druso
1680 2205 2085 2271 adulescente
2132 2206 2347 2291 singu·

339 2293 497 2358 laris
545 2293 885 2377 severitas,
937 2294 1007 2357 in
1052 2291 1119 2358 O.
1165 2292 1388 2358 Laelio
1445 2295 1654 2357 multa
1708 2293 2035 2376 hilaritas,
2088 2293 2157 2357 in
2210 2295 2345 2358 eius

336 2380 650 2445 familiari
702 2378 998 2467 Scipione
1062 2381 1332 2446 ambitio
1398 2381 1630 2464 maior,
1692 2381 1829 2446 vita
1889 2380 2159 2445 tristior.
2249 2381 2347 2446 De

258 2487 311 2529 85
340 2468 606 2535 Graecis
653 2474 870 2534 autem
916 2469 1167 2534 dulcem
1204 2473 1271 2533 et
1312 2468 1595 2534 facetum
1639 2468 1985 2552 festivique
2032 2470 2345 2533 sermonis

340 2561 535 2641 atque
596 2557 667 2622 in
729 2557 906 2622 omni
967 2557 1259 2623 oratione
1324 2556 1795 2641 simulatorem,
1858 2578 2047 2640 quem
2102 2562 2347 2641 εἴρωνα

341 2645 571 2738 Graeci
595 2645 1031 2729 nominarunt,
1067 2642 1397 2710 Socratem
1435 2645 1822 2729 accepimus;
1859 2649 2085 2710 contra
2110 2644 2348 2730 Pytha-

341 2755 570 2820 goram
617 2738 683 2799 et
726 2732 1044 2799 Periclem
1099 2755 1420 2798 summam
1468 2734 1922 2799 auctoritatem
1969 2738 2346 2800 consecutos

341 2822 479 2887 sine
524 2823 662 2887 ulla
705 2821 1058 2887 hilaritate.
1139 2820 1462 2887 Callidum
1503 2821 1939 2887 Hannibalem
1985 2844 2062 2887 ex
2105 2822 2347 2888 Poeno-

259 2928 313 2969 ω
339 2932 503 2994 rum,
541 2932 618 2975 ex
652 2910 896 2975 nostris
934 2909 1201 2975 ducibus
1240 2907 1310 2984 Q.
1345 2909 1697 2974 Maximum
1735 2910 2114 2996 accepimus,
2156 2909 2348 2975 facile

341 2999 569 3080 celare,
605 3001 837 3082 tacere,
871 2998 1295 3078 dissimulare,
1323 2998 1635 3082 insidiari,
1662 2999 2029 3084 praeripere
2057 2998 2346 3062 hostium

341 3086 626 3152 consilia.
699 3086 778 3151 In
823 3108 949 3170 quo
992 3107 1223 3173 genere
1261 3084 1492 3151 Graeci
1527 3085 2030 3152 Themistoclem
2076 3090 2142 3150 et
2185 3084 2348 3149 Phe·

340 3195 562 3239 raeum
605 3173 904 3239 Iasonem
949 3173 1179 3239 ceteris
1227 3177 1658 3258 anteponunt3
1700 3175 1770 3238 in
1813 3173 2166 3259 primisque
2210 3195 2349 3239 ver-

342 3266 561 3328 sutum
607 3267 674 3328 et
718 3262 1020 3327 callidum
1063 3262 1309 3327 factum
1355 3259 1638 3347 Solonis,
1684 3262 1813 3347 qui,
1860 3283 1987 3346 quo
2032 3265 2100 3327 et
2144 3262 2349 3327 tutior

262 3368 314 3410 ιε
342 3351 478 3416 eius
532 3350 671 3416 vita
724 3353 895 3415 esset
949 3355 1015 3415 et
1067 3351 1216 3436 plus
1272 3350 1605 3434 aliquanto
1660 3350 1755 3415 rei
1808 3350 2103 3435 publicae
2162 3350 2349 3437 prod-

343 3442 530 3523 esset,
572 3440 785 3505 furere
824 3460 891 3503 se
938 3439 1285 3504 simulavit.
1358 3437 1522 3504 Sunt
1566 3437 1669 3502 his
1717 3438 1837 3504 alii
1873 3439 2152 3504 multum
2199 3438 2321 3504 dis·
2354 3454 2451 3505 109

341 3548 528 3613 pares
516 3547 587 3625 χ’.
602 3527 927 3613 simplices
965 3530 1031 3591 et
1075 3527 1312 3612 aperti,
1357 3527 1468 3611 qui
1512 3526 1677 3591 nihil
1724 3549 1800 3592 ex
1845 3527 2127 3610 occulto,
2180 3528 2346 3593 nihil
