2630 3913
990 195 1059 263 ΙΙ,
1096 193 1193 246 111.
1266 200 1297 258 ς
1339 198 1561 248 16-22.
2168 191 2297 256 203

279 355 432 440 quid
480 359 580 419 est
624 327 978 436 laudabile,
1031 354 1202 420 idem
1262 352 1329 419 et
1374 354 1639 419 beatum
1685 358 1752 418 et
1794 354 2030 418 florens
2078 358 2144 417 et
2197 375 2299 417 ex-

279 443 627 528 petendum
673 444 878 508 videri
928 443 1126 509 decet.

899 722 1514 790 PARADOXON
1558 722 1676 789 ΠῙ.

441 827 581 894 Ὀτι
629 837 740 894 ἴσα
784 825 866 893 τὰ
912 825 1349 913 αμαρτήματα
1393 827 1504 893 καὶ
1549 826 1629 894 τὰ
1679 825 2182 911 κατορθώματα.

227 990 254 1030 ⁶
413 971 641 1054 Parva,
686 944 915 1054 inquit,
963 974 1063 1034 est
1100 991 1224 1036 res.
1295 970 1390 1034 At
1425 991 1664 1057 magna
1700 970 1917 1054 culpa3
1962 971 2081 1048 nec
2126 970 2298 1034 enim

279 1065 546 1146 peccata
589 1081 806 1124 rerum
853 1058 1126 1136 eventis,
1182 1058 1293 1124 sed
1349 1059 1525 1123 vitiis
1581 1058 1919 1124 hominum
1975 1058 2298 1123 metienda

281 1153 449 1214 sunt.
539 1146 620 1212 In
672 1167 800 1231 quo
854 1108 1185 1232 peccatdr,
1248 1146 1317 1210 id
1378 1150 1599 1231 potest
1664 1146 1839 1211 aliud
1903 1147 2033 1210 alio
2089 1147 2298 1211 maius

282 1258 423 1302 esse
469 1241 583 1300 aut
628 1235 840 1312 minus
848 1285 866 1319 ,
919 1236 1135 1319 ipsum
1181 1234 1440 1318 quidem
1483 1234 1650 1300 illud
1693 1256 1986 1320 peccare,
2041 1256 2299 1318 quoquo

158 1393 168 1407 ,
282 1324 584 1406 verteriS,
638 1345 839 1388 unum
885 1328 1001 1387 est.
1093 1323 1257 1388 Auri
1320 1344 1550 1388 navem
1606 1326 1857 1387 evertat
1903 1323 2300 1408 gubernator

205 1433 256 1472 m
284 1434 370 1478 an
414 1413 669 1496 paleae,
714 1411 784 1475 in
827 1433 897 1476 re
943 1411 1380 1494 aliquantum,
1424 1411 1494 1475 in
1539 1410 1994 1497 gubernatoris
2040 1410 2301 1475 inscitia
2407 1424 2414 1435 ·

282 1500 447 1565 nihil
502 1501 792 1564 interest.
883 1498 1099 1584 Lapsa
1154 1503 1254 1564 est
1307 1499 1531 1565 lubido
1589 1500 1690 1563 in'
1722 1499 1992 1563 muliere
2053 1499 2300 1584 ignota,

284 1589 471 1654 dolor
516 1588 598 1653 ad
642 1587 977 1673 pauciores
1022 1588 1325 1673 pertinet,
1376 1610 1571 1672 quam
1619 1588 1675 1652 si
1720 1588 2022 1672 petulans
2067 1587 2301 1651 fuisset

280 1678 350 1741 in
406 1676 627 1761 aliqua
682 1697 996 1762 generosa
1051 1698 1126 1741 ac
1178 1676 1386 1741 nobili
1450 1676 1729 1761 virgine3
1791 1676 2084 1760 peccavit
2147 1697 2300 1740 vero

279 1765 488 1831 nihilo
535 1765 775 1848 minuS,
822 1764 1139 1849 siquidem
1186 1769 1286 1829 est
1330 1786 1595 1850 peccare
1641 1768 1978 1865 tamquam
2021 1764 2301 1828 transire

206 1872 254 1911 15
282 1855 518 1937 lineas3
574 1853 744 1937 quod
791 1875 936 1930 cum
979 1852 1235 1936 feceris,
1290 1854 1485 1938 culpa
1529 1853 1877 1918 commissa
1922 1857 2051 1935 est3
2107 1874 2301 1936 quam

283 1943 479 2029 longe
516 1942 953 2029 progrediere,
997 1964 1143 2008 cum
1181 1942 1383 2007 semel
1419 1941 1773 2024 transieris,
1820 1941 1902 2006 ad
1940 1901 2302 2043 augendam

285 2029 662 2095 transeundi
706 2031 855 2114 culp
859 2052 965 2095 am
1009 2030 1177 2094 nihil
1221 2031 1523 2115 pertinet.
1612 2030 1885 2096 Peccare
1931 2034 2103 2096 certe
2149 2023 2304 2095 licet

2342 953 2370 1012 1

2335 1028 2403 1076 20

284 2118 545 2182 nemini.
636 2054 855 2192 Quodp
866 2122 1085 2182 autem
1119 2139 1260 2183 non
1306 2119 1488 2202 licet,
1545 2118 1614 2183 id
1667 2120 1791 2184 hoc
1845 2140 1973 2184 uno
2028 2122 2303 2202 tenetur,
2364 2162 2373 2169 -

288 2206 345 2269 si
398 2205 697 2289 arguitur
750 2226 882 2270 non
935 2206 1144 2269 licere.
1234 2205 1309 2269 Id
1366 2206 1421 2269 si
1476 2229 1595 2271 nec
1648 2207 1857 2282 maius
1912 2228 2030 2271 nec
2090 2207 2300 2271 minus

206 2314 258 2352 ιο
286 2315 595 2377 umquam
639 2293 782 2358 fieri
826 2297 1064 2377 potest,
1112 2294 1418 2377 quoniam
1462 2295 1532 2358 in
1579 2315 1654 2360 eo
1701 2299 1802 2359 est
1846 2299 2200 2380 peccatum,
2245 2296 2302 2359 si

284 2402 416 2447 non
462 2380 674 2464 licuit,
730 2380 901 2465 quod
956 2402 1211 2466 semper
1254 2403 1455 2447 unum
1501 2387 1567 2447 et
1611 2382 1782 2447 idem
1829 2386 1954 2466 est,
2016 2404 2178 2466 quae
2225 2404 2302 2446 ex

286 2492 362 2535 eo
410 2473 675 2554 peccata
719 2473 1096 2554 nascantur,
1150 2471 1450 2553 aequalia
1503 2470 1636 2552 sint
1690 2475 1966 2556 oportet.
2058 2469 2302 2544 Quodsi

286 2559 561 2623 virtutes
617 2562 769 2623 sunt
822 2580 1011 2642 pares
1067 2558 1238 2623 inter
1292 2580 1389 2641 se,
1452 2559 1637 2644 paria
1693 2581 1832 2624 esse
1888 2559 2086 2623 etiam
2140 2559 2303 2624 vitia

285 2668 543 2712 necesse
589 2651 707 2711 est.·
778 2646 983 2729 Atqui
1027 2668 1218 2731 pares
1265 2667 1406 2712 esse
1440 2647 1735 2732 virtutes,
1778 2669 1897 2713 nec
1942 2648 2113 2713 bono
2159 2648 2300 2712 viro

209 2752 259 2791 2⁵
288 2735 621 2800 meliorem
681 2756 799 2800 nec
860 2738 1264 2819 temperante
1326 2736 1898 2820 temperantiorem
1959 2758 2078 2811 nec
2143 2734 2304 2801 forti

284 2821 624 2888 fortiorem
677 2844 796 2889 nec
850 2823 1142 2924 sapiente
1190 2823 1650 2908 sapientiorem
1704 2845 1895 2908 posse
1940 2825 2082 2888 fieri
2125 2824 2302 2890 facil-

284 2912 459 2976 lume
514 2914 734 2996 potest
787 2911 1084 2996 perspici.
1173 2911 1281 2976 An
1344 2912 1555 2976 virum
1617 2911 1862 2977 bonum
1928 2912 2127 2994 dice8‚
2192 2914 2301 2995 qui

286 2998 653 3100 depositum
715 2999 898 3063 nullo
962 3002 1158 3082 teste,
1244 3021 1389 3064 cum
1462 3000 1701 3065 lucrari
1768 3000 2008 3084 inpune
2079 3004 2302 3085 posset

287 3088 428 3152 auri
472 3087 687 3172 pondo
734 3087 980 3170 decem,
1026 3087 1392 3170 reddiderit,
1439 3088 1496 3152 si
1540 3087 1712 3152 idem
1758 3088 1825 3151 in
1874 3087 2090 3152 decem
2136 3089 2301 3152 mili-

139 3213 147 3222 ·
207 3194 259 3232 ιο
285 3175 407 3240 bus
463 3175 676 3277 pondo
732 3176 874 3240 auri
927 3197 1059 3240 ιιοιι
1111 3176 1280 3240 idem'
1327 3175 1595 3242 fecerit?
1651 3179 1765 3241 aut
1809 3179 2301 3260 temperantem,

286 3264 398 3348 qui
452 3285 520 3327 se
575 3264 645 3328 in
698 3264 917 3347 aliqua
970 3263 1238 3329 libidine
1294 3263 1715 3346 continuerit,
1768 3263 1838 3327 in
1884 3263 2105 3347 aliqua
2149 3265 2299 3329 effu-

2339 2489 2404 2537 21

246 3351 496 3416 derit?
586 3350 736 3416 Una
798 3352 1006 3416 virtus
1073 3357 1173 3417 est
1236 3353 1643 3418 consentiens
1708 3374 1852 3417 cum
1918 3351 2170 3417 ratione
2236 3358 2302 3418 et
2338 3362 2438 3418 ιι

283 3444 596 3524 perpetua
641 3441 1036 3523 constantia3
1080 3441 1244 3504 nihil
1290 3442 1417 3506 huc
1455 3440 1602 3505 addi
1639 3444 1874 3524 potest,
1921 3461 2048 3523 quo
2088 3442 2297 3528 magis

283 3528 491 3591 virtus
539 3528 652 3609 sit,
707 3528 869 3590 nihil
918 3528 1114 3607 demi,
1167 3532 1242 3593 ut
1285 3529 1548 3593 virtutis
1595 3550 1831 3593 nomen
1876 3528 2298 3613 relinquatur.
