2630 3913
340 182 426 248 28
1131 181 1229 234 DE
1269 180 1569 236 OFFICIIS

235 323 320 388 23
472 342 749 408 Omnino
796 343 955 406 illud
1009 343 1355 407 honestum
1361 392 1400 426 ,‚
1445 341 1617 443 quod
1680 363 1758 405 ex
1823 342 2037 406 animo
2093 341 2345 407 excelso

237 401 809 516 ”magnificoque
856 431 1249 514 quaerimus,
1295 430 1495 495 animi
1540 429 1833 512 efficitur,
1878 450 2011 494 non
2055 429 2373 514 corporis,

339 520 602 585 viribus.
673 518 1116 583 Exercendum
1159 522 1379 583 tamen
1425 540 1656 603 corpus
1704 522 1769 582 et
1805 517 1901 581 ita
1938 517 2346 583 afficiendum

341 612 467 692 est,
494 612 568 672 ut
606 606 905 672 oboedire
942 607 1212 672 consilio
1249 607 1614 690 rationique
1650 606 1860 692 possit
1896 606 1965 669 in
2003 626 2345 690 exsequen-

342 696 439 761 dis
484 695 767 782 negotiis
814 699 880 759 et
923 696 992 759 in
1038 695 1261 760 labore
1297 694 1655 760 tolerando.
1712 692 2079 759 Honestum
2125 698 2344 758 autem
2395 713 2423 753 ε

339 784 451 868 id,
480 784 648 868 quod
687 784 1121 868 exquirimus,
1142 786 1356 848 totum
1394 787 1494 847 est
1529 782 1816 868 positum
1852 783 1921 846 in
1958 783 2159 846 animi
2195 805 2347 847 cura

342 876 410 937 et
455 872 876 958 cogitatione3
930 872 998 935 in
1054 893 1180 955 quo
1233 892 1366 936 non
1419 871 1733 935 minorem
1788 871 2141 935 utilitatem
2197 871 2346 935 affe·

340 964 539 1045 runt*
569 961 679 1043 qui
721 959 937 1045 togati
980 959 1074 1024 rei
1118 960 1415 1045 publicae
1451 963 1761 1045 praesunt
1749 1006 1802 1043 4
1837 981 2031 1042 quam
2066 959 2178 1042 qui
2214 958 2347 1023 bel-

343 1049 480 1113 lum
539 1052 789 1134 gerunt
887 1047 1115 1131 Itaque
1180 1069 1403 1112 eorum
1468 1047 1736 1112 consilio
1793 1068 1983 1132 saepe
2048 1051 2162 1112 aut
2215 1068 2346 1111 non

344 1141 642 1222 suscepta
679 1140 792 1201 aut
828 1135 1119 1202 confecta
1155 1137 1331 1200 bella
1368 1139 1551 1219 sunt,
1586 1157 1718 1200 non
1752 1156 2105 1219 numquam
2142 1135 2341 1199 etiam
2374 1154 2425 1193 ιο

342 1225 575 1309 inlata,
619 1229 693 1290 ut
728 1224 814 1289 M.
844 1223 1110 1289 Catonis
1156 1225 1399 1288 bellum
1435 1224 1703 1288 tertium
1729 1222 2060 1307 Punicum,
2106 1223 2175 1287 in
2220 1245 2345 1324 quo

239 1330 307 1381 80
344 1314 542 1378 etiam
589 1313 831 1378 mortui
875 1313 1082 1378 valuit
1119 1313 1490 1377 auctoritas.
1564 1309 1775 1386 Quare
1812 1311 2165 1397 expetenda
2212 1312 2347 1395 qui-

344 1402 488 1466 dem
535 1402 746 1487 magis
793 1405 893 1466 est
939 1401 1315 1466 decernendi
1361 1400 1531 1464 ratio
1580 1421 1772 1483 quam
1811 1399 2176 1465 decertandi
2220 1399 2347 1464 for-

344 1490 555 1554 titudo
566 1541 584 1572 ,
613 1489 724 1554 sed
761 1489 1147 1571 cavendum,
1166 1510 1247 1552 ne
1281 1488 1350 1552 id
1386 1487 1672 1552 bellandi
1710 1489 1919 1574 magis
1955 1488 2114 1573 fuga
2153 1510 2347 1571 quam

341 1578 650 1642 utilitatis
687 1577 938 1642 ratione
974 1576 1303 1641 faciamus.
1368 1574 1626 1640 Bellum
1663 1580 1879 1641 autem
1914 1576 2011 1641 ita
2046 1576 2349 1661 suscipia·
2377 1594 2427 1636 15

346 1670 493 1750 tur
535 1668 608 1730 ut
659 1665 826 1729 011111
873 1664 1047 1729 aliud
1090 1664 1217 1728 nisi
1262 1687 1390 1748 pax
1436 1664 1730 1747 quaesita
1774 1664 2084 1729 videatur.

474 1752 690 1817 Fortis
760 1774 914 1817 vero
989 1753 1188 1817 31111111
1261 1756 1327 1816 et
1398 1754 1760 1817 constantis
1825 1756 1926 1817 est
2002 1775 2133 1817 non
2204 1774 2348 1837 per-

344 1841 597 1907 turbari
653 1842 722 1905 in
767 1841 958 1905 rebus
1006 1841 1251 1926 asperis
1305 1861 1423 1905 nec
1466 1841 2010 1905 tumultuantem
2021 1841 2097 1905 de
2144 1840 2349 1926 gradu

345 1924 532 2013 deici,
600 1933 674 1995 ut
742 1929 999 2012 dicitur,
1069 1929 1179 1994 sed
1241 1929 1569 2015 praesenti
1633 1929 1847 1994 animo
1910 1929 2010 1994 uti
2070 1933 2137 1995 et
2199 1950 2348 1995 con·-

241 2034 300 2085 81
346 2019 491 2083 silio
538 2040 654 2083 nec
701 2040 739 2082 a
775 2019 1026 2082 ratione
1081 2017 1419 2082 discedere
1508 2015 1911 2118 Quamquam
1956 2019 2080 2084 hoc
2133 2018 2348 2101 animi,
2374 2037 2427 2077 πο

345 2106 508 2171 illud
582 2106 780 2171 etiam
851 2106 1094 2191 ingenii
1164 2106 1387 2190 magni
1461 2110 1621 2189 est,
1666 2106 2034 2207 praecipere
2107 2106 2348 2192 cogita·

345 2196 521 2262 tione
600 2195 822 2259 futura
903 2199 969 2259 et
1049 2194 1383 2278 aliquanto
1466 2198 1615 2258 ante
1696 2194 2124 2280 constituere„
2196 2193 2350 2278 quid

346 2283 629 2348 accidere
690 2282 900 2369 possit
962 2283 1031 2346 in
1091 2286 1433 2366 utramque
1487 2286 1768 2367 partem,
1832 2286 1896 2347 et
1961 2281 2114 2366 quid
2159 2304 2348 2369 agen·

346 2373 497 2436 dum
571 2372 656 2437 sit
648 2422 697 2456 ,r
764 2394 909 2436 cum
983 2370 1136 2455 quid
1207 2370 1517 2455 evenerit,
1588 2392 1704 2436 nec
1785 2371 2224 2455 committere,
2276 2374 2350 2435 ut

347 2460 692 2544 aliquando
756 2458 1091 2525 dicendum
1144 2459 1257 2523 sit:
1314 2457 1488 2523 ‘Non
1540 2458 1885 2543 putaram'.
1974 2459 2152 2523 Haec
2197 2463 2349 2523 sunt
2376 2478 2428 2517 ²⁵

348 2571 545 2632 opera
579 2548 801 2633 magni
839 2548 1038 2611 animi
1085 2551 1151 2611 et
1189 2546 1424 2612 excelsi
1470 2550 1537 2610 et
1571 2546 1916 2631 prudentia
1952 2547 2348 2631 consilioque

347 2636 631 2719 fidentis3
696 2639 938 2699 temere
993 2639 1210 2699 autem
1265 2635 1335 2698 in
1380 2634 1514 2699 acie
1560 2635 1805 2699 versari
1852 2639 1918 2699 et
1962 2657 2158 2700 manu
2204 2657 2349 2701 cum

346 2722 536 2787 hoste
581 2722 925 2807 confligere
969 2723 1250 2787 immane
1297 2721 1601 2805 quiddam
1646 2726 1713 2786 et
1756 2722 2093 2787 beluarum
2139 2724 2350 2788 simile

350 2814 474 2895 est3
535 2810 648 2876 sed
706 2833 851 2875 cum
915 2813 1168 2895 tempus
1228 2810 1706 2893 necessitasque
1763 2812 2080 2896 postulat,
2138 2811 2349 2877 decer-

347 2899 616 2964 tandum
680 2921 875 2964 manu
939 2902 1039 2964 est
1102 2903 1168 2964 et
1232 2920 1408 2963 mors
1473 2900 1773 2963 servituti
1834 2899 2350 2985 turpitudinique
2376 2916 2430 2959 so

351 2987 810 3071 anteponenda.

480 3076 580 3141 De
625 3074 986 3141 evertendis
1032 3079 1248 3140 autem
1304 3074 1803 3159 diripiendisque
1846 3076 2116 3141 urbibus
2162 3076 2351 3141 valde

351 3164 884 3230 considerandum
929 3168 1029 3228 est
1072 3185 1154 3228 ne
1192 3163 1346 3248 quid
1382 3167 1649 3247 temere,
1684 3186 1765 3228 ne
1804 3165 1957 3248 quid
1994 3164 2351 3229 crudeliter.

349 3252 550 3335 quue
606 3256 706 3317 est
769 3252 992 3337 magni
1045 3252 1196 3336 viri,
1259 3251 1452 3316 rebus
1510 3251 1777 3336 agitatis
1831 3253 2059 3338 punire
2115 3257 2352 3337 sontes,

349 3340 829 3405 multitudinem
875 3361 1282 3423 conservare,
1327 3340 1396 3403 in
1433 3340 1609 3404 omni
1642 3340 1909 3405 fortuna
1944 3344 2120 3406 recta
2158 3345 2352 3425 atque
2381 3357 2434 3399 ³⁶

349 3427 625 3491 honesta
682 3428 974 3492 retinere.
1076 3426 1171 3492 Ut
1233 3427 1406 3491 enim
1466 3431 1643 3509 sunt,
1703 3449 1894 3512 quem
1954 3428 2034 3493 ad
2091 3429 2352 3493 modum

357 3534 553 3597 supra
599 3514 757 3598 dixi,
804 3515 914 3597 qui
958 3513 1223 3579 urbanis
1269 3516 1463 3580 rebus
1499 3515 1767 3581 bellicas
1808 3520 2223 3602 anteponant,
2260 3517 2354 3583 sic

246 3132 312 3181 82
