2630 3913
843 209 992 266 CAP.
1035 216 1258 266 11—13.
1334 216 1364 276 5
1404 217 1627 267 37—44.
2116 212 2238 276 177

229 392 504 457 poenam
533 370 674 435 Tib.
704 353 980 436 Gracchi
1017 372 1469 455 sustinuimus3
1506 371 1583 437 de
1612 369 1681 437 C.
1712 371 1985 438 Gracchi
2024 379 2242 439 autem

229 461 566 525 tribunatu
614 458 768 542 quid
814 464 1161 544 expectem,
1212 482 1342 525 non
1388 461 1570 525 lubet
1617 462 1939 546 augurari.
2029 460 2244 547 Serpit

228 549 273 630 †
320 547 546 613 deinde
591 568 714 630 reS,
761 568 924 631 quae
970 549 1275 631 proclivis
1325 549 1405 614 ad
1450 548 1814 634 perniciem,
1861 572 2004 615 cum
2042 551 2242 615 semel

230 636 469 721 coepit,
523 635 784 700 labitur.
844 633 1156 721 Videtis,
1211 637 1278 701 in
1336 638 1581 702 tabella
1625 637 1756 702 iam
1803 642 1952 702 ante
2001 644 2242 722 quanta

180 744 204 783 ⁵
230 725 317 790 sit
369 724 548 790 facta
602 723 812 806 labes,
873 725 1083 826 primo
1139 687 1421 790 ²Gabinia
1475 725 1647 811 lege,
1710 725 1971 792 biennio
2027 732 2244 792 autem

229 818 397 898 post
435 810 679 877 Cassia.
768 774 1004 877 Videre
1063 814 1194 878 iam
1247 813 1472 879 videor
1535 816 1849 900 populum
1914 838 1952 879 a
2015 820 2245 880 senatu

231 901 647 984 disiunctum,
720 900 1156 966 multitudinis
1231 902 1505 967 arbitrio
1569 924 1673 967 res
1738 904 2051 968 maximas
2118 906 2243 990 agi.

230 989 456 1054 Plures
523 989 693 1054 enim
760 989 1040 1074 discent,
1120 1012 1310 1076 quem
1375 991 1455 1055 ad
1519 991 1781 1056 modum
1844 991 2002 1058 haec
2066 993 2244 1076 fiant,

234 1099 428 1161 quam
466 1099 656 1161 quem
695 1077 777 1141 ad
813 1078 1130 1143 modum
1111 1078 1191 1142 iis
1239 1079 1598 1144 resistatur.
1674 1077 1993 1154 Quorsum
2041 1082 2243 1145 haec?

156 1185 204 1224 ιο
233 1166 398 1241 Quia
443 1165 580 1230 sine
628 1165 818 1231 sociis
866 1187 1054 1231 nemo
1104 1167 1447 1251 quicquam
1493 1167 1626 1232 tale
1682 1172 1968 1232 conatur.
2057 1169 2245 1233 Prae·

233 1254 597 1339 cipiendum
645 1258 745 1318 est
790 1254 994 1340 igitur
1038 1255 1247 1340 bonis,
1292 1259 1385 1339 ut,
1432 1255 1487 1320 si
1531 1255 1601 1319 ιιι
1646 1255 1783 1320 eius
1820 1256 1994 1320 modi
2032 1257 2244 1321 amici·

233 1343 360 1407 tias
416 1342 629 1427 ignari
685 1363 834 1408 casu
891 1342 1110 1444 aliquo
1164 1343 1532 1427 inciderint,
1590 1365 1670 1407 ne
1726 1344 2097 1409 existiment
2152 1346 2246 1409 ita

234 1453 304 1495 se
352 1430 677 1516 alligatos,
722 1434 797 1495 ut
844 1431 925 1495 ab
975 1432 1197 1496 amicis
1243 1431 1313 1496 in
1349 1453 1588 1518 magna
1625 1430 1843 1516 aliqua
1879 1454 1948 1497 re
1984 1433 2245 1517 publica

233 1519 650 1604 peccantibus
696 1540 825 1583 non
865 1519 1222 1603 discedant3
1266 1521 1559 1606 inprobis
1608 1524 1823 1585 autem
1869 1542 2077 1605 poena
2118 1526 2243 1586 sta-

154 1624 204 1665 15
232 1607 472 1672 tuenda
518 1611 635 1691 est,
678 1629 796 1673 nec
840 1629 993 1673 vero
1041 1608 1253 1673 minor
1297 1608 1396 1692 iis,
1448 1609 1558 1693 qui
1604 1609 1806 1673 secuti
1853 1614 2041 1674 erunt
2089 1610 2245 1674 alte-

234 1718 396 1779 rum,
442 1718 636 1798 quam
672 1696 771 1779 iis,
819 1697 929 1780 qui
965 1696 1092 1780 ipsi
1127 1696 1371 1761 fuerint
1406 1696 1762 1782 impietatis
1806 1697 2014 1763 duces.
2087 1697 2242 1772 Quis

233 1784 469 1850 clarior
523 1785 590 1848 ιιι
647 1782 918 1849 Graecia
973 1784 1435 1868 Themistocle,
1500 1786 1643 1869 quis
1699 1786 2069 1871 potentior?
2135 1786 2244 1870 qui

232 1896 376 1939 cum
421 1872 779 1958 imperator
825 1873 998 1939 bello
1046 1872 1303 1939 Persico
1354 1873 1664 1939 servitute
1708 1872 2045 1940 Graeciam
2090 1875 2245 1940 libe·

232 1963 510 2027 ravisset
536 1966 928 2046 propterque
960 1962 1325 2028 invidiam
1306 1986 1377 2027 ιιι
1413 1963 1674 2028 exilium
1714 1965 2017 2048 expulsus
2058 1969 2248 2048 esset,

155 2069 207 2108 ιο
236 2052 532 2135 ingratae
568 2050 820 2134 patriae
858 2051 1158 2116 iniuriam
1195 2073 1324 2116 non
1362 2052 1536 2135 tulit,
1573 2074 1767 2136 quam
1803 2051 1974 2117 ferre
2007 2053 2245 2137 debuit,

233 2138 389 2202 fecit
422 2138 610 2219 idem,
648 2139 818 2223 quod
855 2161 937 2203 xx
975 2139 1160 2204 annis
1199 2143 1350 2204 ante
1388 2140 1558 2224 apud
1593 2161 1712 2204 nos
1748 2139 1991 2205 fecerat
2028 2135 2245 2207 Corio-

236 2226 443 2290 lanus.
514 2188 636 2290 Hi's
675 2227 929 2292 adiutor
966 2232 1193 2293 contra
1228 2228 1511 2312 patriam
1547 2228 1847 2293 inventus
1886 2233 1985 2292 est
2031 2250 2246 2312 nem03

232 2314 456 2399 itaque
521 2318 796 2380 mortem
860 2316 985 2381 sibi
1046 2320 1315 2399 uterque
1382 2315 1708 2381 conscivit.
1808 2315 2018 2391 Quare
2090 2318 2245 2381 talis

233 2402 654 2487 inproborum
690 2404 1025 2469 consensio
1061 2425 1190 2468 non
1228 2403 1421 2468 modo
1467 2402 1877 2468 excusatione
1925 2404 2245 2469 amicitiae

154 2508 205 2549 τε
233 2490 515 2577 tegenda
559 2512 689 2556 non
727 2496 844 2576 est,
891 2492 1000 2557 sed
1037 2492 1255 2577 potius
1295 2491 1612 2576 supplicio
1653 2492 1828 2555 omni
1865 2491 2246 2557 vindicanda

232 2584 361 2663 est,
415 2583 489 2644 ut
540 2601 622 2644 ne
679 2581 821 2664 quis
877 2602 1249 2646 concessum
1294 2584 1483 2664 putet
1528 2581 1804 2646 amicum
1849 2582 1955 2645 vel
2000 2581 2246 2645 bellum

229 2668 484 2755 patriae
546 2666 928 2733 inferentem
993 2669 1202 2755 sequi3
1265 2669 1437 2753 quod
1504 2668 1787 2755 quidem,
1850 2673 1924 2734 ut
1986 2691 2089 2734 res
2152 2670 2245 2734 ire

230 2756 473 2842 coepit,
535 2755 709 2821 haud
772 2757 903 2822 scio
968 2779 1052 2822 an
1116 2757 1463 2842 aliquando
1527 2757 1816 2823 futurum
1883 2758 1985 2823 sit.
2084 2758 2246 2824 Mihi

232 2848 453 2910 autem
495 2866 630 2910 non
674 2844 910 2910 minori
955 2867 1143 2911 curae
1190 2850 1317 2930 est,
1372 2846 1583 2930 qualis
1638 2868 1742 2911 res
1788 2847 2050 2931 publica
2094 2850 2247 2931 post

152 2949 203 2988 ω
231 2937 511 2998 mortem
559 2955 771 2998 meam
815 2933 1063 3017 futura,
1111 2955 1305 3017 quam
1353 2934 1564 3018 qualis
1610 2934 1801 2999 hodie
1849 2935 1953 2998 sit.

363 3019 543 3086 Haec
588 3020 791 3107 igitur
835 3022 1046 3106 prima
1092 3023 1194 3087 lex
1243 3023 1566 3088 amicitiae
1622 3022 1975 3105 sanciatur,
2032 3026 2105 3086 ut
2162 3023 2241 3087 ab
2269 3002 2350 3126 143}

230 3109 457 3174 amicis
502 3109 778 3175 honesta
822 3115 1146 3194 petamus,
1193 3110 1548 3176 amicorum
1595 3132 1788 3176 causa
1834 3111 2108 3175 honesta
2154 3110 2244 3175 fa-

229 3198 496 3275 ciamus,
531 3219 612 3262 ne
640 3202 1079 3283 exspectemus
1111 3198 1402 3286 quidem,
1415 3199 1566 3263 dum
1594 3220 1923 3285 rogemur-3
1961 3198 2244 3263 studium

230 3306 487 3370 semper
551 3285 746 3370 adsit,
812 3287 1135 3352 cunctatio
1202 3287 1407 3370 absit3
1471 3288 1810 3353 consilium
1875 3308 2028 3352 vero
2096 3287 2245 3351 dare

151 3387 200 3427 ³⁵
229 3374 581 3439 audeamus
647 3337 865 3440 libere.
973 3375 1334 3439 Plurimum
1398 3375 1467 3439 in
1535 3376 1821 3441 amicitia
1893 3376 2244 3440 amicorum

227 3462 393 3527 bene
442 3462 849 3528 suadentium
894 3464 1112 3530 valeat
1158 3463 1508 3528 auctoritas
1523 3514 1541 3547 ,
1589 3486 1788 3548 eaque
1837 3467 1901 3528 et
1948 3464 2245 3528 adhibea-

2282 1097 2352 1146 42

2283 2335 2348 2382 48

225 3555 338 3614 tur
376 3550 456 3615 ad
495 3551 882 3617 monendum
922 3574 1055 3616 non
1092 3552 1282 3616 modo
1324 3555 1564 3636 aperte,
1610 3552 1720 3616 sed
1759 3553 1957 3616 etiam
1996 3552 2249 3635 acriter,
2333 3578 2337 3583 ·

336 3662 445 3705 010.
474 3664 554 3703 lv.
584 3664 619 3702 3.
1863 3661 1924 3708 12
