2630 3913
259 1446 323 1496 3⁷

365 211 491 274 144
837 207 1023 261 CATO
1060 206 1296 261 MAIOR
1332 206 1431 260 DE
1469 204 1893 260 SENEGTUTE

360 375 435 436 ut
479 370 850 435 reficiantur
894 369 1085 451 vires,
1126 390 1260 432 non
1305 368 1774 453 opprimantur.
1855 365 1920 431 Ν
1923 387 1994 431 ec
2038 388 2193 432 vero
2243 389 2381 431 cor-

360 459 506 545 pori
552 460 764 524 solum
810 456 1315 521 subveniendum
1363 460 1481 540 est,
1526 455 1638 520 sed
1683 454 1888 518 menti
1925 458 2120 538 atque
2159 454 2379 520 animo

360 548 569 612 multo
615 546 856 631 magis3
899 567 1053 609 nam
1093 545 1254 609 haec
1291 566 1563 628 quoque,
1608 543 1735 607 nisi
1772 547 2109 627 tamquam
2144 543 2382 607 lumini

361 637 577 701 oleum
630 634 939 716 instilles,
1003 633 1469 718 extinguuntur
1523 635 1868 697 senectute.
1957 632 2047 696 Et
2101 653 2381 716 corpora

362 724 617 808 quidem
640 721 1170 787 exercitationum
1191 720 1653 805 defatigatione
1669 720 2148 805 ingravescunt,
2177 720 2380 784 animi
2436 737 2466 777 ⁶

362 815 582 876 autem
640 810 989 875 exercendo
1053 811 1370 875 levantur.
1458 808 1631 874 Nam
1695 830 1856 892 quos
1919 809 2013 872 ait
2059 806 2378 872 Caecilius

364 899 727 965 comicos
784 899 1076 964 stultos
1134 897 1405 981 senes',
1468 898 1590 961 hos
1662 896 1990 986 significat
2061 896 2379 979 credulos,

364 987 746 1070 obliviosos,
793 987 1171 1069 dissolutos,
1216 1008 1382 1070 quae
1427 985 1589 1049 vitia
1634 983 1787 1049 sunt
1830 1006 1963 1050 non
2008 985 2379 1069 senectutiS,

365 1076 476 1141 sed
512 1075 759 1158 inertis,
795 1076 1086 1159 ignavae,
1128 1074 1599 1139 somniculosae
1637 1074 2004 1138 senectutis.
2069 1071 2162 1137 Ut
2197 1076 2379 1158 petu-

365 1164 589 1248 lantia,
626 1168 701 1229 ut
735 1163 938 1229 libido
976 1163 1185 1249 magis
1226 1166 1327 1226 est
1364 1162 1869 1227 adulescentium
1908 1184 2103 1245 quam
2132 1183 2379 1245 senum,
2410 1181 2463 1219 ιο

361 1275 480 1318 nec
523 1257 746 1317 tamen
792 1251 1079 1317 omnium
1121 1251 1644 1332 adulescentium,
1690 1250 1803 1313 sed
1837 1272 1970 1314 non
2005 1249 2379 1334 proborum,

365 1342 458 1406 sic
492 1341 624 1406 ista
659 1341 881 1405 senilis
929 1340 1231 1423 stultitia,
1279 1361 1442 1423 quae
1489 1338 1785 1403 deliratio
1824 1338 2143 1422 appellari
2190 1338 2379 1421 solet,

365 1452 590 1494 senum
644 1429 889 1493 levium
943 1431 1069 1511 est,
1121 1449 1254 1492 non
1307 1428 1614 1491 omnium.
1704 1425 2027 1502 Quattuor
2070 1426 2377 1491 robustos

363 1520 556 1602 filios,
602 1518 882 1602 quinque
928 1516 1117 1600 filias,
1164 1519 1417 1580 tantam
1454 1515 1735 1599 domum,
1780 1518 2002 1579 tantas
2040 1514 2377 1579 clientelas

363 1606 619 1692 Appius
647 1607 918 1691 regebat
953 1608 1020 1669 et
1056 1626 1279 1669 caecus
1319 1607 1385 1667 et
1422 1624 1641 1685 senex3
1676 1603 1999 1666 intentum
2038 1603 2208 1666 enim
2247 1603 2460 1667 ani-1⁵

354 1717 543 1759 -mum
597 1697 934 1777 tamquam
989 1715 1209 1757 arcum
1262 1691 1551 1756 habebat
1603 1712 1722 1756 nec
1771 1691 2194 1776 languescens
2242 1712 2379 1757 suc-

363 1782 711 1847 cumbebat
756 1782 1099 1883 senectuti3
1152 1780 1418 1844 tenebat
1469 1801 1602 1844 non
1656 1779 1847 1845 modo
1903 1779 2379 1862 auctoritatem,

366 1869 479 1933 sed
524 1870 722 1933 etiam
766 1870 1108 1953 imperium
1160 1869 1230 1934 in
1284 1890 1463 1952 81108,
1517 1868 1895 1932 metuebant
1950 1868 2146 1951 servi,
2203 1889 2379 1931 vere-

364 1960 602 2023 bantur
647 1959 852 2041 liberi,
898 1980 1118 2023 carum
1164 1979 1387 2022 omnes
1432 1956 1791 2041 habebant3
1835 1955 2103 2041 vigebat
2146 1956 2217 2020 in
2259 1956 2379 2020 illa

262 2064 327 2114 38
367 2047 557 2111 domo
613 2046 865 2131 patrius
919 2068 1060 2110 mos
1117 2050 1183 2111 et
1242 2045 1597 2131 disciplina.
1686 2045 1792 2109 Ita
1846 2046 2016 2110 enim
2079 2049 2374 2109 senectus
2404 2060 2456 2101 2⁰

363 2135 640 2201 honesta
685 2138 809 2218 est,
866 2134 921 2198 si
968 2156 1036 2199 se
1081 2135 1225 2220 ipsa
1272 2134 1581 2218 defendit,
1641 2134 1698 2198 si
1742 2134 1842 2197 ius
1891 2155 2077 2197 suum
2122 2131 2379 2216 retinet,

365 2224 422 2288 si
466 2223 711 2287 nemim
756 2223 1164 2308 emancipata
1207 2226 1327 2309 est,
1372 2223 1430 2287 si
1473 2244 1676 2306 usque
1722 2221 1805 2286 ad
1849 2221 2154 2285 ultimum
2193 2221 2378 2306 spiri-

362 2317 505 2376 tum
562 2311 930 2390 dominatur
983 2311 1052 2375 in
1107 2333 1276 2376 suos.
1363 2310 1459 2377 Ut
1511 2311 1684 2376 enim
1743 2310 2247 2393 adulescentem,
2309 2309 2378 2372 in

366 2423 492 2485 quo
540 2407 642 2465 est
686 2401 886 2465 senile
932 2400 1203 2484 aliquid,
1258 2400 1350 2464 sic
1397 2422 1641 2483 senem,
1693 2398 1762 2462 in
1810 2420 1936 2482 quo
1984 2402 2085 2461 est
2131 2397 2378 2480 aliquid

366 2489 812 2571 adulescentiS,
857 2490 1092 2590 prob03
1138 2488 1308 2573 quod
1359 2487 1471 2572 qui
1516 2487 1825 2571 sequitur,
1828 2508 2140 2616 Qcorpore
2184 2508 2376 2550 senex
2403 2501 2457 2542 ²5

365 2599 506 2641 esse
569 2578 837 2662 poterit,
901 2577 1116 2641 animo
1180 2598 1532 2660 numquam
1596 2576 1736 2640 erit.
1828 2572 2154 2661 Septimus
2215 2573 2378 2638 mihi

363 2665 531 2729 liber
595 2664 935 2748 Originum
997 2668 1097 2728 est
1158 2665 1229 2729 in
1291 2664 1590 2728 manibus
1600 2714 1618 2747 ,
1683 2663 1900 2728 omnia
1964 2662 2377 2746 antiquitatis

365 2755 783 2817 monumenta
819 2751 1076 2836 collig0,
1122 2774 1462 2817 causarum
1502 2752 1895 2835 inlustrium,
1943 2772 2377 2835 quascumque

366 2839 636 2923 defendi,
671 2862 840 2905 nunc
869 2862 1013 2905 cum
1042 2842 1321 2905 maxime
1350 2840 1616 2906 conficio
1656 2840 2001 2922 orationes,
2035 2839 2138 2903 ius
2177 2860 2377 2924 augu-

364 2930 552 3013 rium,
597 2929 1018 3014 pontificium,
1064 2929 1251 2993 civile
1288 2932 1518 3012 tracto,
1562 2929 1841 2993 multum
1880 2928 2076 2992 etiam
2115 2925 2377 2992 Graecis
2405 2941 2458 2984 ³0

364 3018 606 3082 litteris
633 3021 783 3083 utor
807 3017 1492 3102 Pythagoreorumque
1520 3039 1699 3081 more
1728 3016 2114 3081 exercendae
2141 3037 2378 3079 memo-

364 3108 499 3172 riae
530 3107 761 3192 gratia,
801 3106 952 3189 quid
991 3128 1244 3189 quoque
1284 3106 1384 3169 die
1422 3105 1709 3189 dixerim,
1748 3105 2077 3188 audierim,
2116 3105 2379 3207 egerim,

365 3216 800 3260 commemoro
838 3194 1108 3279 vesperi.
1181 3193 1361 3259 Haec
1400 3197 1550 3258 sunt
1587 3193 2080 3258 exercitationes
2117 3192 2381 3277 ingenii,

364 3284 524 3347 haec
557 3282 874 3348 curricula
910 3282 1164 3366 mentis,
1201 3282 1271 3346 in
1305 3282 1409 3346 his
1449 3281 1766 3346 desudans
1803 3286 1999 3366 atque
2038 3281 2380 3345 elaborans

366 3392 654 3454 corporis
683 3393 853 3435 Vires
876 3393 1009 3435 non
1031 3392 1268 3456 magno
1290 3392 1481 3455 opere
1512 3369 1819 3435 desidero.
1857 3369 2109 3433 Adsum
2137 3368 2381 3452 amicis,
2408 3384 2463 3426 ³5

365 3459 553 3521 venio
591 3459 660 3521 in
697 3463 991 3523 senatum
1029 3458 1331 3542 frequens
1369 3459 1671 3542 ultroque
1710 3457 1930 3523 adfero
1967 3480 2071 3521 res
2100 3458 2382 3521 multum

369 3547 434 3608 et
472 3545 578 3610 diu
615 3547 936 3631 cogitatas
975 3568 1210 3631 easque
1246 3551 1434 3611 tueor
1476 3547 1692 3631 animi,
1736 3569 1868 3612 non
1904 3545 2193 3631 corporis
2230 3545 2382 3609 viri-

512 3637 535 3673 „
2171 3646 2178 3661 ,
