2630 3913
798 212 1249 268 ORATIONUM.
1287 213 1352 265 A.
1394 212 1470 264 IX
1511 219 1734 266 19-26.
2145 214 2272 277 267

354 377 413 440 ei
456 374 730 440 Catilina
774 375 1123 452 obiceretur,
1182 379 1427 454 eratque
1469 374 1761 438 absoluta.
1852 374 2028 439 Haec
2070 376 2275 439 Fabia

355 465 504 545 quia
564 484 736 528 soror
788 468 920 527 erat
975 463 1291 526 Terentiae
1346 460 1679 543 Ciceronis,
1742 463 1873 526 ideo
1935 465 2024 527 sic
2084 465 2276 528 dixit:

357 551 577 616 ‘etiam
624 552 681 615 si
725 551 917 635 eulpa
961 550 1143 615 nulla
1188 548 1524 614 subesset'.
1596 548 1705 613 Ita
1750 555 1807 614 et
1848 552 1979 615 suis
2011 555 2280 633 pepercit

357 645 414 704 et
450 640 645 705 nihilo
692 640 881 704 levius
926 640 1174 702 inimico
1218 639 1447 702 summi
1492 637 1797 718 obprobrii
1841 640 2279 720 turpitudinem

215 749 244 790 5
359 729 582 793 obiecit.

403 817 506 881 23.
554 839 697 880 eum
745 814 1301 899 deprehendebare
1346 813 1415 877 in
1461 813 1796 878 adulteriis
1807 864 1824 896 ,
1870 836 2015 879 eum
2063 816 2278 900 depre-

271 904 594 969 hendebas
652 903 980 968 adulteros
1034 903 1201 987 ipse,
1255 923 1401 966 eum
1457 922 1534 965 ex
1590 902 1813 965 eodem
1868 906 2095 988 stupro
2157 905 2280 968 tibi

274 996 339 1056 et
383 1014 647 1058 uxorem
695 995 761 1056 et
804 992 1007 1055 filiam
1054 990 1377 1054 invenisti.

491 1081 745 1146 Dicitur
788 1079 1125 1145 Catilinam
1177 1078 1549 1143 adulterium
1601 1080 1968 1144 commisisse
2012 1101 2147 1145 oum
2191 1103 2280 1164 ea,

193 1192 247 1231 ιο
360 1190 515 1251 quae
557 1171 614 1233 ei
646 1173 859 1251 postea
902 1187 1109 1232 socrus
1149 1166 1292 1248 fuit,
1337 1172 1395 1230 et
1435 1186 1519 1238 ex,
1551 1186 1617 1231 eo
1660 1172 1877 1230 natam
1919 1173 2128 1249 stupro
2173 1172 2280 1235 du·

360 1259 519 1321 :cisse
559 1277 825 1334 uxorem,
869 1276 1006 1320 cum
1048 1256 1185 1335 filia
1230 1256 1359 1319 eius
1403 1259 1564 1319 esset.
1628 1252 1768 1319 Hoc
1802 1255 2097 1321 Lucceius
2139 1278 2281 1339 quo-

362 1365 475 1426 que
502 1343 809 1410 Catilinae
833 1345 1012 1408 obicit
1035 1345 1105 1407 in
1140 1343 1536 1419 orationibus,
1573 1363 1727 1423 quas
1761 1344 1833 1406 in
1858 1363 1995 1408 eum
2020 1347 2279 1426 scripsit.

365 1432 639 1497 Nomina
682 1432 908 1496 harum
952 1432 1280 1495 mulierum
1324 1433 1595 1495 nondum
1641 1433 1862 1495 inveni.

409 1522 510 1585 24.
556 1518 722 1595 Quid
768 1541 909 1605 eg0,
954 1523 1027 1583 ut
1070 1518 1416 1584 violaveris
1459 1519 1875 1603 provinciam,
1918 1521 2280 1604 praedicem

195 1627 247 1668 15
276 1613 503 1674 cuncto
542 1610 783 1693 populo
820 1608 1114 1672 Romano
1159 1607 1550 1672 reclamante
1587 1629 1662 1671 ae
1697 1608 2083 1674 resistente?
2128 1632 2281 1675 nam

273 1702 346 1762 ut
393 1702 457 1761 te
503 1697 640 1762 illie
685 1697 962 1782 gesseris
973 1747 989 1779 ,
1036 1717 1166 1760 non
1213 1695 1415 1774 audeo
1465 1695 1697 1778 dicere,
1745 1697 2048 1779 quoniam
2095 1698 2281 1763 abso-

273 1787 449 1850 lutus
503 1808 588 1850 eS.

491 1874 749 1939 Dictum
811 1879 899 1938 est
958 1874 1087 1937 iam
1149 1873 1395 1954 saepius
1458 1870 1796 1936 Catilinam
1857 1893 1933 1937 ex
1982 1880 2281 1956 praetura

362 1964 650 2044 Africam
694 1963 1018 2027 obtinuisse
1061 1967 1118 2025 et
1159 1966 1479 2025 accusante
1521 1981 1657 2024 eum
1700 1964 2172 2043 repetundarum
2209 1965 2282 2027 P.

178 2071 248 2110 >20
365 2051 578 2115 Clodio
623 2051 962 2114 absolutum
1009 2070 1145 2114 esse.

409 2138 511 2202 25.
573 2137 915 2201 Praetereo
980 2137 1297 2200 nefarium
1362 2136 1550 2200 illum
1615 2141 1917 2202 conatum
1976 2142 2160 2202 tuum
2218 2143 2283 2203 et

278 2246 480 2310 paene
526 2226 824 2289 acerbum
872 2228 937 2288 et
991 2226 1354 2288 luctuosum
1401 2225 1495 2288 rei
1540 2225 1835 2308 publicae
1883 2226 2078 2308 diem,
2137 2250 2280 2292 eum

278 2314 393 2379 Cn.
436 2311 671 2377 Pisone
727 2311 927 2394 socio,
979 2334 1059 2375 ne
1115 2333 1303 2395 quem
1361 2313 1560 2376 alium
1613 2314 1965 2396 nominem,
2025 2316 2281 2379 eaedem

278 2401 673 2488 optimatum
722 2400 933 2465 faeere
980 2400 1262 2464 voluisti.

194 2508 248 2548 25
503 2489 665 2568 Quos
706 2494 832 2554 non
873 2490 1166 2565 nominet,
1220 2489 1578 2571 intellegitis.
1670 2490 1829 2554 Fuit
1868 2491 2031 2554 enim
2078 2493 2283 2573 opinio

366 2577 704 2644 Catilinam
739 2582 796 2642 et
832 2575 942 2643 Cn.
970 2577 1273 2659 Pisonm,
1318 2579 1751 2642 adulescentem
1773 2580 2103 2662 perditum,
2148 2600 2282 2644 con-

363 2670 602 2732 iurasse
626 2667 712 2731 ad
742 2667 974 2730 caedem
999 2670 1245 2730 senatus
1266 2666 1616 2745 faciendam
1641 2672 1783 2731 ante
1808 2687 2061 2746 annum,
2096 2688 2282 2750 quam

363 2756 506 2819 haec
541 2756 705 2818 dicta
739 2760 898 2831 sunt,
938 2753 1111 2820 Cotta
1146 2760 1203 2817 et
1232 2755 1537 2836 Torquato
1572 2774 1735 2837 coss,
1769 2776 2016 2837 eamque
2045 2758 2282 2821 eaedem

364 2845 495 2908 ideo
540 2864 664 2907 non
709 2862 831 2908 esse
869 2843 1121 2923 factam,
1166 2844 1327 2923 quod
1359 2844 1557 2925 prius,
1602 2864 1789 2924 quam
1821 2847 2042 2925 parati
2076 2851 2282 2926 essent,

198 2950 250 2990 ³0
365 2933 702 2995 coniuratis
744 2931 992 3013 siqnum
1030 2932 1286 2995 dedisset
1321 2930 1613 2995 Catilina.
1686 2931 1834 2996 Piso
1880 2938 2099 3013 autem,
2145 2953 2284 2996 cum

364 3020 508 3084 haec
541 3021 896 3099 dioerentur‚
925 3021 1199 3099 perierat
1232 3020 1301 3083 in
1330 3019 1714 3100 Hispaniam
1743 3021 1968 3084 missus
1994 3041 2035 3083 a
2069 3026 2285 3085 senatu

356 3129 470 3191 per
512 3107 798 3172 honorem
846 3108 1186 3189 legationis,
1230 3113 1302 3170 ut
1345 3127 1387 3169 a
1429 3108 1561 3171 suis
1605 3107 2012 3189 ableqaretur;
2067 3109 2284 3191 ibique,

364 3197 512 3260 dum
575 3196 847 3260 iniurias
897 3196 1385 3277 provincialibus
1412 3196 1627 3278 facit,
1693 3196 1922 3260 occisus
1983 3202 2143 3279 erat,
2216 3202 2288 3261 ut

364 3285 617 3365 quidam
670 3284 1009 3367 eredebant,
1061 3304 1103 3347 a
1156 3283 1266 3348 Cn.
1322 3283 1576 3363 Pompei
1628 3283 1941 3348 clientibus
1996 3284 2284 3366 Pompeio

197 3389 247 3429 ⁸5
364 3393 490 3436 non
533 3373 740 3437 invito.

409 3461 510 3525 26.
558 3460 666 3524 An
709 3460 951 3524 oblitus
999 3481 1066 3524 es
1112 3464 1177 3524 te
1225 3482 1299 3524 ex
1350 3481 1467 3540 me,
1514 3482 1658 3524 eum
1694 3462 2066 3543 praeturam
2113 3464 2286 3544 pete·

276 3569 490 3611 remus
505 3598 521 3630 ,
585 3548 855 3631 petisse,
920 3551 993 3612 ut
1046 3548 1170 3612 tibi
1229 3548 1510 3631 primum
1566 3548 1775 3611 locun:
1834 3549 2286 3612 concederem?
