2630 3913
958 174 1109 229 CAP.
1151 181 1235 239 19,
1272 180 1358 229 20.
1433 181 1463 240 s
1500 181 1725 230 69-75.
2228 175 2346 239 157

341 356 720 420 responsum
786 339 912 414 est,
984 358 1129 401 cum
1191 334 1294 400 illi
1359 336 1718 420 quaerenti,
1783 358 1910 420 qua
1963 336 2226 401 tandem
2281 359 2350 401 re

338 423 544 489 fretus
592 424 717 489 sibi
762 429 900 487 tam
947 424 1275 489 audaciter
1322 424 1695 506 obsisteret,
1746 424 2176 508 respondisse
2202 425 2350 490 dici-

337 518 471 577 tur.
521 509 1002 577 ‘Senectute'
1066 510 1192 576 Sed
1237 512 1494 576 vivendi
1541 515 1641 575 est
1678 512 1825 575 finis
1863 513 2167 597 optimus,
2205 535 2350 577 cum
2403 519 2406 522 ’

335 602 596 687 integra
623 603 839 664 mente
866 588 1185 684 certisque
1215 600 1511 665 sensibus
1540 622 1700 684 opus
1730 602 1873 684 ipsa
1901 622 2089 666 suum
2108 601 2350 685 eadem,

284 687 1772 860 5ἓξὲξἑῗιῖῗῗέἓὲνὲὲὲ(Ξῖῑὶἒέοῑῗῧζὶἶέἶᾟ
1815 686 2352 861 {22:333312533

338 865 668 929 1161111116111
722 864 946 928 eadem
1001 864 1272 949 optime,
1339 886 1500 948 quae
1556 864 2058 948 conglutinavit,
2115 869 2350 930 natura

338 952 657 1018 dissolvit.
743 951 884 1017 Iam
931 953 1141 1017 omnis
1189 953 1662 1038 conglutinatio
1709 974 1930 1018 recens
1979 975 2199 1040 aegre,
2258 954 2349 1018 in-

336 1044 632 1106 veterata
666 1040 856 1106 facile
903 1039 1250 1105 divellitur.
1322 1041 1428 1105 Ita
1471 1041 1573 1123 fit,
1618 1043 1693 1104 ut
1737 1040 1901 1105 illud
1945 1041 2139 1107 breve
2176 1042 2349 1108 vitae

262 1149 310 1189 ιο
337 1130 657 1213 reliquum
703 1150 820 1194 1166
857 1128 1041 1193 avide
1079 1129 1510 1213 adpetendum
1548 1129 1807 1193 senibus
1844 1150 1961 1194 nec
1990 1130 2127 1194 sine
2155 1152 2349 1196 causa

339 1217 758 1283 deserendum
823 1216 937 1301 sit3
1008 1220 1313 1301 vetatque
1371 1217 1780 1302 Pythagoras
1842 1217 2090 1282 iniussu
2153 1218 2349 1303 impe·
2389 1227 2453 1276 73

340 1306 603 1389 ratoris,
660 1306 728 1369 id
774 1309 875 1373 est
919 1305 1046 1389 dei,
1093 1304 1169 1369 de
1215 1306 1539 1390 praesidio
1588 1310 1653 1369 et
1698 1305 1979 1370 statione
2025 1306 2197 1370 vitae
2250 1305 2349 1370 de-

342 1393 579 1460 cedere.
651 1391 909 1459 Solonis
956 1393 1213 1477 quidem
1261 1393 1573 1478 sapientis
1620 1397 1719 1458 est
1765 1393 2067 1479 elogium,
2115 1415 2242 1478 quo
2280 1415 2349 1459 se

341 1485 538 1568 negat
582 1482 749 1546 velle
797 1503 979 1546 suam
1027 1484 1305 1546 mortem
1353 1481 1574 1547 dolore
1615 1482 1968 1547 amicorum
2007 1486 2073 1545 et
2108 1482 2350 1547 lamen-

263 1589 312 1629 15
339 1571 426 1635 tis
462 1592 707 1635 vacare.
770 1569 948 1652 Volt,
994 1569 1201 1653 credo,
1246 1591 1315 1634 se
1362 1591 1502 1635 esse
1549 1592 1769 1635 carum
1814 1570 1975 1653 suis;
2023 1568 2132 1634 sed
2178 1570 2349 1634 haud

342 1659 473 1725 scio
521 1680 604 1723 an
649 1658 881 1723 melius
926 1656 1203 1722 Ennius:

425 1745 666 1811 Nemo
732 1767 844 1810 me
906 1746 1272 1810 lacrumis
1339 1745 1647 1811 decoret
1708 1767 1950 1829 neque
2012 1746 2285 1811 funera

1829 1834 2030 1899 fletu

603 1922 848 1988 Faxit.

340 2011 492 2077 Non
536 2015 754 2076 censet
790 2011 1136 2098 lugendam
1165 2032 1305 2075 esse
1335 2016 1630 2094 mortem,
1677 2033 1873 2095 quam
1907 2013 2348 2078 inm0rtalitas

262 2120 315 2159 zo
342 2104 788 2182 consequatur.
849 2099 990 2164 Iam
1036 2121 1262 2164 sensus
1308 2099 1625 2164 moriendi
1671 2100 1906 2184 aliquis
1944 2122 2084 2166 esse
2111 2104 2350 2186 potest,
2388 2109 2450 2156 74

342 2188 525 2271 isque
571 2187 653 2250 ad
698 2187 997 2272 exiguum
1044 2191 1319 2272 tempus,
1365 2187 1749 2270 praesertim
1795 2187 1950 2270 seni,
1994 2193 2147 2272 post
2183 2211 2346 2254 mor—

343 2280 476 2339 tem
522 2274 778 2357 quidem
825 2296 1047 2340 sensus
1095 2278 1210 2339 aut
1256 2273 1577 2358 optandus
1625 2277 1738 2338 aut
1787 2274 2005 2339 nullus
2044 2280 2160 2340 est.
2224 2275 2349 2340 Sed

341 2363 464 2428 hoc
510 2362 890 2427 meditatum
945 2364 1029 2428 ab
1095 2362 1532 2429 adulescentia
1586 2361 1778 2426 debet
1835 2382 2006 2446 esse,
2068 2368 2347 2429 mortem

341 2455 413 2516 ut
448 2451 892 2537 neglegamus,
937 2453 1074 2515 sine
1112 2473 1241 2536 qua
1276 2449 1694 2514 meditatione
1731 2448 2087 2534 tranquillo
2130 2452 2347 2516 animo

153 2539 161 2549 “
258 2558 310 2598 2⁶
338 2561 479 2605 6666
525 2560 714 2604 1161116
751 2543 987 2624 potest.
1076 2538 1480 2604 Moriendum
1530 2538 1698 2602 enim
1745 2542 1917 2603 certe
1964 2541 2089 2622 est,
2146 2543 2212 2603 et
2255 2539 2348 2603 in-

336 2631 585 2693 certum
632 2649 717 2692 an
755 2628 880 2693 hoc
915 2628 1060 2712 ipso
1099 2627 1216 2692 die.
1279 2625 1558 2693 Mortem
1594 2626 1797 2712 igitur
1833 2626 2133 2692 omnibus
2167 2627 2347 2692 horis

337 2715 790 2800 inpendentem
823 2716 1057 2780 timens
1097 2716 1208 2800 qui
1241 2715 1487 2800 poterit
1513 2714 1729 2780 animo
1766 2715 2160 2781 consistere?
2222 2715 2321 2781 De
2341 2717 2452 2782 (⁷5)

338 2826 468 2888 qua
511 2825 643 2869 non
678 2804 774 2868 ita
810 2805 1009 2889 longa
1045 2803 1483 2888 disputatione
1519 2825 1681 2888 opus
1716 2825 1856 2868 esse
1893 2804 2165 2889 videtur,
2202 2826 2347 2870 cum

339 2891 637 2957 recorder
680 2913 812 2956 non
855 2891 926 2957 L.
972 2890 1276 2975 Brutum,
1337 2892 1448 2976 qui
1491 2892 1559 2956 in
1605 2891 1939 2957 liberanda
1983 2893 2200 2976 patria
2245 2897 2348 2957 est

260 2996 313 3038 ⁸⁰
340 2978 747 3064 interfectus,
792 3001 925 3046 non
970 2980 1130 3045 duos
1156 2979 1410 3065 Decios,
1457 2980 1567 3064 qui
1595 2980 1675 3044 ad
1711 2980 2146 3045 voluntariam
2181 3001 2348 3044 mor·
2386 2988 2452 3037 75

339 3072 474 3133 tem
539 3088 796 3132 cursum
851 3089 1161 3152 equorum
1214 3068 1675 3152 incitaverunt,
1737 3088 1868 3132 non
1921 3067 2007 3131 M.
2052 3066 2347 3152 Atilium,

339 3156 451 3239 qui
497 3155 580 3220 ad
625 3156 1014 3241 supplicium
1051 3161 1153 3221 est
1187 3155 1533 3242 profectus,
1570 3159 1643 3220 ut
1679 3155 1871 3219 fidem
1908 3155 2083 3219 hosti
2127 3156 2345 3220 datam

338 3249 776 3328 conservaret,
830 3266 961 3309 non
1009 3244 1167 3310 duos
1214 3242 1574 3329 Scipiones,
1629 3245 1739 3328 qui
1792 3243 1918 3308 iter
1961 3242 2196 3309 Poenis
2243 3246 2343 3309 vel

338 3331 716 3416 corporibus
747 3331 881 3397 suis
910 3333 1245 3398 obstruere
1273 3333 1636 3414 voluerunt,
1678 3353 1812 3396 non
1841 3353 2034 3396 avum
2061 3337 2247 3396 tuum
2274 3332 2327 3398 L

259 3435 310 3477 εδ
337 3419 640 3504 Paulum,
705 3421 815 3504 qui
879 3425 1088 3486 morte
1142 3421 1267 3486 luit
1322 3421 1611 3506 collegae
1665 3419 1736 3484 in
1788 3417 2112 3485 Cannensi
2167 3422 2343 3507 igno·

338 3507 539 3573 minia
573 3509 1028 3584 temeritatem,
1072 3531 1204 3575 non
1239 3507 1325 3574 M.
1361 3508 1758 3591 Marcellum,
1794 3507 1973 3573 cuius
2008 3509 2346 3575 interitum
