2630 3913
834 212 1255 269 POEMATUM.
1292 214 1360 268 H.
1400 215 1478 268 lx
1516 215 1671 268 2-x
1705 221 1756 269 s.
2172 217 2298 282 397

284 377 522 442 stotelia
556 377 875 457 piymenta
909 376 1310 458 consumpsit;
1357 397 1532 458 quem
1577 382 1645 440 tu
1678 376 1991 461 Corcyrae,
2033 384 2107 444 ut
2147 381 2304 446 mihi

286 466 433 530 aliis
479 465 695 530 litteris
739 466 1078 546 siqnifi'cas,
1129 466 1390 529 strictim
1434 465 1720 546 attiyisti,
1763 472 1910 548 post
1950 473 2178 552 autem,
2231 475 2303 534 ut

286 553 582 633 arbitror,
635 573 678 616 a
723 551 1000 618 Cossinio
1054 554 1365 634 accepisti‚·
1423 574 1601 635 quem
1645 554 1757 618 tibi
1798 575 1917 638 eqo
1947 577 2072 621 non
2115 577 2300 622 essem

287 662 477 706 ausus
521 642 781 718 mittere,
834 642 960 705 nisi
1012 662 1150 705 eum
1195 642 1347 706 lente
1390 662 1464 706 ac
1514 642 1830 722 fastidiose
1861 645 2298 730 probavissen

234 749 261 789 5
287 750 662 812 quamquam
722 730 809 794 ad
867 750 961 793 me
1020 731 1266 811 scripsit
1325 731 1455 794 iam
1513 730 1728 795 Rhodo
1789 731 2160 799 Posidonius
2219 754 2298 813 se,

286 824 564 883 nostrum
607 818 771 882 illud
811 811 1171 901 ὑπόμνημα
1216 838 1353 882 cum
1399 819 1622 901 leyeret,
1669 821 1833 900 quod
1871 842 1974 904 eyo
2018 823 2106 887 ad
2143 843 2298 901 eum,

287 911 359 971 ut
400 906 680 971 ornatius
724 907 797 970 de
838 905 1028 971 isdem
1063 906 1239 970 rebus
1272 907 1570 989 scriberet,
1613 909 1922 992 miseram,
1963 931 2089 976 non
2123 913 2299 977 modo

286 1014 412 1060 non
455 996 784 1059 excitatum
828 1014 951 1059 esse
993 995 1079 1058 ad
1118 995 1526 1072 scribendum,
1569 997 1675 1060 sed
1715 998 1899 1062 etiam
1930 1000 2125 1080 plane
2162 1021 2298 1082 per-

290 1083 587 1147 territum.
625 1117 705 1128 —
744 1117 819 1128 -
866 1083 979 1160 Tu,
1023 1083 1081 1147 si
1124 1083 1235 1147 tibi
1267 1084 1577 1164 placuerit
1619 1083 1785 1162 liber,
1829 1088 2088 1166 curabis,
2133 1093 2205 1153 ut
2245 1093 2302 1153 et

213 1190 263 1229 10
287 1170 554 1236 Athenis
596 1172 680 1235 sit
720 1175 780 1235 et
820 1171 889 1234 in
933 1171 1139 1235 ceteris
1183 1172 1423 1252 oppidis
1469 1170 1765 1236 Graeciae
1772 1193 1794 1249 ;
1848 1175 2085 1239 videtur
2135 1178 2300 1241 enim

279 1279 463 1342 posse
506 1259 750 1340 aliquid
789 1260 1016 1324 nostris
1058 1259 1235 1323 rebus
1280 1260 1432 1325 lucis
1473 1261 1730 1339 adferre.

427 1366 489 1429 4.
527 1364 648 1431 Cic.
682 1365 836 1445 fam.
871 1364 922 1428 I
950 1372 1008 1430 9.
1044 1368 1132 1430 23
1166 1364 1404 1466 Scripsi
1436 1367 1619 1430 etiam
1655 1368 1923 1433 versibus
1958 1371 2074 1435 tris
2118 1371 2300 1438 libros

288 1455 362 1519 de
414 1453 780 1536 temporibus
832 1455 1009 1533 meis,
1070 1473 1219 1534 quos
1271 1455 1402 1517 iam
1443 1455 1690 1535 pridem
1743 1457 1830 1520 ad
1879 1460 1934 1521 te
1983 1459 2300 1543 misissem,

288 1544 346 1608 si
390 1562 514 1607 esse
557 1542 811 1606 edendos
842 1547 1162 1624 putassem
1198 1545 1372 1618 (sunt
1411 1543 1575 1606 enim
1621 1547 1790 1608 testes
1831 1550 1889 1608 et
1929 1552 2111 1611 erunt
2149 1568 2300 1613 sem-

211 1649 261 1689 15
277 1631 516 1731 piterni
550 1631 906 1695 meritorum
942 1650 1085 1712 erya
1123 1650 1218 1694 me
1262 1635 1508 1695 tuorum
1550 1651 1828 1712 meaeque
1861 1635 2154 1717 pietatis),
2199 1639 2304 1702 sed

286 1719 441 1801 quia
475 1719 719 1783 verebar
753 1739 878 1783 non
913 1738 1025 1799 eos,
1068 1719 1179 1799 qui
1220 1739 1282 1783 se
1328 1719 1518 1784 laesos
1560 1719 2012 1786 arbitrarentur
2053 1723 2300 1805 (etenim

286 1809 359 1872 id
387 1807 506 1887 feci
535 1826 718 1888 parce
752 1811 813 1871 et
844 1807 1154 1890 molliter),
1188 1807 1296 1871 sed
1327 1827 1440 1890 eos,
1475 1827 1624 1888 quos
1658 1814 1792 1873 erat
1814 1810 2134 1891 infinitum
2161 1813 2301 1877 bene

288 1897 361 1963 de
378 1915 474 1961 me
489 1896 735 1961 meritos
754 1896 954 1961 omnis
971 1896 1293 1960 nominare
1312 1945 1327 1960 .
1350 1945 1364 1960 .
1386 1945 1399 1959 .
1410 1916 1432 1973 ;
1460 1917 1609 1979 quos
1628 1901 1828 1963 tamen
1848 1899 2009 1981 ipsos
2028 1901 2228 1985 libros,
2245 1903 2302 1968 si

288 2005 486 2067 quem,
504 1986 605 2050 cui
617 1989 768 2049 recte
780 1986 1170 2067 committam,
1189 1986 1488 2067 invenero,
1506 1986 1726 2051 curabo
1738 1988 1825 2051 ad
1836 1992 1890 2051 te
1894 1990 2301 2070 perferendos.

208 2110 263 2149 20
426 2089 486 2154 5.
533 2088 654 2155 Cic.
695 2089 764 2169 Q.
806 2090 887 2169 fr.
925 2089 1015 2153 II
1043 2094 1141 2154 13.
1177 2094 1225 2153 2
1264 2090 1361 2154 Tu
1405 2091 1618 2155 scribis
1649 2098 1872 2173 poe‘ma
1914 2094 1992 2159 ab
2027 2116 2092 2159 eo
2125 2096 2300 2178 (Cae-

284 2178 456 2261 sare)
499 2183 775 2243 nostrum
808 2178 1083 2260 probari.

424 2266 483 2331 6.
530 2265 652 2331 Oic.
701 2265 771 2345 Q.
811 2267 893 2345 fr.
940 2266 1030 2329 ΙΙ
1056 2268 1152 2330 15.
1198 2268 1238 2329 5
1281 2264 1407 2330 Sed
1445 2265 1591 2330 heus
1635 2268 1740 2331 tu!
1780 2269 1970 2333 celari
2010 2271 2216 2336 videor
2259 2293 2301 2336 a

289 2359 361 2419 te.
428 2353 903 2455 Quomodonam,
947 2355 1037 2417 mi
1077 2354 1291 2436 frater,
1336 2355 1409 2418 de
1449 2355 1676 2420 nostris
1718 2357 1986 2422 versibus
2025 2357 2299 2424 Caesar?

288 2463 441 2506 nam
459 2444 739 2524 primum
768 2443 991 2507 librum
1018 2462 1080 2506 se
1107 2442 1312 2523 leyisse
1337 2442 1584 2523 scripsit
1606 2444 1693 2507 ad
1713 2465 1808 2508 me
1833 2450 1989 2523 ante,
2016 2451 2074 2509 et
2084 2449 2302 2528 prima

205 2552 259 2591 25
288 2532 396 2613 sic,
429 2536 501 2595 ut
532 2535 703 2613 neyet
736 2551 799 2595 se
832 2551 909 2595 ne
945 2529 1185 2595 Graeca
1218 2531 1463 2611 quidem
1498 2531 1753 2596 meliora
1789 2533 2027 2615 leyisse,·
2063 2535 2302 2617 reliqua

287 2619 377 2683 ad
416 2621 718 2700 quendam
763 2620 957 2683 locum
1002 2614 1458 2704 ραθυμότερα;
1514 2616 1623 2684 hoc
1666 2622 1828 2685 enim
1871 2623 2069 2687 utitur
2112 2626 2301 2689 verbo.

286 2706 417 2772 Dic
458 2707 615 2771 mihi
656 2728 899 2783 verum,·
955 2728 1107 2771 num
1162 2711 1274 2770 aut
1324 2727 1422 2772 res
1465 2728 1604 2772 eum
1646 2714 1759 2773 aut
1799 2707 2132 2797 χαρακτὴρ
2177 2734 2304 2778 non

286 2796 583 2860 delectat?
647 2796 829 2860 Nihil
863 2800 965 2873 est,
1011 2796 1172 2877 quod
1212 2815 1484 2874 vereare,·
1529 2817 1633 2878 eqo
1675 2799 1840 2863 enim
1883 2819 1960 2863 ne
1991 2801 2128 2883 pilo
2172 2803 2304 2883 qui·
2349 2799 2356 2805 ’

286 2885 424 2948 dem
467 2884 677 2949 minus
721 2905 817 2948 me
858 2884 1094 2948 amabo.

203 3009 260 3049 so
427 2990 486 3053 7.
521 2988 720 3054 Schol.
754 2990 910 3056 Bob.
956 2990 1026 3053 in
1072 2994 1223 3053 orat.
1256 3010 1379 3071 pro
1414 2989 1631 3055 Plano.
1671 2996 1771 3056 30.
1811 2997 1895 3057 74
1933 3014 1998 3075 p.
2037 2997 2187 3059 267.
2223 3000 2304 3060 19

286 3077 389 3142 De
442 3078 763 3142 consulatu
816 3098 927 3143 suo
980 3077 1249 3162 (Cicero)
1302 3079 1548 3160 scripsit
1586 3081 1820 3161 poe'tico
1872 3086 2088 3164 metr0,
2150 3103 2306 3165 quae

286 3165 447 3230 mihi
490 3167 772 3230 videntur
818 3187 1000 3248 opera
1044 3167 1252 3231 minus
1295 3168 1486 3248 diona
1531 3168 1676 3233 talis
1718 3170 1842 3233 viri
1884 3170 2145 3235 nomine.

425 3263 484 3328 8.
528 3263 701 3328 Plut.
738 3262 941 3329 Crass.
978 3269 1059 3327 13
1093 3257 1205 3326 Ἐν
1249 3264 1340 3351 τῷ
1387 3261 1563 3350 περὶ
1609 3258 1980 3343 ὑπατείας
2026 3260 2062 3330 ὁ
2110 3265 2305 3331 Κικέ-

287 3382 431 3443 ρων
478 3356 738 3444 νύκτωρ
778 3357 942 3443 φησὶ
977 3356 1098 3425 τὸν
1136 3358 1458 3446 Κράσσον
1496 3358 1858 3447 ἀφικέσθαι
1894 3358 2061 3449 πρὸς
2097 3358 2305 3430 αὑτὸν

203 3480 257 3520 35
288 3451 648 3539 ἐπιστολὴν
692 3460 1042 3541 κομίζοντα
1096 3452 1177 3520 τὰ
1221 3454 1371 3542 περὶ
1416 3460 1537 3523 τοῦ
1583 3462 1911 3524 Κατιλίνα
1958 3458 2305 3545 ἐξηγουμέ-

285 3576 420 3636 νην
466 3546 557 3629 ὦς
601 3548 731 3636 ἤδη
778 3555 1180 3636 βεβαιοῦντα
1224 3550 1349 3638 τὴν
1397 3558 1840 3640 συνωμοσίαν.
