2630 3913
898 226 1049 282 CAP.
1091 234 1175 294 2ι,
1213 234 1296 281 22.
1364 233 1395 291 ς
1433 227 2281 290 77-85.189

273 390 488 476 diligit
535 393 601 453 et
648 388 927 453 alterum
965 388 1267 472 anquirit,
1305 389 1485 453 cuius
1524 388 1811 453 animum
1846 389 1943 454 ita
1980 412 2125 455 cum
2164 411 2280 454 suo

274 479 556 560 misceat,
602 481 677 541 ut
723 475 963 541 efficiat
1008 498 1210 561 paene
1256 499 1456 541 unum
1503 498 1580 540 ex
1627 476 1892 542 duobus.

272 657 470 720 talem
518 654 797 719 amicum
842 653 1099 737 volunt,
1163 654 1387 740 quales
1410 652 1569 754 ipsi
1615 673 1754 718 esse
1803 675 1936 719 non
1987 658 2279 738 possunt,

225 762 246 801 5
274 765 560 827 quaeque
606 742 733 826 ipsi
778 763 909 807 non
954 741 1251 806 tribuunt
1298 741 1541 824 amicis,
1586 741 1745 807 haec
1791 742 1877 806 ab
1922 742 2003 806 iis
2043 742 2279 807 deside-

274 836 438 896 rant.
501 830 629 895 Par
657 834 757 895 est
786 834 1004 895 autem
1030 830 1312 915 primum
1342 831 1558 914 ipsum
1598 852 1738 902 esse
1775 831 1984 894 virum
2020 831 2280 913 bonum,

273 928 412 985 tum
446 920 724 984 alterum
754 919 1034 983 similem
1062 920 1162 984 sui
1191 940 1515 1002 quaerere.
1578 918 1657 983 In
1683 919 1926 984 talibus
1956 941 2049 1003 ea,
2087 941 2280 1002 quam

271 1010 402 1073 iam
448 1007 687 1072 dudum
723 1011 1108 1091 tractamuS,
1165 1007 1496 1072 stabilitas
1544 1007 1866 1072 amicitiae
1913 1008 2279 1073 confirmari

274 1100 517 1182 potest,
582 1118 726 1161 cum
790 1094 1084 1161 homines
1140 1095 1577 1160 benivolentia
1623 1096 1945 1161 coniuncti
1998 1096 2279 1180 primum

204 1203 248 1242 ..
273 1183 2282 1358 {usuamsesuzegzrgfflfflzzzazffi

277 1383 392 1445 pro
432 1362 636 1426 altero
676 1361 1000 1445 suscipiet,
1043 1381 1250 1444 neque
1289 1360 1632 1443 quicquam
1657 1322 1966 1444 iimquam
2001 1360 2129 1424 nisi
2163 1360 2280 1425 ho-

275 1453 531 1514 nestum
586 1453 653 1513 et
705 1452 954 1514 rectum
1013 1449 1178 1513 alter
1233 1449 1314 1512 ab
1372 1449 1579 1514 altero
1625 1449 2012 1533 postulabit,
2073 1470 2279 1532 neque

278 1539 488 1602 solum
516 1538 732 1603 colent
760 1538 929 1602 inter
967 1559 1034 1601 se
1072 1559 1146 1602 ac
1184 1536 1476 1622 diligent,
1513 1537 1623 1601 sed
1653 1538 1848 1602 etiam
1873 1538 2277 1601 verebuntur.

198 1642 246 1681 1⁵
274 1625 447 1691 Nam
491 1648 863 1691 maxumum
910 1628 1365 1690 ornamentum
1411 1625 1733 1690 amicitiae
1778 1626 1982 1709 tollit,
2037 1626 2147 1709 qui
2203 1647 2278 1690 ex

273 1737 349 1780 ea
401 1715 579 1779 tollit
633 1714 1098 1779 verecundiam.
1187 1713 1418 1797 Itaque
1470 1714 1540 1777 in
1591 1714 1672 1778 iis
1726 1714 2121 1799 perniciosus
2180 1719 2279 1778 est

272 1825 479 1888 error,
535 1803 645 1886 qui
700 1803 1095 1867 existumant
1139 1802 1500 1867 lubidinum
1551 1806 2087 1887 peccatorumque
2149 1825 2277 1868 om·

271 1892 449 1956 nium
495 1896 718 1978 patere
764 1891 832 1954 in
879 1891 1167 1956 amicitia
1212 1891 1568 1974 licentiam3
1622 1892 1939 1956 virtutum
1995 1890 2279 1959 amicitia

273 1981 554 2046 adiutrix
600 2003 639 2046 a
682 1984 917 2045 natura
963 1980 1116 2045 data
1163 1983 1287 2064 est,
1345 2001 1477 2045 non
1531 1980 1837 2045 vitiorum
1893 2002 2134 2065 comes,
2188 1986 2279 2063 ut,

192 2085 244 2123 ²⁰
275 2070 582 2152 quoniam
618 2068 914 2133 solitaria
938 2088 1069 2132 non
1096 2073 1321 2152 posset
1346 2069 1555 2134 virtus
1585 2068 1666 2133 ad
1695 2091 1787 2151 ea,
1826 2091 1989 2152 quae
2027 2090 2279 2134 summa

275 2161 452 2239 sunt,
506 2156 867 2240 pervenire,
930 2156 1270 2222 coniuncta
1326 2161 1391 2221 et
1446 2158 1813 2222 consociata
1867 2180 2011 2223 cum
2072 2158 2278 2222 altera

274 2244 655 2330 perveniret.
745 2243 919 2318 Quae
966 2246 1022 2310 si
1069 2266 1229 2328 quos
1283 2245 1455 2308 inter
1515 2244 1787 2309 societas
1844 2249 1958 2310 aut
2012 2249 2112 2309 est
2167 2250 2279 2311 aut

272 2332 401 2397 fuit
448 2336 560 2397 aut
604 2331 826 2396 futura
871 2338 988 2416 est,
1034 2354 1255 2398 eorum
1302 2337 1402 2396 est
1445 2332 1779 2397 habendus
1826 2332 1907 2397 ad
1957 2354 2277 2397 summum

271 2424 544 2486 naturae
614 2421 855 2486 bonum
927 2425 1232 2505 optumus
1303 2421 1842 2504 beatissimusque
1914 2422 2276 2486 comitatus.

191 2524 243 2565 8⁵
272 2509 455 2574 Haec
500 2513 615 2593 est,
661 2508 945 2594 inquam,
983 2510 1277 2593 societas,
1313 2511 1383 2574 in
1420 2532 1548 2594 qua
1585 2510 1801 2574 omnia
1836 2509 2076 2593 insunt,
2114 2532 2276 2592 quae

272 2601 509 2683 putant
552 2596 846 2662 homines
893 2598 1267 2683 expetenda,
1310 2597 1635 2682 honestas,
1682 2597 1921 2683 gloria,
1965 2598 2276 2682 tranquil-

272 2686 428 2750 litas
474 2686 674 2752 animi
720 2689 913 2771 atque
958 2687 1348 2771 iucunditas,
1393 2690 1468 2751 ut
1513 2690 1604 2771 et,
1650 2709 1795 2752 cum
1840 2687 1999 2752 haec
2045 2687 2278 2770 adsint,

271 2776 468 2840 beata
511 2775 648 2840 vita
693 2775 780 2839 sit
826 2779 892 2839 et
938 2774 1075 2839 sine
1119 2775 1223 2839 his
1269 2797 1410 2841 esse
1453 2797 1586 2840 non
1621 2776 1849 2860 possit.
1915 2774 2099 2850 Quod
2133 2798 2277 2841 cum

274 2868 613 2948 optumum
677 2885 1173 2947 maxumumque
1237 2864 1351 2947 sit,
1411 2864 1467 2928 si
1519 2864 1585 2928 id
1639 2865 1936 2929 volumus
1993 2864 2277 2949 adipisci,

189 2968 243 3008 ω
273 2951 503 3016 virtuti
547 2973 743 3035 opera
780 2951 989 3016 danda
1026 2957 1144 3035 est,
1189 2952 1326 3016 sine
1372 2974 1499 3053 qua
1533 2974 1651 3018 nec
1688 2952 2038 3017 amicitiam
2073 2974 2277 3035 neque

272 3039 478 3104 ullam
531 3061 669 3104 rem
723 3040 1144 3124 expetendam
1199 3041 1504 3124 consequi
1557 3062 1927 3125 possumus;
1991 3063 2066 3105 ea
2123 3062 2275 3104 vero

269 3129 571 3213 neglecta
635 3127 745 3211 qui
801 3149 869 3192 se
925 3128 1165 3193 amicos
1227 3129 1467 3193 habere
1524 3129 1949 3212 arbitrantur,
2012 3132 2153 3193 tum
2208 3150 2276 3192 se

273 3216 545 3300 denique
593 3237 839 3280 errasse
878 3216 1183 3300 sentiunt,
1230 3239 1375 3282 cum
1414 3238 1522 3281 eos
1562 3217 1779 3302 gravis
1818 3216 2052 3300 aliquis
2091 3237 2275 3282 casus

273 3303 550 3388 experiri
595 3305 787 3390 cogit.
853 3268 1183 3379 Quocirca
1208 3303 1573 3389 (dicendum
1620 3310 1719 3370 est
1765 3304 1935 3370 enim
1978 3304 2276 3390 saepius),

189 3407 240 3447 ⁸⁵
272 3414 420 3457 cum
475 3391 803 3476 iudicaris,
869 3393 1136 3480 diligere
1192 3397 1478 3478 oportet,
1532 3415 1688 3473 non,
1751 3416 1897 3458 cum
1962 3394 2277 3478 dilexeris,

270 3480 570 3546 iudicare.
635 3478 760 3545 Sed
806 3503 950 3546 cum
989 3482 1210 3547 multis
1255 3481 1324 3545 in
1360 3483 1551 3547 rebus
1596 3482 2011 3567 neglegentia
2056 3483 2276 3566 plecti·

273 3591 436 3651 mur,
483 3574 622 3633 tum
669 3571 942 3634 maxime
990 3571 1058 3633 in
1104 3571 1326 3635 amicis
1375 3574 1439 3634 et
1487 3569 1827 3654 diligendis
1867 3575 1931 3634 et
1969 3570 2276 3652 colendis;

403 564 528 630 Sed
571 565 864 649 plerique
899 586 1219 649 perverse,
1253 586 1335 629 ne
1369 564 1577 630 dicam
1603 565 2005 650 inpudenter,
2041 565 2279 630 habere
2301 528 2380 656 ἓξ

2316 1723 2380 1772 83

2316 2522 2378 2568 84

2314 3317 2378 3366 85
