2630 3913
676 214 1096 269 POEMATUM.
1134 215 1201 269 H.
1239 215 1320 269 IV
1354 215 1392 269 b
1430 234 1480 272 v.
1523 222 1812 270 137-205.
2125 215 2251 280 387

244 378 320 445 Si
362 379 548 461 niqra
590 379 675 443 sit
717 376 977 455 Phatne,
1016 379 1279 459 yeminis
1323 378 1486 442 color
1527 397 1690 442 unus
1732 378 1804 442 in
1847 379 2034 442 astris

244 467 321 533 Si
362 468 582 549 niteat,
616 466 855 548 pluviis
897 467 1220 531 declivibus
1265 487 1420 530 arva
1464 466 1805 531 madebunt.

246 555 322 621 Si
362 553 606 620 Boreae
636 555 897 636 propior
942 555 1257 636 lanquenti
1300 559 1533 635 torpeat
1574 555 1712 637 ique

246 644 425 709 Nube
470 644 667 707 latens
710 662 885 707 caeca
892 692 909 725 ,
954 643 1149 707 niteat
1192 643 1449 707 vicinior
1492 642 1752 719 Austro,

246 732 382 795 Par
415 732 696 796 metuisse
731 730 964 795 Notum
999 736 1116 796 est:
1160 736 1374 795 eontra
1407 730 1505 794 hio
1538 732 1597 795 si
1630 735 1914 809 marceat,
1957 731 2062 795 ille
2153 745 2252 794 175

245 820 536 902 Fulyeat,
582 840 624 883 a
665 838 841 883 saevo
884 824 1087 884 ventos
1130 819 1438 900 Aquilone
1479 819 1733 883 notabis.

246 908 467 991 Atque
514 906 710 971 etiam
754 910 983 971 ventos
1029 909 1511 991 praemonstrat
1557 928 1747 990 saepe
1790 906 2046 971 futuros

246 995 557 1060 Inflatum
602 1016 804 1078 mare,
850 1017 995 1060 eum
1041 995 1257 1059 subito
1302 995 1687 1078 penitusque
1732 995 2062 1079 tumescit,

249 1083 546 1166 Saxaque
593 1105 755 1148 cana
801 1083 957 1147 salis
1000 1084 1186 1149 niveo
1235 1087 1538 1168 spumata
1584 1083 1834 1167 liquore

247 1171 607 1236 Tristificas
654 1175 906 1236 certant
950 1170 1014 1235 N
1017 1175 1254 1255 eptuno
1302 1172 1564 1236 reddere
1610 1192 1825 1254 voeeS‚
2154 1187 2255 1238 180

249 1259 387 1324 Aut
433 1260 665 1324 densus
713 1259 954 1324 stridor
998 1282 1140 1324 cum
1189 1259 1362 1324 celso
1410 1282 1443 1322 e
1488 1259 1726 1325 vertice
1773 1259 2012 1322 montis

249 1347 448 1413 Ortus
495 1347 869 1432 adaugescit
915 1349 1329 1432 scopulorum
1374 1370 1565 1432 saepe
1609 1348 1924 1432 repulsus

248 1435 431 1501 Cana
473 1436 640 1500 fulix
682 1436 909 1499 itidem
953 1435 1209 1522 fugiens
1256 1458 1289 1499 e
1338 1437 1596 1522 gurgite
1640 1436 1827 1520 ponti

247 1523 530 1588 Nuntiat
574 1524 905 1588 horribilis
952 1524 1239 1588 clamans
1286 1525 1530 1588 instare
1574 1525 1894 1608 procellas

247 1611 444 1675 Haud
488 1612 771 1677 modicos
816 1613 1095 1678 tremulo
1131 1612 1405 1678 fundens
1445 1635 1479 1676 e
1526 1615 1789 1698 gutture
1835 1617 2079 1677 cantus.
2154 1627 2254 1675 185

250 1699 562 1782 Geminum
603 1703 791 1765 etiam
833 1703 1039 1766 videas
1082 1703 1243 1766 eaelo
1288 1703 1542 1767 volitare
1583 1722 1790 1766 sereno

248 1787 486 1854 Contra
527 1792 809 1854 venturos
852 1791 1183 1854 eonniaum
1224 1810 1468 1872 corpore
1509 1795 1711 1854 ventos
1725 1811 1748 1853 .-

248 1876 443 1959 Saepe
483 1877 653 1956 feras
696 1882 910 1942 anates
954 1898 1192 1961 cernas,
1236 1899 1540 1962 merqosve
1581 1879 1786 1943 relicto

251 1966 555 2067 Aequore,
600 1986 743 2031 mox
787 1968 1062 2032 tremulis
1108 1969 1382 2032 tellurem
1415 1969 1708 2050 planyere
1744 1968 1999 2048 pennis‚·

252 2054 390 2118 Aut
429 2056 576 2133 iuya
617 2074 681 2119 se
721 2075 946 2156 supera
988 2058 1212 2120 montis
1256 2057 1590 2120 distendere
1632 2056 1887 2119 nubem:
2156 2072 2258 2120 190

253 2142 423 2223 Quin
465 2143 650 2206 etiam
681 2144 883 2224 pappi
923 2145 1160 2208 senium
1204 2145 1475 2207 canentis
1518 2143 1816 2207 aeanthae

248 2229 434 2295 Dant
473 2232 636 2295 venti
675 2232 1000 2314 indicium,
1043 2252 1295 2296 numero
1339 2251 1477 2295 eum
1517 2232 1675 2311 forte
1716 2232 1996 2295 videntur

249 2318 589 2383 Innumero
622 2320 861 2401 placidi
902 2320 1149 2400 fluitare
1181 2340 1299 2401 per
1341 2339 1608 2400 aequora
1640 2319 1857 2400 χθονιιτῐκ

249 2406 395 2471 Imo
439 2407 588 2471 adeo
630 2427 705 2472 ex
746 2407 888 2485 illa,
932 2408 1192 2473 volitant
1232 2428 1358 2490 qua
1400 2408 1543 2471 dira
1574 2427 1692 2488 per
1734 2411 1967 2471 aestum

248 2494 567 2578 Fulyura,
597 2500 783 2577 parte
816 2456 988 2579 potes
1030 2502 1312 2561 venturos
1354 2516 1592 2560 noscere
1634 2495 1840 2576 flatus.
2155 2509 2254 2558 195

248 2581 331 2648 Si
372 2584 574 2649 videas
616 2584 823 2649 stellas
864 2586 1058 2649 noetis
1099 2585 1354 2649 volitare
1385 2604 1502 2665 per
1545 2584 1828 2648 umbram

248 2669 653 2753 Praecipites,
698 2673 1019 2755 lonyosque
1061 2694 1104 2736 a
1148 2678 1308 2755 terqo
1354 2673 1641 2737 albescere
1686 2677 1940 2755 tractus,

249 2758 396 2823 Hoc
437 2760 555 2824 iter
596 2763 821 2825 emensi
863 2763 1101 2826 venient
1133 2782 1247 2843 per
1290 2762 1515 2825 inania
1556 2762 1734 2825 venti.

249 2846 331 2913 Si
373 2848 555 2912 varia
596 2849 809 2913 varias
852 2850 1060 2914 videas
1103 2870 1176 2914 ex
1210 2854 1392 2931 parte
1435 2850 1733 2913 eadenteis

249 2935 342 2999 In
386 2940 581 3001 terras
623 2957 824 3020 ruere,
869 2943 925 3001 et
966 2937 1119 3002 caeli
1155 2959 1269 3019 per
1309 2937 1527 3001 nubila
1567 2937 1751 3019 ferri,
1858 2944 1861 2947 ”
2156 2951 2258 2999 200

251 3022 580 3089 Discordes
624 3026 866 3089 tendent
905 3027 1153 3091 animae
1194 3027 1266 3090 in
1308 3026 1550 3090 diversa
1595 3025 1885 3101 locorum,

249 3112 346 3177 Et
384 3113 558 3177 vario
600 3113 908 3178 humanas
940 3116 1264 3195 percellent
1303 3114 1559 3195 flamine
1601 3116 1840 3177 mentes.

251 3200 524 3266 Fulmen
564 3201 673 3267 ubi
716 3222 790 3266 ex
833 3202 1037 3279 Euro,
1078 3204 1315 3283 fulmen
1359 3202 1636 3267 volitabit
1675 3201 1752 3265 ab
1796 3200 2056 3277 Austro,

251 3288 345 3352 Et
385 3287 663 3372 Zephyro
705 3289 1137 3372 horriferisque
1180 3292 1398 3354 Arctoi
1438 3289 1770 3372 Aquilonis
1813 3288 1890 3353 ab
1934 3290 2135 3371 auris,

257 3377 432 3443 Tune
474 3383 703 3443 nautae
734 3380 997 3461 pavidos
1028 3384 1312 3461 penetrat
1346 3384 1568 3444 tremor
1601 3379 1842 3461 alyidus
1876 3381 2065 3442 artus.
2158 3390 2259 3441 205

391 3568 461 3625 V.
496 3574 775 3624 177—182
810 3568 917 3627 oto.
946 3571 1012 3626 de
1037 3570 1145 3624 div.
1174 3568 1211 3621 1
1238 3573 1289 3624 7.
1318 3573 1404 3623 13.
1435 3600 1503 3609 —
1535 3575 1634 3625 183
1655 3586 1771 3637 sqq.
1800 3570 1866 3625 de
1891 3570 1998 3625 div.
2030 3567 2144 3625 Is,
2174 3574 2260 3624 14.

1834 3657 1943 3713 25*
