2630 3913
810 172 1261 228 ORATIONUM.
1302 175 1365 230 A.
1403 173 1507 226 VII
1544 172 1708 229 ΑΒΘ.
2149 173 2276 237 239

269 338 501 399 reretur
546 336 791 417 tollique
835 336 1228 400 tribuniciam
1274 336 1754 400 intercessionem
1806 336 2050 417 diceret,
2097 338 2281 417 ,qravi

268 423 530 488 convicio
575 443 617 485 a
653 424 881 505 populo
924 428 1197 505 exceptus
1239 429 1357 501 est,·
1414 428 1472 487 et
1515 444 1652 487 cum
1693 423 1800 487 ille
1843 443 1965 500 eos,
2011 426 2119 504 qui
2159 424 2280 488 sibi

267 511 652 575 intentabant
693 532 948 595 manus,
981 513 1210 594 prendi
1252 532 1294 575 a
1341 512 1546 576 lictore
1589 513 1874 593 iussisset,
1916 512 2105 591 fracti
2149 513 2279 576 eius

265 600 460 679 fasces
502 606 650 664 sunt
701 601 1043 681 lapidesque
1094 602 1279 664 etiam
1332 620 1408 664 ex
1450 601 1673 664 ultima
1715 601 1986 665 contione
2031 601 2098 663 in
2141 620 2276 664 con·

214 707 241 746 ⁵
268 688 461 753 sulem
503 689 683 765 iacti,·
728 709 845 770 quo
883 689 1148 753 tumultu
1183 688 1504 753 Cornelius
1526 689 1922 770 perturbatus
1957 688 2279 753 concilium

269 777 520 841 dimisit.
550 825 564 840 .
591 824 607 839 .
636 825 653 842 .
711 778 938 841 Actum
973 778 1185 842 deinde
1219 778 1426 840 eadem
1461 778 1534 841 de
1566 796 1634 841 re
1668 778 1739 840 in
1771 782 1987 842 senatu
2022 782 2111 841 est
2150 798 2279 839 ma-

262 866 406 947 ynis
441 866 930 930 contentionibus.
994 865 1154 929 Tum
1182 864 1500 930 Cornelius
1526 865 1627 928 ita
1639 864 1802 945 ferre
1827 885 2048 929 rursus
2073 867 2277 947 coepit,

270 974 346 1017 ne
388 953 525 1034 quis
568 954 641 1018 in
681 959 898 1020 senatu
944 954 1169 1036 leyibus
1212 954 1554 1035 solveretur,
1598 954 1726 1018 nisi
1760 950 1868 1018 00
1903 974 2030 1017 non
2073 954 2281 1017 minus

269 1042 626 1122 adfuissent,
653 1062 795 1107 neve
818 1042 973 1124 quis,
1000 1062 1138 1105 cum
1163 1043 1301 1122 quis
1319 1042 1411 1104 ita
1436 1041 1669 1105 solutus
1694 1046 1859 1122 esset,
1886 1042 2280 1125 intercederet,

194 1148 244 1187 10
274 1150 409 1194 cum
445 1131 517 1193 de
550 1150 623 1194 ea
657 1151 722 1193 re
755 1131 842 1194 ad
864 1131 1164 1212 populum
1195 1130 1476 1209 ferretur.
1539 1128 1713 1193 Haec
1737 1130 1869 1194 sine
1895 1129 2159 1193 tumultu
2183 1150 2281 1194 res

271 1222 410 1281 acta
454 1223 555 1283 est.
645 1218 840 1281 Nemo
884 1220 1048 1282 enim
1091 1238 1311 1300 neyare
1350 1222 1596 1299 poterat
1626 1237 1746 1299 pro
1790 1222 2035 1282 senatus
2077 1223 2278 1282 aucto-

273 1306 456 1369 ritate
498 1325 620 1370 esse
662 1327 797 1370 eam
842 1307 1040 1389 leyem.
1112 1306 1235 1371 Sed
1278 1311 1481 1370 tamen
1523 1326 1659 1370 eam
1704 1306 1846 1369 tulit
1879 1306 2092 1370 invitis
2127 1308 2280 1387 opti-

273 1393 554 1476 matibus,
591 1395 699 1475 qui
724 1395 815 1458 vel
836 1414 952 1475 per
974 1414 1208 1475 paucos
1244 1395 1400 1459 talia
1426 1392 1490 1459 S.
1519 1393 1583 1459 G.
1614 1394 1961 1476 qratificari
1994 1394 2280 1460 solebant.

274 1480 493 1545 Aliam
527 1483 740 1546 deinde
774 1482 957 1565 leyem
994 1480 1327 1564 Cornelius,
1363 1484 1474 1547 etsi
1509 1502 1683 1546 nemo
1718 1502 2055 1565 repuynare
2091 1503 2280 1547 ausus

196 1584 247 1625 15
274 1574 375 1650 est,
420 1570 630 1635 multis
675 1576 878 1634 tamen
914 1572 1123 1635 invit-is
1159 1571 1314 1648 tulit,
1361 1576 1431 1634 ut
1460 1576 1767 1651 praetores
1801 1591 1874 1635 ex
1908 1571 2116 1635 edictis
2148 1573 2282 1636 suis

261 1660 574 1739 perpetuis
614 1660 715 1723 ius
757 1660 1019 1724 dicerent
1026 1680 1048 1736 ‚·
1093 1679 1248 1740 quae
1289 1680 1385 1723 res
1419 1658 1466 1739 ἦ·
1501 1664 1751 1723 eumaut
1776 1660 2049 1740 qratiam
2092 1660 2281 1723 ambi-

274 1747 443 1812 tiosis
463 1748 861 1828 praetoribus,
898 1748 1006 1829 qui
1030 1749 1200 1811 varie
1227 1748 1326 1811 ius
1352 1748 1545 1812 dicere
1578 1751 1982 1824 assueverant,
2016 1748 2281 1812 sustulit.

270 1834 457 1899 Alias
499 1856 729 1917 quoque
770 1837 1105 1917 complures
1142 1837 1290 1918 leyes
1326 1835 1642 1900 Cornelius
1673 1836 2107 1917 promulgavit,
2151 1838 2282 1917 qui-

272 1923 381 1987 bus
407 1924 715 2006 plerisque
749 1925 1001 2008 colleyae
1035 1926 1522 2001 intercesserunt;
1549 1944 1666 2006 per
1700 1944 1855 2006 quas
1881 1925 2282 1990 contentiones

193 2025 245 2065 20
275 2014 459 2076 totius
503 2015 852 2078 tribunatus
898 2019 1130 2094 tempus
1172 2015 1303 2078 eius
1336 2018 1655 2094 peractum
1699 2018 1799 2078 est.

407 2099 691 2181 Sequenti
743 2102 955 2165 deinde
1007 2121 1171 2166 anno
1215 2101 1340 2165 Μ’.
1383 2100 1613 2182 Lepido
1659 2100 1734 2165 L.
1791 2101 2065 2166 Volcacio
2119 2122 2282 2184 coss,

274 2207 392 2267 quo
437 2207 603 2251 anno
637 2193 889 2267 praetor
933 2187 1136 2253 Cicero
1178 2190 1334 2268 fuit,
1380 2210 1550 2252 reum
1596 2189 1946 2253 Cornelium
1988 2191 2106 2255 duo
2148 2191 2281 2270 fra-

277 2280 396 2339 tres
431 2273 699 2339 Cominii
744 2276 863 2357 leqe
899 2274 1182 2340 Cornelia
1225 2278 1296 2340 de
1340 2281 1650 2342 maiestate
1690 2280 1977 2358 fecerunt.
2039 2277 2281 2342 Detulit

274 2383 495 2428 nomen
539 2363 824 2446 Publius,
877 2364 1232 2445 subscripsit
1285 2364 1502 2430 Gaius.
1591 2366 1683 2430 Et
1732 2386 1869 2430 cum
1912 2365 1985 2429 P.
2032 2365 2281 2430 Cassius

194 2470 247 2510 25
266 2456 520 2532 praetor
563 2452 787 2515 decimo
831 2453 943 2535 die,
987 2458 1057 2516 ut
1100 2473 1230 2517 mos
1272 2458 1373 2535 est,
1418 2454 1623 2518 adesse
1665 2455 1940 2518 iussisset
1971 2474 2149 2533 eoque
2183 2454 2283 2517 die

275 2541 401 2621 ipse
444 2560 569 2604 non
613 2541 909 2620 adfuisset
949 2561 1054 2605 seu
1097 2546 1380 2605 avocatus
1413 2546 1666 2623 propter
1705 2542 1934 2622 publici
1984 2544 2282 2622 frumenti

271 2648 487 2693 curam
528 2648 635 2693 seu
673 2630 1036 2711 qratificans
1071 2650 1188 2711 re0,
1233 2631 1622 2693 circumventi
1655 2635 1803 2694 sunt
1833 2634 1976 2694 ante
2012 2631 2282 2694 tribunal
2320 2637 2328 2642 '

272 2718 402 2781 eius
446 2723 819 2782 accusatores
861 2738 904 2781 a
946 2718 1109 2782 notis
1152 2738 1474 2800 operarum
1519 2718 1797 2801 ducibus,
1851 2719 1942 2782 ita
1994 2724 2064 2783 ut
2117 2739 2282 2783 mors

272 2806 699 2886 intentaretur,
762 2807 820 2870 si
873 2826 1014 2870 mox
1065 2826 1192 2870 non
1244 2807 1609 2871 desisterent.
1703 2806 1903 2886 Quam
1950 2809 2281 2887 perniciem

193 2911 247 2951 so
273 2897 379 2957 vix
441 2893 784 2976 effuyerunt
851 2895 1187 2958 interventu
1257 2896 1572 2959 consulum
1586 2943 1602 2972 ,
1675 2895 1784 2976 qui
1844 2897 2120 2958 advocati
2180 2915 2280 2958 reo

272 2982 712 3046 descenderant.
783 2982 875 3045 Et
916 3003 1053 3046 cum
1098 2983 1167 3046 in
1210 2984 1410 3047 scalas
1446 2984 1746 3063 quasdam
1782 2981 2050 3047 Cominii
2089 2983 2280 3064 fuqis·

271 3075 429 3152 sent,
484 3071 679 3134 clausi
732 3071 802 3134 in
856 3076 1084 3134 noctem
1138 3071 1226 3134 ibi
1276 3091 1340 3136 se
1393 3072 1860 3152 occultaverunt,
1921 3072 2132 3134 deinde
2164 3091 2282 3152 per

274 3162 424 3221 tecta
485 3159 830 3223 vicinarum
892 3161 1136 3223 aedium
1186 3159 1599 3240 profuyerunt
1648 3180 1722 3222 ex
1782 3159 1942 3223 urbe.
2032 3158 2280 3223 Postero

270 3246 368 3309 die
411 3266 547 3310 cum
592 3246 665 3310 P.
713 3245 962 3312 Cassius
1016 3248 1346 3313 adsedisset
1396 3253 1453 3311 et
1504 3248 1676 3311 citati
1729 3253 2103 3311 accusatores
2156 3267 2280 3311 non

189 3351 243 3391 ⁸5
270 3335 567 3417 adessent,
621 3340 960 3417 exemptum
1011 3355 1226 3400 nomen
1270 3341 1360 3401 est
1401 3336 1472 3398 de
1514 3335 1636 3400 reis
1680 3334 1939 3400 Corneli.
2014 3334 2282 3401 Cominii

270 3427 474 3486 autem
518 3443 748 3505 mayna
789 3423 1063 3503 infamia
1112 3424 1533 3507 flayraverunt
1582 3425 1917 3488 vendidisse
1968 3424 2282 3488 silentium

270 3529 499 3592 mayna
533 3513 816 3592 pecunia.
