2630 3913
704 172 1036 238 PROOEM,
1057 170 1510 226 PARADOXON
1538 173 1580 225 Ι.
1646 178 1675 237 5
1707 179 1859 227 1-9.
2169 171 2292 234 199

930 349 1547 416 PARADOXON
1592 348 1642 414 Ι.

441 453 578 520 Ὅτι
625 454 839 540 μόνον
884 454 960 521 τὸ
1009 454 1216 523 καλὸν
1263 453 1550 540 ἀγαθόν.

416 597 673 681 Vereor,
717 619 799 663 ne
844 598 947 664 cui
991 603 1280 662 vestrum
1325 620 1418 666 ex.
1440 597 1917 664 Socraticorum
1956 598 2290 663 hominum
2327 580 2362 702 ἐ

285 687 861 771 disputationibus,
920 708 1053 751 non
1116 709 1193 751 ex
1246 709 1392 752 meo
1449 708 1640 751 sensu
1695 686 2079 771 deprompta
2132 703 2290 751 naec

230 800 257 839 s
285 776 579 841 videatur
623 774 852 859 oratio,
898 774 1139 857 dicam,
1185 775 1357 859 quod
1403 776 1640 858 sentio,
1685 778 1924 858 tamen,
1969 778 2036 839 et
2081 774 2291 840 dicam

215 891 218 895 “
283 864 538 929 brevius
554 911 571 946 ,
619 886 813 947 quam
859 884 962 927 res
1007 867 1195 928 tanta
1243 863 1366 928 dici
1411 868 1647 948 potest.
1735 862 2106 946 Numquam
2151 863 2292 927 her-

284 953 424 1017 cule
480 972 630 1038 ego
650 973 856 1035 neque
902 951 1206 1035 pecunias
1252 952 1528 1016 istorum
1572 973 1778 1035 neque
1823 955 1997 1038 tecta
2042 952 2290 1037 magni-

283 1042 406 1106 fica
467 1062 672 1123 neque
737 1061 891 1124 opes
955 1061 1164 1123 neque
1225 1040 1501 1123 imperia
1569 1061 1775 1123 neque
1849 1061 1985 1123 eas,
2058 1040 2290 1122 quibus
2409 1039 2416 1046 ’

286 1150 581 1193 maxume
636 1128 887 1193 astricti
941 1132 1120 1212 sunt,
1173 1128 1545 1212 voluptates
1591 1128 1661 1192 in
1704 1127 1892 1192 bonis
1938 1127 2131 1191 rebus
2179 1133 2292 1191 aut

205 1241 259 1280 ιο
285 1215 656 1301 expetendis
702 1222 842 1280 esse
898 1216 1073 1300 duxi,
1128 1216 1366 1301 quippe
1420 1238 1565 1281 cum
1609 1215 1893 1280 viderem
1947 1215 2141 1280 rebus
2187 1215 2291 1278 his

284 1304 783 1372 circumfluentis
842 1325 919 1368 ea
980 1309 1199 1369 tamen
1263 1303 1625 1369 desiderare
1688 1304 1993 1387 maxime,
2057 1303 2290 1387 quibus

286 1391 704 1458 abundarent.
775 1390 1000 1476 Neque
1047 1392 1215 1457 enim
1260 1415 1570 1476 umquam
1617 1393 1911 1476 expletur
1947 1414 2064 1457 nec
2100 1392 2292 1456 satia-

284 1487 394 1545 tur
439 1480 811 1564 cupiditatis
856 1481 1029 1563 sitis,
1073 1502 1279 1565 neque
1327 1483 1538 1566 solum
1585 1503 1661 1545 ea
1707 1481 1817 1564 qui
1862 1480 2105 1545 habent
2150 1480 2292 1544 libi-

286 1570 432 1634 dine
487 1568 764 1654 augendi
818 1570 1209 1652 cruciantur,
1272 1569 1384 1634 sed
1450 1570 1648 1638 etiam
1704 1568 2045 1633 amittendi
2098 1572 2292 1633 metu.

153 1689 157 1693 ·
207 1681 257 1720 15
284 1658 363 1722 In
409 1680 535 1741 quo
583 1657 877 1741 equidem
923 1657 1626 1723 continentissimorum
1679 1657 2042 1740 hominum,
2098 1657 2293 1721 maio-
2331 1674 2361 1716 ‘1

283 1769 427 1811 rum
472 1750 875 1830 nostrorum,
930 1767 1120 1830 saepe
1156 1747 1423 1829 ,requiro
1479 1745 1912 1830 prudentiam,
1969 1744 2080 1829 qui
2133 1745 2293 1809 haec

280 1835 589 1900 inbecilla
643 1838 709 1899 et
762 1834 1253 1900 commutabilia
1318 1834 1649 1919 [pecuniae
1713 1833 2029 1914 membra]
2094 1833 2317 1906 verbo*

282 1924 482 1990 bona
527 1927 921 2008 putaverunt
966 1923 1382 2008 appellanda,
1438 1945 1582 1989 cum
1626 1944 1696 1987 re
1743 1944 1818 1987 ac
1861 1921 2053 1988 factis
2098 1921 2293 2008 longe

285 2013 476 2077 aliter
529 2012 1004 2077 iudicavissent.
1093 2011 1404 2077 Potestne
1458 2012 1699 2077 bonum
1757 2012 2058 2095 cuiquam
2120 2012 2292 2076 malo

205 2122 259 2160 πο
286 2122 445 2178 esse,
482 2104 596 2178 aut
632 2104 851 2183 potest
887 2101 1228 2183 quisquam
1262 2101 1333 2164 in
1368 2099 1766 2165 abundantia
1801 2100 2174 2165 110110111111
2155 2120 2294 2184 ipse

287 2208 427 2267 esse
472 2208 604 2252 non
647 2187 941 2251 bonus?
974 2187 1179 2271 Atqui
1223 2188 1354 2252 ista
1399 2188 1617 2252 omnia
1659 2188 1822 2252 talia
1866 2187 2175 2270 videmus,
2219 2192 2296 2252 ut

287 2280 354 2339 et
397 2274 656 2359 inprobi
699 2274 987 2339 habeant
1041 2279 1107 2339 et
1159 2275 1378 2340 absint
1429 2276 1669 2360 probis.
1761 2274 1970 2350 Quam
2025 2276 2109 2340 ob
2156 2297 2293 2340 rem
2330 2291 2362 2338 8

288 2365 440 2428 licet
484 2363 788 2445 inrideat,
843 2364 899 2427 si
945 2363 1057 2446 qui
1100 2364 1272 2446 vult,
1319 2364 1467 2448 plus
1513 2364 1684 2448 apud
1730 2386 1831 2427 me
1877 2368 2097 2427 tamen
2140 2384 2295 2427 vera

286 2453 455 2517 ratio
501 2451 748 2516 valebit
793 2473 986 2534 quam
1030 2451 1214 2537 vulgi
1259 2451 1506 2535 opinio3
1558 2474 1764 2536 neque
1820 2473 1941 2537 ego
1986 2473 2295 2534 umquam

206 2561 257 2600 25
286 2541 460 2605 bona
505 2539 857 2624 perdidisse
894 2538 1121 2622 dicam,
1166 2540 1224 2604 si
1262 2540 1406 2623 quis
1445 2561 1637 2623 pecus
1676 2544 1790 2604 aut
1827 2540 2293 2624 supellectilem

288 2629 603 2711 amiserit,
678 2650 795 2693 nec
856 2649 989 2693 non
1052 2649 1243 2712 saepe
1306 2628 1586 2693 laudabo
1661 2629 2018 2713 sapientem
2088 2628 2295 2711 illum,

209 2721 216 2729 '
285 2716 614 2799 Biantem,
658 2721 735 2780 ut
778 2716 1035 2801 opinor,
1091 2716 1203 2799 qui
1246 2720 1625 2781 numeratur
1669 2718 1739 2781 in
1783 2721 2057 2802 septem3
2116 2717 2295 2782 cuius

289 2827 482 2889 quom
538 2805 820 2890 patriam
873 2804 1175 2869 Prienam
1230 2805 1508 2889 cepisset
1559 2804 1769 2869 hostis
1825 2806 2148 2889 ceterique
2201 2806 2298 2870 ita

285 2893 612 2979 fugerent,
645 2897 749 2969 ‚ut
811 2893 1020 2957 multa
1082 2892 1159 2957 de
1215 2894 1349 2957 suis
1402 2893 1594 2957 rebus
1651 2898 2089 2979 asportarent,
2150 2915 2296 2958 cum

206 3002 259 3040 ιο
288 2985 460 3047 esset
497 2982 863 3046 admonitus
901 3003 941 3045 a
978 2980 1274 3065 quodam,
1314 2986 1390 3046 ut
1424 2981 1596 3045 idem
1629 2982 1768 3067 ipse
1805 2981 2064 3065 faceret,
2102 2980 2294 3067 ‘Ego

285 3069 516 3223 {55:35²
580 3068 982 3223 ifilfftfiassfia
991 3069 1674 3223 33331032203313?
1708 3092 1839 3222 112⁶
1852 3092 2012 3222 {3:¹³
2036 3073 2294 3241 «1ᾞέθὶῗί
2331 3175 2362 3222 2

286 3246 569 3331 putavit,
625 3267 788 3329 quae
841 3268 961 3311 nos
1008 3247 1413 3331 appellamus
1461 3247 1658 3312 etiam
1702 3246 1890 3311 bona.
1983 3243 2150 3320 Quid
2195 3250 2295 3311 est

286 3335 508 3421 igitur,
554 3338 820 3418 quaeret
866 3335 1119 3418 aliquis,
1165 3335 1452 3400 bonum?
1543 3332 1629 3419 Si,
1675 3334 1846 3418 quod
1891 3339 2063 3399 recte
2108 3335 2186 3399 fit
2230 3339 2296 3399 et

208 3440 260 3481 ⁸5
285 3423 557 3496 honeste
622 3427 689 3487 et
752 3445 897 3488 cum
960 3423 1229 3505 virtute,
1290 3422 1358 3486 id
1420 3423 1582 3487 bene
1644 3423 1786 3486 fieri
1806 3445 1988 3502 „vere
2043 3421 2295 3506 dicitur,

289 3511 459 3595 quod
492 3515 740 3575 rectum
777 3514 844 3575 et
877 3511 1224 3575 honestum
1263 3514 1331 3574 et
1367 3532 1509 3575 cum
1547 3511 1788 3575 virtute
1825 3516 1944 3597 est,
1979 3510 2045 3575 id
2084 3509 2295 3577 solum
