2630 3913
365 183 487 284 l28
1141 218 1237 271 DE
1275 217 1575 272 OFFICIIS

359 380 600 447 nostris
650 388 762 445 aut
805 380 1057 446 vincere
1104 383 1217 445 aut
1252 374 1472 444 emori.
1560 376 1701 454 Qua
1738 378 1996 462 quidem
2031 400 2104 443 re
2138 379 2362 445 audita

358 470 636 534 fractum
683 469 968 533 animum
995 467 1381 532 Hannibalis
1419 467 1646 532 scribit
1671 465 1860 551 idem,
1899 466 2068 551 quod
2098 471 2358 533 senatus

360 558 763 643 populusque
788 556 1118 621 Romanus
1161 556 1354 620 rebus
1392 554 1649 620 afflictis
1685 558 1823 620 tam
1853 556 2101 620 excelso
2140 556 2358 621 animo

359 645 608 711 fuisset.
672 642 776 709 Sic
813 645 1173 709 honestatis
1211 644 1693 728 comparatione
1731 664 1841 739 eas
1862 664 2025 726 quae
2062 643 2362 709 videntur

260 750 358 800 115
386 733 576 798 utilia
597 780 612 799 f
628 732 984 798 vincuntur.
1040 731 1109 798 G.
1138 731 1387 797 Acilius
1416 735 1651 814 autem,
1681 731 1792 815 qui
1820 729 2064 797 Graece
2101 732 2362 817 scripsit
2415 749 2442 790 s

360 784 717 904 historiam,
762 820 981 905 plures
1028 820 1121 885 ait
1163 819 1380 903 fuisse,
1428 820 1537 904 qui
1581 820 1650 883 in
1694 823 1908 884 castra
1942 820 2364 885 revertissent

363 910 584 974 eadem
627 908 883 992 fraude,
929 912 1003 974 ut
1045 908 1183 972 iure
1226 907 1495 972 iurando
1542 907 1997 991 liberarentur,
2042 928 2277 992 eosque
2323 930 2364 973 a

363 997 732 1062 censoribus
782 996 1079 1061 omnibus
1114 996 1489 1081 ignominiis
1525 998 1805 1061 notatos.
1868 993 1968 1060 Sit
2002 994 2134 1060 iam
2170 995 2360 1061 huius

364 1085 489 1151 loci
524 1085 690 1150 finis.
752 1084 1168 1169 Perspicuum
1205 1087 1306 1148 est
1343 1084 1514 1148 enim
1542 1105 1635 1169 ea,
1678 1105 1840 1168 quae
1868 1083 2097 1148 timido
2126 1084 2361 1168 animo,

362 1173 619 1256 humili,
675 1173 949 1238 demisso
995 1172 1327 1256 fractoque
1370 1173 1559 1256 fiant,
1619 1173 1808 1256 quale
1851 1171 2082 1236 fuisset
2125 1170 2363 1257 Reguli
2391 1191 2444 1231 ιο

362 1263 625 1345 factum,
671 1261 728 1326 si
774 1266 889 1326 aut
934 1261 1010 1325 de
1056 1260 1357 1345 captivis,
1412 1260 1581 1345 quod
1625 1260 1751 1344 ipsi
1798 1281 1960 1344 opus
2007 1281 2146 1324 esse
2193 1258 2363 1324 vide-

364 1355 560 1434 retur,
603 1371 735 1414 non
779 1349 950 1434 quod
994 1349 1089 1413 rei
1133 1348 1449 1432 publicae,
1494 1348 1848 1413 censuisset
1894 1351 2005 1412 aut
2052 1346 2226 1413 domi
2270 1368 2364 1413 re-

366 1460 622 1503 manere
666 1437 995 1520 voluisset,
1040 1457 1172 1501 non
1217 1457 1357 1500 esse
1403 1436 1607 1521 utilia,
1655 1436 1806 1521 quia
1851 1435 1984 1500 sint
2018 1435 2364 1521 flagitiosa,

261 1585 344 1649 33
364 1526 1004 1697 foedlzbsitlaltpssuarta
1040 1633 1211 1696 parS,
1259 1633 1423 1694 quae
1461 1611 1702 1695 decore,
1739 1611 2196 1696 moderatione,
2234 1634 2365 1677 mo·
2393 1630 2446 1673 ιε,

264 1661 589 1785 116destia,
615 1700 1027 1783 continentia,
1047 1699 1477 1784 temperantia
1507 1700 1890 1765 continetur.
1917 1699 2145 1765 Potest
2162 1699 2365 1786 igitur

367 1790 706 1874 quicquam
767 1788 927 1853 utile
983 1809 1147 1870 esse,
1211 1786 1381 1871 quod
1437 1787 1523 1852 sit
1574 1786 1723 1853 huic
1768 1788 1998 1852 talium
2048 1787 2365 1853 virtutum

365 1878 560 1943 choro
599 1876 1034 1941 contrarium?
1080 1875 1285 1960 Atqui
1323 1876 1404 1940 ab
1433 1875 1773 1961 Aristippo
1803 1874 2135 1961 Cyrenaici
2172 1880 2366 1961 atque

365 1965 694 2031 Annicerii
738 1965 1112 2050 philosophi
1155 1964 1475 2029 nominati
1516 1986 1703 2030 omne
1753 1965 1995 2030 bonum
2037 1964 2107 2028 in
2143 1966 2365 2049 volup-

366 2058 502 2120 tate
554 2057 909 2139 posuerunt
961 2052 1394 2136 virtutemque
1448 2057 1829 2118 censuerunt
1884 2054 1966 2118 ob
2022 2075 2165 2117 eam
2228 2075 2365 2117 rem
2393 2072 2446 2112 so

368 2163 508 2207 esse
534 2141 937 2226 laudandam,
976 2140 1147 2225 quod
1183 2140 1466 2207 efficiens
1503 2145 1674 2206 esset
1700 2141 2073 2226 voluptatis.
2121 2139 2366 2217 Quibus

368 2230 679 2296 obsoletis
725 2230 913 2295 floret
955 2229 1291 2314 EpicuruS,
1339 2228 1620 2294 eiusdem
1655 2229 1789 2294 fere
1827 2230 2081 2295 adiutor
2118 2234 2366 2295 auctor-

369 2341 489 2403 que
527 2319 900 2383 sententiae.
966 2317 1127 2383 Cum
1162 2317 1264 2382 his
1304 2316 1484 2382 ‘viris
1522 2316 1868 2403 equisque’,
1903 2321 1978 2383 ut
2016 2317 2264 2402 dicitur,
2310 2317 2368 2382 si

366 2407 774 2472 honestatem
817 2406 986 2471 tueri
1031 2428 1105 2471 ac
1150 2405 1427 2470 retinere
1483 2406 1802 2471 sententia
1857 2410 1980 2491 est,
2045 2406 2367 2472 decertan-

266 2510 363 2560 117
397 2496 544 2560 dum
594 2499 709 2560 est.
772 2492 943 2560 Nam
988 2494 1046 2558 si
1088 2515 1218 2558 non
1265 2493 1456 2558 modo
1501 2495 1772 2578 utilitas,
1817 2495 1929 2559 sed
1974 2494 2110 2559 vita
2156 2493 2364 2559 omnis
2393 2511 2447 2553 πε

367 2585 559 2648 beata
605 2582 892 2667 corporis
938 2582 1127 2646 firma
1162 2580 1622 2646 constitutione
1664 2582 1925 2666 eiusque
1963 2582 2368 2647 constitutio-

369 2671 467 2735 nis
514 2692 629 2756 spe
675 2671 1025 2754 explorata,
1070 2672 1145 2733 ut
1191 2692 1229 2733 a
1273 2669 1642 2735 Metrodoro
1691 2670 2002 2754 scriptum
2048 2674 2174 2755 est,
2223 2691 2368 2736 con-

368 2760 638 2842 tinetur,
701 2762 872 2823 certe
933 2757 1091 2821 haec
1153 2757 1433 2840 utilitas,
1505 2761 1570 2821 et
1634 2758 1889 2842 quidem
1943 2780 2196 2823 summa
2249 2756 2370 2842 (sic

368 2846 538 2912 enim
611 2844 927 2929 censent),
1000 2867 1144 2909 cum
1208 2845 1547 2909 honestate
1602 2846 1937 2932 pugnabit.
2027 2845 2197 2911 Nam
2256 2846 2370 2910 ubi

367 2936 647 3021 primum
702 2932 1079 3019 prudentiae
1153 2933 1330 2997 locus
1390 2932 1689 2998 dabitur?
1759 2956 1842 2999 an
1903 2938 1977 2999 ut
2030 2933 2370 3019 conquirat
2399 2954 2453 2995 so

368 3024 646 3107 undique
711 3021 1107 3087 suavitates?
1190 3019 1396 3095 Quam
1441 3021 1638 3087 miser
1685 3022 1948 3088 virtutis
2015 3022 2370 3087 famulatus

370 3111 708 3177 servientis
754 3109 1106 3194 voluptati!
1171 3107 1355 3185 Quod
1402 3113 1617 3175 autem
1672 3132 1903 3176 munus
1950 3110 2373 3195 prudentiae?

370 3222 453 3263 an
490 3199 704 3284 legere
744 3198 1198 3284 intellegenter
1232 3198 1645 3282 voluptates?
1698 3197 1828 3264 Fac
1862 3199 2026 3263 nihil
2063 3199 2192 3264 isto
2232 3220 2374 3263 esse

369 3287 721 3371 iucundiuS‚
769 3286 920 3370 quid
966 3285 1239 3371 cogitari
1283 3289 1502 3371 potest
1546 3286 1844 3370 turpius?
1899 3287 2058 3371 Iam,
2109 3286 2218 3372 qui
2264 3287 2370 3352 do-

370 3375 575 3439 lorem
622 3395 943 3439 summum
987 3375 1232 3439 malum
1278 3373 1473 3456 dicat,
1530 3374 1700 3458 apud
1746 3397 1892 3440 eum
1940 3397 2128 3460 quem
2173 3375 2377 3440 habet
2407 3394 2459 3435 ss

372 3461 583 3525 locum
627 3461 970 3545 fortitudo,
1035 3483 1197 3546 quae
1252 3466 1352 3526 est
1408 3461 1703 3528 dolorum
1761 3464 2184 3546 laborumque
2229 3484 2376 3528 con-

373 3548 690 3631 temptio?
754 3547 1060 3623 Quamvis
1116 3548 1285 3613 enim
1342 3549 1564 3613 multis
1612 3551 1771 3616 locis
1820 3552 1991 3617 dicat
2036 3551 2376 3636 Epicurus,
