2630 3913
640 232 1090 287 ORATIONUM.
1129 235 1194 289 A.
1231 232 1364 286 XIII
1403 232 1687 287 ss—XIV
1727 239 1774 285 2.
2078 232 2158 294 27
2170 232 2204 293 7

201 399 358 464 aime
392 398 696 473 meritum,
733 398 896 477 quod
918 397 1356 460 restitutionem
1387 416 1533 461 suae
1559 395 1878 476 diqnitatis
1904 395 1982 458 ab
2009 396 2207 459 eodem

204 486 440 551 tribuno
483 484 679 566 plebis
732 485 1093 548 meminerat
1151 485 1464 560 adiutam;
1531 488 1758 564 quanto
1811 488 2014 547 autem
2071 485 2207 548 odio

201 575 477 639 habuerit
518 572 592 638 P.
637 571 951 650 Clodium,
996 573 1129 636 iam
1173 576 1541 653 compertum
1584 577 1674 636 est
1715 591 1788 635 ex
1831 572 2208 636 orationibus

201 665 370 728 illius
392 663 707 745 plurimis,
747 661 964 742 quibus
1000 662 1130 725 eius
1161 662 1355 725 vitam
1389 679 1695 741 moresque
1728 659 2037 724 dilacerat.
2101 661 2209 725 Ex

151 768 175 808 5
200 753 398 834 iuryio
442 753 670 851 itaque,
724 751 888 831 quod
930 750 1088 813 inter
1131 769 1193 813 se
1235 754 1572 827 moverant,
1629 749 1825 813 oratio
1877 750 2001 812 ista
2053 768 2206 813 com-

192 842 396 923 posita
421 844 523 916 est,
559 840 732 903 cuius
767 838 1186 918 inscriptionis
1222 838 1484 916 titulum,
1513 837 1880 918 priusquam
1918 857 2209 901 commen-

202 930 324 993 tari
368 929 711 1010 adqrediar,
758 927 1216 1008 explanandum
1249 931 1406 1007 puto
1450 945 1575 989 non
1619 925 1697 988 ab
1739 945 1807 988 re
1849 927 2210 990 existimans

197 1017 483 1096 futurum
527 1015 858 1092 lectoribus,
902 1016 959 1079 si
1002 1015 1301 1078 orationis
1347 1015 1596 1078 titulum
1637 1032 1765 1077 non
1807 1013 2039 1078 indocte
2066 1035 2210 1095 per-

200 1106 527 1187 spexerint,
520 1125 532 1138 ·
579 1105 801 1184 quippe
832 1103 1192 1167 inscribitur
1227 1126 1647 1167 INTERROGATIO
1686 1126 1768 1166 DE
1805 1127 1961 1166 AERE
1998 1128 2212 1168 ALIENo
2308 1107 2315 1118 <

125 1211 175 1248 10
206 1217 456 1259 ιιιιοινιε.
521 1191 1032 1273 Interroqationis
1066 1196 1268 1254 autem
1311 1209 1438 1253 non
1479 1209 1612 1252 una
1654 1190 1874 1271 species
1918 1196 2065 1272 erat,
2108 1193 2215 1255 sed

200 1282 435 1362 variae,
489 1284 561 1343 ut
610 1279 741 1343 alia
792 1279 1165 1361 si9nifiicaret
1216 1278 1622 1342 accusationis
1674 1279 2209 1356 denuntiationem,

202 1370 405 1449 qualis
458 1368 573 1432 illa
619 1368 1017 1450 praescriptio
1076 1372 1163 1432 est
1224 1367 1523 1430 orationis
1582 1366 1737 1447 eius,
1801 1387 1923 1447 qua
1985 1387 2212 1432 usurus

200 1458 346 1536 fuit,
404 1457 463 1521 si
515 1476 651 1521 eum
705 1454 779 1518 P.
836 1454 1092 1520 Clodius
1145 1456 1371 1537 leqibus
1422 1456 1862 1535 interroqasset.
1951 1456 2212 1556 Leqibus

204 1546 370 1609 enim
412 1545 500 1609 sic
543 1544 1032 1626 interroqabatur
1075 1544 1415 1624 inquirente
1457 1547 1826 1620 accusatore,
1873 1564 1958 1606 an
2003 1546 2213 1607 omnia

125 1649 176 1689 1⁵
203 1635 531 1698 secundum
576 1633 774 1714 lequm
810 1633 1193 1713 praescripta
1220 1632 1491 1713 yesserit·
1504 1633 1575 1708 is,
1621 1632 1722 1695 cui
1754 1632 1984 1695 crimen
2019 1633 2210 1697 inten-

200 1723 471 1787 debatur.
558 1721 727 1785 Erat
768 1721 902 1785 alia
932 1726 1255 1803 praeterea
1302 1721 1690 1802 interroyatio
1736 1722 2005 1800 testium,
2058 1721 2216 1786 sicut

200 1811 328 1892 ipse
372 1810 468 1875 M.
518 1810 764 1874 Tullius
808 1808 881 1872 P.
941 1809 1260 1873 Vatinium
1315 1813 1516 1874 testem
1559 1810 1968 1890 interroqavit.
2058 1808 2211 1875 Pro-

193 1900 332 1981 prie
375 1919 638 1980 namque
679 1898 1076 1982 interroyatio
1120 1897 1455 1975 dicebatur,
1509 1917 1633 1978 qua
1680 1902 1848 1962 testes
1892 1899 2212 1982 redarque-

202 1989 445 2052 bantur.
539 1987 751 2052 Tertia
794 1987 938 2051 haec
980 1992 1069 2051 est
1109 1987 1529 2068 interroyandi
1580 1988 1826 2068 species,
1878 1993 1952 2050 ut
1991 1987 2213 2053 Sinnio

115 2091 176 2131 20
205 2074 497 2156 Capitoni
538 2077 792 2152 videtur,
826 2076 1141 2156 pertinens
1183 2076 1269 2139 ad
1310 2074 1585 2155 officium
1628 2080 1686 2138 et
1726 2078 2214 2140 consuetudinem

202 2163 593 2227 senatoriam.
653 2162 909 2241 Quando
944 2164 1107 2226 enim
1141 2163 1372 2243 aliquis
1406 2164 1764 2227 sententiam
1801 2164 1923 2227 loco
1948 2185 2057 2228 suo
2086 2167 2215 2228 iam

204 2251 449 2314 dioeerat
499 2254 558 2314 et
606 2250 774 2314 alius
815 2255 1029 2331 postea
1082 2252 1492 2333 interroyatus
1542 2253 1843 2333 quaedam
1900 2253 2215 2317 videbatur

202 2338 300 2402 ita
343 2338 590 2415 locutus,
633 2343 705 2402 ut
746 2337 1011 2417 refutari
1036 2358 1211 2418 posse
1246 2340 1575 2404 iustissime
1607 2340 1968 2422 viderentur,
2002 2346 2213 2421 postu-

206 2426 379 2490 labat
419 2427 541 2504 ille,
583 2426 695 2507 qui
736 2428 866 2489 iam
909 2427 1268 2490 sententiam
1312 2427 1570 2505 dixerat,
1614 2432 1686 2491 ut
1725 2428 1844 2492 sibi
1890 2428 2087 2492 liceret
2124 2431 2213 2493 in-

108 2531 173 2572 25
204 2520 538 2598 terroqare,
598 2513 709 2579 hoc
760 2519 846 2579 est
896 2515 1075 2578 illum
1126 2516 1511 2598 redarguere,
1574 2517 1748 2580 cuius
1798 2519 2094 2580 sententia
2148 2519 2216 2581 in

201 2604 419 2668 multis
444 2604 624 2684 quasi
649 2604 915 2668 mendax
939 2608 999 2666 et
1028 2603 1410 2668 calumniosa
1444 2604 1734 2686 redarqui
1750 2609 1964 2685 posset.
2013 2604 2214 2686 Quon-

202 2692 337 2844 ff
372 2711 511 2772 erqo
546 2692 792 2756 dixerat
827 2689 1083 2757 Clodius
1117 2698 1175 2755 et
1216 2694 1425 2756 minus
1450 2693 1794 2773 professum
1829 2695 1991 2759 aeris
2026 2696 2217 2759 alieni

286 2801 312 2843 i
338 2800 511 2844 onem
543 2830 556 2842 .
584 2827 600 2843 .
630 2830 643 2843 .
674 2830 687 2842 .

910 2881 1284 2952 [ENARRA
1293 2881 1447 2937 Tro.
1452 2883 1485 2952 J

105 2975 172 3014 so
348 2957 404 3019 1.
451 2954 847 3020 Adversarii.

429 3043 615 3108 Nunc
656 3045 743 3109 ad
782 3044 962 3108 aliud
1004 3046 1253 3122 transit,
1306 3065 1395 3108 an
1450 3046 1692 3126 aliquid
1732 3045 1895 3109 Milo
1929 3066 2045 3126 per
2088 3066 2215 3109 vim

291 3132 492 3211 facere
542 3137 801 3197 conetur.
889 3132 982 3197 Et
1032 3132 1139 3198 hoc
1189 3134 1474 3198 similiter
1525 3134 1839 3214 refutavit,
1893 3139 1963 3196 ut
2019 3135 2218 3198 omnis

294 3221 419 3285 ista
460 3221 722 3302 suspicio
765 3225 824 3284 et
865 3221 1103 3286 invidia
1147 3222 1216 3285 in
1263 3219 1552 3287 Clodium
1595 3227 2027 3302 retorqueatur.
2108 3222 2217 3286 Ita

293 3309 459 3372 enim
502 3313 866 3392 aryumenta
908 3315 1249 3390 excurrent,
1301 3310 1518 3390 quibus
1562 3316 1619 3373 et
1665 3310 1963 3373 Milonem
1996 3315 2219 3393 purqet

97 3415 167 3456 35
294 3402 352 3460 et
395 3398 818 3462 adversarium
849 3404 1228 3480 praeqravet.

341 3485 401 3547 2.
446 3484 797 3549 Eieiundus
843 3488 943 3550 est
989 3508 1065 3549 ex
1110 3486 1269 3549 urbe
1317 3486 1472 3549 civis
1522 3491 1744 3551 auctor
1791 3486 2049 3569 salutiS,

433 3572 866 3656 Copiosissima
910 3579 969 3637 et
1008 3573 1314 3638 vehemens
1358 3577 1667 3658 eoesecutio,
1716 3580 1788 3639 ut
1829 3595 2021 3656 supra
2065 3577 2213 3657 dicei,
