2630 3913
334 229 419 292 32
426 227 463 290 G
1112 224 1565 279 FRAGMENTA

467 388 570 453 98.
615 388 754 453 Seu.
801 409 888 469 ep.
924 393 1033 451 17.
1069 391 1118 452 2
1160 388 1414 451 necdum
1458 388 1593 470 scis²
1637 390 1936 467 quantum
1979 386 2197 467 ubique
2240 408 2365 453 nos

332 479 577 541 adiuvet
619 474 1085 558 Qihilosophia)‚
1140 495 1317 555 quem
1371 475 1457 537 ad
1507 475 1754 538 modum
1807 479 1865 538 et
1913 475 1986 537 in
2038 476 2361 558 maximisy

333 571 404 628 ut
455 563 765 630 Ciceronis
824 569 971 626 utar
1023 563 1226 640 verbo,
1291 561 1645 646 opituletur
1699 566 1756 625 et
1807 563 1876 626 in
1930 563 2193 625 minima
2256 564 2363 627 de·

332 654 591 718 semidat.

467 739 572 804 99.
616 739 875 821 Auqust.
920 740 992 802 de
1035 739 1269 802 dialect.
1306 744 1349 802 9
1382 759 1449 819 p.
1486 740 1583 802 15.
1628 742 1711 801 14
1756 739 1842 801 ed.
1890 736 2106 803 Crecel.
2140 759 2361 821 proqr.
2419 762 2448 802 ⁵

334 828 570 906 Elberf.
623 831 794 892 1857
845 826 889 889 1
890 832 1065 908 taque
1126 827 1455 890 rectissime
1506 846 1549 889 a
1607 826 1936 890 dialceticis
1988 828 2216 892 dictum
2269 833 2368 893 est

335 916 687 997 ambiquum
741 934 864 979 esse
917 934 1092 978 omne
1143 914 1422 989 verbum,·
1486 934 1594 977 nec
1649 919 1905 995 moveat,
1967 916 2130 996 quod
2188 918 2367 993 apud

337 1004 682 1068 Ciceronem
727 1002 1146 1066 calumniatur
1189 1002 1566 1065 Hortensius
1609 1000 1719 1065 hoc
1762 1002 1937 1066 modo
1954 1022 1976 1064 .·
2023 1002 2364 1087 Ambigua

337 1113 405 1155 se
443 1090 677 1155 audere
717 1089 898 1153 aiunt
937 1089 1256 1173 explicare
1295 1089 1598 1171 dilucide3
1634 1087 1828 1152 iidem
1867 1110 2056 1154 omne
2083 1091 2361 1155 verbum

337 1179 713 1263 ambiguum
782 1198 922 1242 esse
988 1177 1225 1241 dicunt.
1319 1176 1457 1251 Quo
1522 1175 1714 1240 modo
1777 1177 1981 1261 igitur
2045 1177 2361 1263 ambigua
2393 1200 2447 1239 10

337 1267 661 1352 ambiguis
718 1265 1175 1349 explicabunt?
1229 1286 1383 1329 nam
1437 1264 1560 1329 hoc
1616 1268 1716 1327 est
1771 1263 1837 1326 in
1891 1264 2194 1330 tenebras
2251 1289 2362 1329 ex-

344 1356 621 1419 tinctum
667 1354 888 1418 lumen
929 1352 1185 1417 inferre.

474 1444 618 1507 100.
653 1443 915 1524 Auqust.
962 1446 1175 1505 contra
1207 1440 1403 1503 Acad.
1440 1439 1574 1502 III
1600 1444 1701 1503 14.
1735 1446 1819 1504 31
1851 1441 1919 1505 T.
1958 1442 2006 1504 I
2029 1463 2093 1522 p.
2130 1445 2260 1506 216
2285 1442 2364 1507 D

335 1531 496 1596 Ben.
541 1531 729 1594 Antv.
775 1528 1025 1593 Clamat
1072 1527 1276 1592 Cicero
1323 1527 1547 1607 (Acad.
1593 1527 1685 1591 II
1720 1531 1825 1592 20.
1872 1529 1984 1611 66)
2035 1548 2099 1593 se
2148 1531 2363 1610 ipsum

337 1640 632 1701 maqnum
676 1638 798 1681 esse
841 1619 1236 1697 opinatorem,
1281 1616 1389 1679 sed
1419 1617 1491 1679 de
1529 1617 1800 1696 sapiente
1832 1636 1894 1680 se
1926 1637 2228 1698 quaerere.
2266 1655 2362 1664 —-
2395 1639 2450 1679 15

338 1705 507 1771 Certe
540 1708 609 1769 in
645 1705 981 1768 Hortensio
1019 1704 1278 1785 leqistis:
1326 1699 1395 1765 Si
1430 1702 1635 1787 igitur
1669 1725 1787 1768 nec
1824 1704 1984 1768 certi
2026 1708 2126 1769 est
2172 1705 2365 1789 quid-

339 1816 533 1877 quam
569 1814 688 1856 nec
725 1791 977 1875 opinari
1016 1790 1329 1874 sapientis
1366 1793 1484 1873 est,
1527 1790 1694 1855 nihil
1739 1814 2047 1875 umquam
2096 1793 2362 1877 sapiens

339 1879 747 1965 approbabit.

478 1969 621 2032 101.
676 1968 937 2049 Auqust.
992 1988 1039 2031 c.
1084 1968 1279 2032 Aead.
1325 1968 1375 2030 Ι
1411 1972 1468 2031 3.
1517 1972 1560 2032 7
1608 1968 1677 2031 Τ.
1723 1968 1770 2031 Ι
1804 1990 1873 2050 p.
1919 1974 2044 2034 189
2088 1970 2159 2033 F
2193 1970 2358 2034 ben.

338 2058 591 2124 Placuit
642 2055 921 2120 Ciceroni
974 2061 1181 2120 nostro
1235 2057 1476 2119 beatum
1528 2076 1674 2137 esse,
1732 2058 1841 2137 qui
1893 2059 2205 2121 veritatem
2260 2059 2361 2122 in-
2393 2079 2446 2117 20

336 2147 605 2226 vestiqat‚
642 2144 884 2208 etiamsi
918 2145 1005 2208 ad
1036 2144 1167 2208 eius
1200 2145 1607 2207 inventionem
1644 2163 1768 2207 non
1795 2145 1996 2208 valeat
2019 2147 2361 2226 pervenire.

345 2270 417 2278 —
464 2234 617 2314 Quis
650 2233 900 2314 iqnorat
942 2253 1075 2296 eum
1123 2232 1474 2312 affirmasse
1514 2231 1885 2296 vehementer
1926 2233 2088 2297 nihil
2130 2233 2208 2296 ab
2253 2233 2362 2297 ho-

338 2323 504 2385 mine
536 2322 773 2402 percipi
808 2340 1008 2402 posse,
1065 2321 1340 2400 nihilque
1380 2339 1692 2383 remanere
1733 2320 2000 2401 sapienti
2042 2322 2170 2384 nisi
2211 2322 2359 2385 dili-

331 2411 755 2491 gentissimam
808 2409 1267 2489 inquisitionem
1320 2408 1617 2483 veritatis,
1670 2413 1996 2488 propterea
2056 2410 2205 2489 quia
2219 2457 2234 2485 ,
2295 2411 2362 2473 si

338 2499 588 2563 incertis
622 2497 799 2561 rebus
833 2501 983 2560 esset
1015 2515 1317 2570 assensus·‚
1359 2495 1601 2559 etiamsi
1632 2495 1894 2573 fortasse
1928 2516 2103 2560 verae
2132 2496 2360 2575 forent,
2395 2517 2451 2557 25

340 2586 593 2650 liberari
645 2584 722 2648 ab
777 2604 979 2648 errore
1029 2603 1155 2648 non
1188 2582 1438 2663 posset?
1496 2602 1651 2663 quae
1702 2585 1984 2647 maxima
2037 2589 2126 2648 est
2173 2584 2363 2664 culpa

338 2674 647 2754 sapientis.

477 2760 620 2823 102.
683 2759 949 2841 Auqust.
1011 2777 1058 2823 o.
1123 2756 1361 2821 Iulian.
1424 2756 1630 2838 Pelaq.
1691 2757 1809 2822 IV
1851 2761 1948 2823 15.
2005 2764 2089 2822 76
2154 2759 2223 2822 Τ.
2287 2758 2374 2824 Χ

334 2870 394 2929 p.
450 2852 574 2912 410
627 2847 695 2911 B
720 2866 807 2928 sq.
861 2845 1020 2911 Ben.
1074 2845 1260 2910 Antv.
1325 2844 1478 2924 Quis
1540 2866 1690 2923 non,
1750 2847 1903 2927 quid
1949 2848 2367 2928 prospexeriS,

338 2941 585 3000 cernat?
645 2955 722 2999 ne
782 2934 1009 2999 scilicet
1066 2935 1136 2997 in
1197 2935 1340 3014 ipsa
1391 2934 1465 2998 de
1516 2933 1826 3016 voluptate⁴
1870 2936 2215 3015 quaestione
2271 2971 2364 2982 —-
2401 2957 2460 2996 30

337 3024 701 3088 honestiores
743 3021 1095 3103 philosophi
1151 3026 1205 3084 te
1256 3021 1595 3098 obruerent,
1653 3042 1802 3102 quos
1856 3022 2063 3087 Cicero
2105 3027 2372 3104 propter

337 3113 540 3193 ipsam
602 3111 969 3174 honestatem
1034 3108 1400 3191 ‘tamquam
1466 3109 1836 3173 consulares
1894 3110 2369 3194 philosophos'

338 3200 733 3279 nuncupavit.

477 3287 617 3350 103.
647 3287 918 3350 Maxim.
954 3282 1211 3349 Taurin.
1241 3290 1480 3349 tractat.
1507 3289 1720 3349 eontra
1745 3306 2027 3368 paqanos
2058 3287 2126 3350 Τ.
2153 3287 2384 3351 LVII

335 3394 396 3452 p.
437 3379 563 3437 783
606 3373 839 3455 Miqne.
877 3373 1042 3437 Fato
1092 3374 1246 3437 dicis
1290 3375 1502 3437 omnia
1545 3374 1715 3453 fieri;
1760 3375 1866 3437 sed
1906 3375 2128 3438 stultus
2170 3375 2377 3440 stulta
2410 3396 2466 3436 35

342 3459 639 3537 loquitur,
693 3466 750 3524 et
801 3481 903 3524 cor
956 3462 1087 3524 eius
1130 3481 1296 3525 vana
1340 3461 1657 3541 intelliqit5
1713 3465 1770 3524 et
1812 3464 1971 3525 siout
2015 3462 2118 3525 ille
2160 3462 2382 3528 aiebat

345 3543 593 3608 Tullius
650 3548 721 3609 in
776 3547 1109 3612 Hortensio
1163 3549 1399 3612 dicens:
1461 3547 1630 3611 Avia
1694 3569 1837 3613 mea
1901 3548 2156 3613 dicebat
2219 3549 2377 3637 hoc,
