2630 3913
733 208 866 262 ΗΒ.
903 210 998 266 ΠΙ.
1073 210 1225 266 CAP.
1265 218 1494 267 26-28.
1564 217 1595 279 ς
1631 218 1892 269 98—103.
2192 215 2314 279 123

311 370 780 456 Carthaginem
817 369 1032 454 rediit,
1067 392 1276 455 neque
1311 393 1459 436 eum
1495 374 1732 438 caritas
1771 375 2021 458 patriae
2049 376 2315 441 retinuit

310 481 428 525 nec
475 481 756 523 suorum.
844 456 1071 542 Neque
1116 480 1267 524 vero
1324 463 1465 525 tum
1519 461 1866 546 ignorabat
1919 484 1988 530 se
2044 462 2126 528 ad
2179 485 2315 529 cru·

312 546 713 612 delissimum
758 546 1012 611 hostem
1051 550 1117 611 et
1154 548 1233 612 ad
1272 548 1591 632 exquisita
1627 550 1943 634 supplicia
1977 551 2314 636 proficisci,

311 635 425 700 sed
468 635 568 700 ius
612 634 952 700 iurandum
990 636 1498 701 conservandum
1535 638 1826 721 putabat.
1898 638 2126 723 Itaque
2153 643 2313 724 tum,

255 743 285 783 ο
312 746 458 790 cum
503 722 835 809 vigilando
871 723 1239 807 necabatur,
1286 728 1427 788 erat
1463 725 1532 789 in
1567 726 1832 791 meliore
1869 748 2079 811 causa,
2118 750 2311 811 quam

312 812 368 876 si
407 812 581 877 domi
610 832 802 875 senex
830 811 1141 895 captivus,
1168 812 1464 896 periurus
1493 814 1848 878 consularis
1877 817 2310 881 remansisset.

309 900 402 964 At
447 900 674 982 stulte,
721 899 831 983 qui
882 921 1014 963 non
1066 899 1257 965 modo
1311 922 1445 965 non
1490 903 1809 967 censuerit
1855 903 2146 987 captivos
2191 926 2285 969 re·
2316 923 2410 971 101

310 987 680 1071 mittendos,
716 1008 939 1052 verum
976 986 1173 1052 etiam
1212 988 1606 1054 dissuaserit.
1678 987 1817 1064 Quo
1848 991 2037 1056 modo
2067 991 2311 1058 stulte?

312 1077 607 1154 etiamne,
636 1075 692 1140 si
718 1075 812 1139 rei
839 1075 1132 1159 publicae
1161 1075 1599 1142 conducebat?
1637 1081 1854 1162 potest
1878 1083 2112 1164 autem,
2141 1079 2311 1163 quod

235 1182 294 1252 ιο.
310 1164 542 1229 inutile
585 1164 680 1228 rei
723 1163 1021 1248 publicae
1067 1164 1170 1248 sit,
1215 1164 1282 1228 id
1328 1165 1623 1249 cuiquam
1669 1165 1793 1230 civi
1838 1167 1997 1231 utile
2038 1168 2221 1233 esse?

441 1251 828 1316 Pervertunt
871 1250 1166 1317 homines
1212 1274 1306 1336 ea,
1353 1275 1516 1337 quae
1554 1257 1704 1318 sunt
1748 1253 2167 1320 fundamenta
2200 1278 2309 1321 na·
2328 1260 2412 1326 28

311 1343 516 1423 turae,
559 1362 704 1405 cum
750 1339 1101 1404 utilitatem
1149 1341 1231 1405 ab
1276 1340 1616 1406 honestate
1657 1341 2016 1427 seiungunt.
2072 1342 2310 1410 Omnes

313 1427 484 1492 enim
537 1427 894 1511 expetimus
957 1428 1312 1493 utilitatem
1376 1427 1458 1493 ad
1521 1452 1788 1513 eamque
1846 1431 2132 1515 rapimur
2194 1454 2312 1499 nec

310 1515 522 1581 facere
568 1516 759 1581 aliter
804 1517 940 1581 ullo
989 1516 1178 1582 modo
1220 1538 1583 1603 possumus.
1645 1517 1816 1582 Nam
1856 1519 1997 1602 quis
2035 1522 2152 1603 est,
2201 1521 2311 1604 qui

233 1622 286 1663 15
313 1604 502 1669 utilia
526 1602 783 1690 fugiat?
832 1608 944 1669 aut
982 1604 1124 1689 quis
1161 1605 1399 1690 potiuS,
1436 1606 1546 1690 qui
1573 1627 1649 1671 ea
1674 1628 1806 1672 non
1842 1607 2310 1674 studiosissime

309 1693 775 1778 persequatur?
814 1691 939 1757 Sed
968 1693 1117 1776 quia
1142 1715 1462 1777 nusquam
1488 1715 1830 1780 possumus
1858 1695 1986 1760 nisi
2011 1696 2080 1760 in
2103 1697 2310 1781 laude,

309 1781 561 1864 decore,
614 1779 957 1845 honestate
998 1781 1187 1846 utilia
1231 1781 1535 1866 reperire,
1579 1787 1886 1868 proptera
1938 1784 2056 1848 illa
2098 1784 2311 1869 prima

309 1873 375 1934 et
419 1891 674 1934 summa
717 1868 1058 1952 habemuS,
1106 1869 1415 1935 utilitatis
1460 1892 1695 1936 nomen
1739 1893 1870 1937 non
1916 1876 2051 1937 tam
2101 1873 2309 1958 splen·

308 1958 526 2023 didum
575 1979 768 2042 quam
811 1958 1242 2024 necessarium
1301 1959 1607 2025 ducimus.
1697 1959 1864 2035 Quid
1918 1965 2018 2026 est
2062 1962 2282 2047 igitur,
2313 1978 2408 2027 102

229 2068 282 2105 xo
309 2046 543 2111 dixerit
590 2046 761 2130 quis,
813 2046 882 2110 in
935 2047 1072 2110 iure
1124 2047 1438 2113 iurando?
1501 2069 1658 2113 num
1712 2048 1951 2114 iratum
2003 2049 2307 2117 timemus

306 2132 574 2200 Iovem?
642 2132 735 2198 At
778 2133 902 2199 hoc
946 2134 1203 2218 quidem
1248 2157 1583 2201 commune
1627 2139 1729 2201 est
1773 2137 2058 2202 omnium
2104 2138 2309 2223 philo·

312 2220 691 2306 sophorum,
750 2244 882 2286 non
927 2244 1146 2288 eorum
1194 2223 1412 2306 modo,
1473 2223 1584 2307 qui
1629 2223 1816 2288 deum
1859 2224 2024 2289 nihil
2069 2225 2309 2292 habere

309 2309 525 2393 ipsum
568 2310 815 2394 negotii
859 2310 1095 2394 dicunt,
1138 2311 1303 2375 nihil
1350 2311 1647 2376 exhibere
1693 2312 1901 2394 alteri,
1936 2313 2049 2377 sed
2086 2335 2308 2379 eorum

310 2397 534 2481 etiam,
591 2397 700 2481 qui
754 2398 940 2463 deum
996 2421 1248 2485 semper
1303 2420 1495 2485 agere
1540 2398 1785 2482 aliquid
1830 2402 1896 2463 et
1940 2400 2158 2465 moliri
2201 2423 2308 2467 vo-

227 2503 282 2544 85
309 2487 472 2569 lunt,
498 2507 847 2570 numquam
874 2507 990 2552 nec
1017 2486 1210 2553 irasci
1237 2488 1425 2552 deum
1460 2507 1576 2552 nec
1602 2507 1848 2552 nocere.
1895 2485 2061 2562 Quid
2089 2491 2309 2554 autem

306 2574 514 2638 iratus
566 2574 860 2659 Iuppiter
920 2574 1068 2659 plus
1129 2596 1360 2641 nocere
1420 2574 1767 2660 potuisset,
1830 2597 2026 2659 quam
2087 2576 2309 2642 nocuit

308 2661 434 2726 sibi
495 2662 635 2746 ipse
698 2661 1032 2747 Regulus?
1104 2661 1307 2728 Nulla
1369 2663 1571 2749 igitur
1622 2662 1722 2728 vis
1773 2662 1901 2727 fuit
1955 2663 2307 2750 religionis,

308 2771 471 2833 quae
516 2753 769 2815 tantam
823 2750 1174 2815 utilitatem
1227 2755 1642 2836 perverteret.
1730 2750 1838 2816 An
1894 2774 1975 2817 ne
2029 2752 2308 2839 turpiter

305 2838 592 2904 faceret?
628 2837 919 2903 Primum
948 2838 1215 2903 minima
1242 2839 1555 2905 demalis.
1608 2837 1785 2905 Num
1812 2840 2015 2926 igitur
2051 2844 2307 2907 tantum

227 2942 281 2983 8⁰
308 2927 463 2991 mali
507 2926 840 3011 turpitudo
886 2926 1017 2992 ista
1059 2927 1372 3012 habebat,
1427 2930 1740 3012 quantum
1784 2927 1898 2992 ille
1941 2928 2306 2994 cruciatus?

305 3012 553 3079 Deinde
598 3014 762 3079 illud
807 3014 1006 3080 etiam
1052 3015 1222 3101 apud
1264 3015 1558 3081 Accium:

937 3158 941 3163 .
1491 3100 1897 3189 Fregisti'n
1941 3102 2217 3168 fidem?

393 3188 654 3274 Neque
701 3189 873 3256 dedi
916 3212 1164 3275 neque
1209 3191 1299 3258 do
1344 3188 1667 3256 infideli
1710 3188 2060 3274 cuiquam

306 3300 698 3362 quamquam
744 3278 827 3344 ab
864 3278 1064 3363 impio
1110 3299 1263 3365 rege
1300 3279 1551 3361 dicitur,
1595 3278 1920 3344 luculente
1956 3282 2178 3343 tamen
2217 3278 2306 3344 di-

226 3381 277 3422 85
304 3365 488 3431 citur.
550 3365 818 3431 Addunt
864 3366 1087 3450 etiam,
1142 3388 1334 3451 quem
1379 3368 1460 3432 ad
1514 3366 1776 3432 modum
1818 3388 1937 3431 nos
1994 3366 2278 3432 dicamus
2312 3384 2409 3434 103

303 3452 507 3520 videri
552 3454 866 3539 quaedam
919 3454 1133 3538 utilia,
1198 3476 1360 3539 quae
1415 3474 1545 3520 non
1608 3454 1765 3538 sint,
1828 3454 1921 3520 sic
1974 3475 2045 3520 se
2099 3455 2305 3521 dicere

304 3540 507 3606 videri
546 3542 859 3626 quaedam
894 3542 1188 3626 honesta,
1235 3564 1398 3626 quae
1435 3563 1567 3607 non
1603 3543 1751 3627 sint,
1799 3541 1894 3607 ‘ut
1929 3542 2052 3609 hoc
2091 3543 2304 3629 ipsum
