2630 3913
808 736 902 813 Μ.
962 738 1244 811 TULLI
1301 737 1793 813 CICERONIS

578 904 1130 989 LIBRORUM
1193 904 2023 989 DEPERDITORUM

992 1075 1613 1148 FRAGMENTA.

300 1391 377 1457 A.
444 1389 959 1455 ORATIONUM
1000 1388 1698 1455 DEPERDITARUM
1743 1389 2306 1455 FRAGMENTA.

432 1591 479 1651 Ι.
540 1588 704 1648 CUM
752 1587 1171 1659 QUAESTOR
1214 1589 1621 1649 LILYBAEO
1669 1590 2163 1650 DECEDERET.

430 1728 791 1794 Arusianus
834 1726 1105 1791 Messius
1138 1746 1204 1807 p.
1239 1729 1392 1790 226.
1439 1726 1624 1791 Lind.
1672 1726 1792 1791 Cic.
1838 1747 1974 1792 cum
2030 1733 2310 1809 quaestor

298 1817 587 1897 Lilybaeo
632 1816 958 1880 decederet:
1019 1813 1190 1897 quod
1235 1836 1366 1878 non
1415 1814 1773 1880 detrectare
1821 1815 2151 1900 militiam,
2198 1816 2307 1880 sed

299 1904 636 1971 defendere
682 1902 1079 1990 provinciam
1126 1902 1410 1968 iudicata
1452 1907 1567 1968 est.

249 2274 278 2314 ε.
901 2260 976 2319 II.
1036 2258 1187 2319 PRO
1234 2261 1300 2321 L.
1349 2261 1698 2323 VARENO.

439 2397 495 2478 1,
531 2396 590 2459 2.
635 2395 769 2460 Iuli
812 2395 1125 2460 Severiani
1171 2404 1489 2479 praecepta
1534 2401 1691 2464 artis
1742 2398 1888 2463 rhet.
1933 2403 2022 2464 23
2056 2420 2121 2481 p.
2165 2404 2303 2464 369.

300 2491 383 2550 19
409 2485 626 2549 Halm.
682 2484 814 2549 Cito
844 2489 1045 2548 tamen
1060 2487 1394 2568 principiis
1420 2492 1717 2568 aptantur
1742 2488 1899 2570 (loci
1922 2495 2308 2570 communes),

298 2579 370 2638 ut
410 2574 893 2638 misericordiam
937 2579 1192 2658 captent,
1235 2595 1374 2639 cum
1408 2581 1522 2640 aut
1553 2577 2046 2641 adversariorum
2082 2576 2305 2640 calum-

297 2663 466 2744 nias,
516 2662 834 2743 factiones,
892 2663 1278 2727 solitudinem
1332 2666 1589 2746 suscepti
1642 2665 1734 2729 vel
1786 2670 1977 2728 cetera
2030 2667 2160 2729 eius
2213 2667 2308 2728 in-

219 2771 272 2809 ιυ
297 2752 577 2830 fortunia
621 2771 1055 2829 memoramus,
1108 2756 1183 2815 ut
1219 2773 1341 2834 pro
1399 2753 1670 2817 Vareno:
1725 2752 1937 2817 Amici
1992 2753 2309 2836 deficiunt,

298 2838 559 2923 cognati
606 2839 909 2903 deserunt
945 2845 1003 2903 et
1033 2841 1288 2921 reliqua,
1334 2846 1447 2904 aut
1478 2846 1896 2905 accusatorum
1933 2843 2308 2906 calumniam

287 2929 638 3009 prodimus,
695 2933 768 2991 ut
816 2929 888 2992 in
939 2929 1139 2992 eodem
1194 2930 1351 2994 loco:
1413 2928 1490 2992 In
1543 2929 1992 2993 inimicissima
2047 2930 2308 2994 civitate

298 3020 561 3101 urgent,
605 3015 882 3099 instant,
931 3015 1322 3101 insecuntur,
1369 3018 1601 3100 studi0,
1646 3017 2080 3100 multitudine,
2124 3040 2308 3103 pecu-

299 3104 432 3187 nia,
480 3104 759 3188 periurio
806 3108 1118 3190 pugnant.

218 3211 270 3251 ιε)
431 3194 490 3275 3,
536 3194 597 3256 4.
641 3193 947 3258 Priscian.
987 3193 1129 3256 VII
1155 3198 1256 3258 14.
1294 3199 1379 3257 70
1413 3215 1479 3274 p.
1508 3198 1655 3258 348.
1699 3198 1783 3258 18
1828 3193 2040 3257 Hertz.
2105 3192 2308 3258 C'ieero

287 3302 409 3362 pro
448 3281 722 3345 Vareno:
769 3280 838 3346 O.
876 3281 1239 3345 Ancharius
1276 3280 1484 3345 Rufus
1524 3281 1650 3344 fuit
1697 3303 1731 3345 e
1779 3281 2125 3366 municipio
2163 3280 2215 3344 F
2218 3283 2309 3345 ul-

301 3370 541 3455 ginate.
612 3370 788 3434 Idem
833 3372 902 3434 in
946 3372 1185 3434 eadem:
1230 3369 1297 3433 in
1345 3369 1751 3454 praefectura
1795 3368 2157 3455 Fulginate.

434 3460 492 3522 5.
551 3458 803 3538 Quintil.
872 3459 933 3523 V
976 3465 1071 3523 13.
1130 3463 1221 3524 ,28
1282 3458 1370 3522 In
1423 3460 1997 3523 contradictionibus
2058 3460 2308 3523 interim

300 3551 492 3610 totum·
535 3548 761 3610 crimen
796 3549 1122 3630 exponitur
1160 3583 1240 3593 —-
1269 3547 1558 3628 pluribus
1595 3548 2108 3629 propositionibus
2143 3550 2309 3613 iunc-
