2630 3913
333 224 461 288 134
808 221 995 276 CATO
1032 221 1265 278 MAIOR
1300 222 1399 277 DE
1437 221 1859 277 SENECTUTE

260 366 302 430 3
463 383 636 451 Caro.
709 382 989 468 Faciam,
1033 388 1109 450 ut
1144 388 1393 470 potero,
1429 383 1630 448 Laeli.
1692 381 1897 468 Saepe
1934 383 2105 447 enim
2142 384 2337 448 inter·

261 444 293 494 ⁷
328 473 424 538 fui
471 472 747 556 querelis
803 472 1170 557 aequalium
1224 493 1515 537 meorum
1568 472 1786 557 (pares
1841 477 2060 538 autem
2119 475 2336 537 vetere

327 561 863 716 {mgffltss'ss'm
905 561 1181 713 3:3³2&
1226 560 1544 713 Ξῖῗέῗέἓ
1589 557 2336 714 {ffiwssssaffi

327 701 538 803 nostri
580 736 716 802 fere
752 671 1071 821 afeqttlialea
1110 672 1445 821 deplorare
1481 699 1800 821 sblebant,
1839 741 1983 802 tum
2019 736 2191 821 quod
2226 699 2335 801 vos
2388 755 2415 796 ⁵

329 825 692 910 luptatibus
748 829 1067 909 carerent,
1122 825 1261 890 sine
1318 825 1551 909 quibus
1604 826 1810 890 vitam
1854 825 2104 890 nullam
2150 828 2335 910 puta-

329 918 502 996 rent,
556 917 697 978 tum
745 913 914 997 quod
961 917 1417 998 spernerentur
1460 913 1544 977 ab
1589 913 1700 996 iis,
1755 936 1795 977 a
1840 913 2073 997 quibus
2120 917 2337 978 essent

331 1003 459 1069 coli
500 1002 696 1067 soliti.
760 999 885 1077 Qui
921 1001 1081 1066 mihi
1118 1023 1250 1066 non
1285 1002 1353 1065 id
1389 1001 1772 1066 videbantur
1810 1022 2128 1085 accusare,
2166 1001 2337 1085 quod

330 1095 502 1156 esset
549 1089 992 1155 accusandum.
1081 1088 1255 1154 Nam
1301 1090 1359 1153 si
1401 1090 1468 1153 id
1522 1089 1714 1174 eulpa
1769 1089 2118 1155 senectutis
2175 1089 2336 1154 acci·

331 1180 541 1263 deret,
597 1178 821 1243 eadem
866 1177 1029 1242 mihi
1080 1199 1203 1242 usu
1248 1177 1543 1243 venirent
1586 1177 1981 1262 reliquisque
2033 1177 2334 1243 omnibus
2365 1195 2418 1237 ιο

330 1266 685 1333 maioribus
728 1269 906 1349 natu,
951 1288 1224 1350 quorum
1261 1287 1383 1352 ego
1422 1266 1776 1330 multorum
1812 1266 2089 1351 cognovi
2126 1287 2338 1331 senec·

328 1361 537 1421 tutem
566 1355 703 1419 sine
731 1355 1011 1439 querela,
1057 1354 1167 1438 qui
1196 1376 1263 1417 se
1293 1357 1361 1418 et
1395 1353 1738 1419 libidinum
1773 1354 2048 1420 vinculis
2080 1353 2337 1419 laxatos

330 1466 471 1509 esse
531 1464 665 1508 ιιοιι
727 1444 997 1507 moleste
1061 1441 1306 1506 ferrent
1367 1463 1485 1507 nec
1549 1465 1588 1507 a
1642 1442 1776 1507 suis
1840 1442 2336 1528 despicerentur.

329 1530 455 1598 Sed
502 1530 790 1597 omnium
835 1530 1024 1595 istius
1072 1529 1246 1595 modi
1301 1531 1710 1613 querelarum
1762 1530 1832 1594 in
1891 1530 2181 1596 moribus
2238 1534 2339 1595 est

328 1622 537 1706 culpa,
582 1640 713 1684 non
758 1619 826 1682 in
872 1622 1102 1683 aetate.
1191 1617 1512 1682 Moderati
1558 1618 1729 1682 enim
1775 1621 1842 1683 et
1885 1639 2003 1683 nec
2041 1617 2337 1684 difficiles
2368 1636 2417 1678 ιε

327 1731 445 1774 nec
504 1705 842 1771 inhumani
916 1727 1097 1771 senes
1161 1705 1574 1770 tolerabilem
1646 1711 2043 1772 senectutem
2116 1711 2340 1808 agunt,

327 1796 765 1881 inportunitas
820 1797 1035 1858 autem
1091 1798 1157 1858 et
1209 1794 1651 1859 inhumanitas
1708 1794 1884 1859 omni
1939 1795 2142 1859 aetati
2206 1816 2339 1861 mo-

328 1886 499 1949 lesta
540 1886 657 1947 est.

259 1990 292 2040 8
462 1972 748 2038 Lamus.
817 1970 968 2054 Est,
1012 1974 1087 2036 ut
1132 1970 1318 2055 dicis,
1372 1969 1564 2055 Cato3
1612 1970 1725 2037 sed
1767 1971 2048 2038 fortasse
2105 1972 2339 2037 dixerit

329 2060 651 2145 quispiam
713 2059 837 2123 tibi
899 2062 1166 2143 propter
1230 2080 1386 2144 opes
1442 2065 1507 2125 et
1561 2060 1782 2145 copias
1829 2065 1894 2125 et
1949 2060 2336 2146 dignitatem
2364 2079 2417 2119 20

327 2157 509 2215 tuam
554 2146 1064 2213 tolerabiliorem
1110 2151 1506 2212 senectutem
1552 2148 1784 2231 videri,
1829 2148 1895 2213 id
1942 2153 2160 2213 autem
2204 2170 2338 2214 non

327 2258 520 2324 posse
565 2236 791 2301 multis
837 2237 1229 2321 contingere.

459 2324 635 2392 Gar-o.
706 2325 831 2389 Est
874 2323 1051 2388 istud
1087 2324 1364 2408 quidem,
1400 2323 1599 2408 Laeli,
1646 2324 1909 2409 aliquid,
1947 2324 2060 2389 sed
2095 2347 2339 2410 nequa-

330 2437 524 2500 quam
567 2414 638 2479 in
673 2413 801 2478 isto
831 2416 983 2477 sunt
1011 2412 1243 2477 omnia.
1298 2411 1392 2477 Ut
1409 2411 1878 2478 Themistocles
1922 2411 2132 2477 fertur
2170 2411 2339 2478 Seri-

326 2503 482 2589 phio
530 2502 783 2568 cuidam
828 2500 896 2564 in
949 2500 1161 2585 iurgio
1217 2500 1652 2585 respondisse,
1715 2522 1862 2566 cum
1905 2501 2017 2565 ille
2072 2501 2340 2566 dixisset
2368 2519 2420 2561 ιο

326 2612 458 2742 ιιὲιι
487 2612 634 2742 sulm
661 2611 796 2671 sua,
779 2588 954 2758 ‚lsed
980 2588 1299 2759 patrize
1263 2588 1476 2673 gloria
1506 2588 1920 2742 εΡΙὲιιᾶοι-θῖι
1938 2588 2339 2655 adsecutum:

428 2699 506 2743 ec
617 2698 796 2741 ercu
850 2697 884 2739 e
979 2697 1047 2739 m
1095 2698 1161 2741 ιιι
1305 2675 1370 2739 si
1416 2698 1450 2740 e
1520 2698 1558 2740 o
1670 2698 1782 2741 eri
1900 2699 2019 2742 lus
2080 2699 2324 2743 essem

328 2786 465 2830 nec
539 2769 624 2829 tu
695 2764 762 2829 si
825 2674 1368 2847 Athegiensis‚
1432 2696 1689 2830 Rarus
1744 2700 2095 2849 nimquam
2153 2727 2343 2831 fuis-²

331 2851 491 2918 ses?
591 2850 776 2928 Quod
841 2851 1063 2916 eodem
1127 2850 1321 2917 modo
1394 2850 1470 2917 de
1528 2856 1856 2918 senectute
1915 2853 2038 2918 dici
2106 2857 2340 2939 potest

326 2939 466 3007 Nec
513 2940 686 3005 enim
730 2940 801 3004 in
846 2961 1099 3005 summa
1133 2940 1356 3026 inopia
1392 2940 1553 3005 levis
1592 2964 1732 3007 esse
1779 2946 2074 3008 senectus
2123 2945 2341 3027 potest
2369 2961 2420 3001 ιο

331 3051 411 3094 ne
458 3028 744 3131 sapienti
799 3027 1055 3112 quidem
1126 3049 1244 3093 nec
1306 3028 1642 3114 insipienti
1706 3030 1906 3095 etiam
1965 3030 2033 3094 in
2089 3053 2342 3096 summa

259 3142 292 3192 9
329 3117 539 3289 ioaleili,
562 3116 1431 3270 ngrringrzgffecttstsstizzitlg?
1468 3117 2346 3291 gxercitiit'iiirliciisq1÷‹(³3ipxii)rti³1¹²

328 3297 488 3394 tum,
534 3314 698 3376 quae
743 3293 812 3356 in
858 3292 1033 3357 omni
1080 3296 1293 3357 aetate
1331 3293 1563 3378 cultae,
1608 3316 1754 3359 eum
1792 3295 1901 3360 diu
1938 3296 2343 3380 multumque

329 3380 586 3464 vixeris,
624 3380 929 3445 mirificos
960 3381 1249 3445 ecfenmt
1274 3380 1544 3462 fructus,
1579 3403 1712 3447 non
1739 3383 1954 3448 solum
1982 3384 2135 3468 quia
2164 3407 2344 3448 num·
2374 3403 2427 3444 ³5

378 3489 526 3531 uam
567 3431 875 3532 ’deserunt
945 3490 1026 3533 ne
1081 3472 1370 3534 extremo
1435 3431 1692 3553 quidem
1756 3475 2049 3556 tempore
2107 3472 2342 3537 aetatis

320 3489 753 3638 equamquam
808 3555 873 3618 id
929 3555 1184 3639 quidem
1240 3557 1592 3622 maximum
1640 3557 1799 3646 est),
1863 3581 2084 3625 verum
2144 3560 2345 3626 etiam
