2630 3913
682 214 1104 272 POEMATUM,
1143 216 1212 270 Η.
1249 216 1327 271 IV
1362 217 1400 271 b
1437 234 1489 272 v.
1528 222 1788 272 65-136.
2113 216 2244 280 385

235 379 477 460 Inspice
519 398 671 443 num
715 378 929 443 rubeat
969 377 1137 460 (fieri
1179 379 1342 459 quod
1383 398 1557 461 saepe
1597 379 1904 444 videmw:

231 466 451 534 Oreber
493 467 658 531 enim
703 467 902 532 educit
943 471 1254 531 contracta
1296 467 1454 531 nube
1496 467 1804 549 ruborem)

228 557 345 621 ,An
386 556 562 638 niqer
605 554 874 620 obscuret
910 556 1166 635 faciem:
1211 555 1386 637 niyer
1428 555 1665 620 indicat
1704 556 1953 639 imbres,

228 644 566 725 Rubroque
608 649 889 709 venturos
933 644 1152 725 species
1196 644 1518 707 denuntiat
1558 643 1786 709 Euros.
2144 659 2242 706 105

232 732 355 798 Sin
397 732 582 796 ruber
623 732 873 812 incipiet
914 733 1075 797 color
1119 732 1514 796 immiscerier
1556 737 1716 810 atro,

235 819 470 885 Omnia
513 824 658 884 tunc
700 819 913 884 Borea
944 821 1189 902 pariter
1219 820 1555 902 pluviaque
1596 819 1825 885 videbis

232 909 522 974 Fervere:
565 908 666 973 sin
708 909 880 972 radii
953 912 1185 991 coe‘ant,
1229 913 1609 990 crescantque
1649 908 1761 973 sub
1803 927 2025 991 unum,

235 995 396 1063 Cum
427 996 647 1079 pehqo
696 996 910 1074 Titan,
956 998 1204 1061 terrisve
1247 997 1584 1061 admoverit
1624 996 1849 1080 orbem,

236 1086 375 1150 Aut
420 1085 607 1149 lateat
646 1085 840 1149 victus
872 1105 990 1166 per
1032 1085 1274 1163 nubila,
1317 1086 1442 1149 sive
1484 1085 1694 1149 relicta
2146 1101 2243 1147 110

239 1173 428 1238 Nocte
459 1177 672 1254 petens
716 1172 931 1251 lucem,
975 1192 1081 1238 seu
1123 1177 1355 1238 noctem
1401 1174 1528 1238 luce
1568 1173 1806 1255 relicta,

237 1258 373 1325 Illa
417 1261 547 1325 dies
579 1261 856 1342 pluviaS,
901 1266 960 1325 et
998 1281 1154 1342 quae
1196 1265 1478 1326 nascetur
1519 1261 1598 1326 ab
1640 1261 1755 1327 illa

239 1348 550 1427 Proferet:
592 1348 728 1413 Eoo
771 1369 880 1414 nec
920 1350 979 1414 si
1010 1350 1377 1431 praeeuntia
1419 1350 1581 1414 caelo

240 1437 480 1502 Nubila
522 1435 631 1501 Sol
673 1438 875 1502 radiis
907 1437 1075 1519 picto
1120 1438 1422 1503 disiecerit
1461 1443 1655 1519 astr0,

239 1525 348 1591 Sis
378 1525 631 1607 pluviae
673 1526 967 1606 iqnarus:
1012 1527 1071 1591 si
1112 1546 1175 1591 se
1222 1526 1513 1591 Titanius
1555 1487 1721 1591 orbis
2146 1539 2242 1588 115

240 1613 377 1678 Eoo
423 1614 542 1677 late
584 1613 903 1714 diffuderit
943 1634 1197 1715 aequore
1238 1634 1517 1697 surqens,

241 1701 402 1766 Inde
443 1703 774 1785 maqisque,
819 1703 1130 1784 mayisque
1172 1722 1529 1784 eaxsparsum
1572 1700 1895 1767 contrahat
1933 1702 2158 1784 iynem,

242 1789 505 1854 Dulcior
547 1789 762 1854 aethra
803 1790 1023 1874 subest,
1055 1791 1272 1872 pluvio
1315 1811 1379 1855 se
1422 1796 1681 1873 tempore
1721 1811 2077 1873 quanquam

240 1878 567 1942 Abdiderit
606 1876 913 1944 Phoebus:
956 1880 1015 1943 si
1056 1879 1218 1944 caelo
1262 1880 1484 1944 decidit
1522 1879 1738 1964 imber,

239 1968 349 2032 Ex
392 1967 578 2032 imbri
620 1968 875 2032 alterius
916 1972 1138 2033 sortem
1184 1973 1237 2033 te
1278 1988 1566 2050 quaerere
1609 1969 1786 2047 lucis,
2147 1984 2245 2033 120

244 2055 618 2137 Nubilaque,
663 2061 721 2119 et
761 2055 962 2121 Solem
1005 2076 1214 2121 moneo
1257 2062 1522 2138 spectare
1566 2058 1887 2122 cadentem

245 2143 420 2208 Nam
462 2145 522 2209 si
561 2144 778 2226 niqrae
820 2144 1023 2209 obiens
1064 2146 1364 2209 condatur
1405 2163 1640 2209 carcere
1681 2145 1862 2210 nubis

243 2230 547 2313 Phoebus,
592 2237 650 2296 et
691 2233 906 2315 exiquo
948 2234 1118 2297 radii
1157 2233 1395 2314 fulyore
1438 2233 1731 2297 micantes

243 2319 624 2385 Immensum
666 2320 903 2386 nebulis
945 2321 1525 2401 circumfundantur
1566 2321 1638 2385 in
1680 2319 1907 2402 ονόεηι,

242 2408 394 2473 Non
436 2409 556 2473 erit
595 2409 851 2473 alterius
891 2410 1106 2474 melior
1145 2410 1406 2489 fortuna
1448 2408 1586 2473 diei.
2148 2423 2246 2471 125

242 2495 455 2561 Purus
496 2501 567 2562 at
606 2496 946 2579 Hesperias
987 2499 1046 2563 si
1088 2495 1198 2564 Sol
1243 2497 1487 2562 labatur
1529 2497 1599 2561 in
1641 2497 1870 2578 emdas,

244 2582 517 2666 Cumque
546 2590 744 2667 parat
786 2586 965 2650 terris
1007 2586 1078 2651 in
1122 2605 1319 2667 aquas
1362 2587 1632 2667 miqrare
1672 2585 1924 2668 relictis,

255 2672 508 2737 Vicinae
549 2673 806 2737 rubeant
847 2674 1059 2758 nubes,
1101 2694 1227 2739 non
1270 2675 1578 2739 crastinus
1620 2673 1835 2752 imber,

242 2760 393 2825 Non
438 2761 549 2825 tibi
590 2767 883 2825 nocturno
928 2768 1017 2827 est
1055 2763 1408 2827 metuendus
1451 2767 1711 2845 tempore
1751 2761 2012 2827 nimbus.

240 2847 321 2914 Si
364 2848 531 2914 Solis
572 2851 742 2914 radii
785 2850 984 2933 niqris
1027 2851 1317 2916 absconsa
1363 2850 1618 2915 tenebris
2148 2864 2249 2913 130

239 2937 592 3003 Marcentes
633 2939 831 3004 nitido
873 2940 1230 3020 depromant
1274 2939 1517 3003 lumina
1559 2938 1748 3022 caelo,

240 3022 339 3089 Ut
383 3047 528 3090 cum
572 3025 729 3091 luna
773 3048 996 3092 means
1040 3025 1434 3112 Hyperionis
1482 3024 1683 3091 officit
1728 3024 1898 3109 orbi,

241 3110 677 3199 Stinguuntur
720 3115 886 3180 radii
931 3136 1118 3181 caeca
1163 3114 1439 3201 caligine
1483 3113 1665 3198 tecti,

240 3201 377 3265 Aut
418 3201 656 3267 Phoebo
699 3204 1031 3269 instantem
1076 3205 1352 3269 tardanti
1394 3204 1639 3268 reddere
1682 3202 1898 3286 lucem,

241 3289 323 3355 Se
368 3296 487 3356 toto
526 3293 803 3372 fundant
845 3293 963 3356 late
1004 3293 1185 3375 iynea
1226 3292 1444 3357 nubila
1487 3290 1678 3369 caelo,
2150 3306 2251 3354 135

239 3378 390 3443 Non
433 3381 589 3445 sicco
620 3400 979 3463 praeynans
1021 3381 1217 3446 arebit
1249 3381 1497 3463 pulvere
1541 3379 1740 3462 tellus,

381 3569 448 3625 V.
492 3577 590 3626 132
613 3588 692 3639 sq.
735 3571 912 3627 Prisc.
953 3571 1016 3625 X
1046 3577 1103 3629 2.
1141 3576 1207 3627 11
1238 3588 1298 3641 p.
1339 3576 1460 3627 504.
1500 3575 1593 3627 20.

349 3667 459 3711 010.
487 3669 569 3711 Π.
598 3671 637 3710 3.
1866 3666 1934 3715 25
