2630 3913
368 205 495 265 146
847 199 1032 254 CATO
1070 198 1303 253 MAIOR
1340 198 1438 251 DE
1478 197 1900 252 SENECTUTE

366 361 474 448 Sp.
535 361 935 444 Postumiae,
998 359 1069 424 Τ.
1123 358 1433 424 Veturius
1496 360 1791 424 consules
1859 361 2145 445 superati
2209 368 2378 445 sunt,

365 452 653 516 locutum
682 449 1040 532 Archytam
1067 446 1403 512 Nearchus
1433 445 1838 531 Tarentinae,
1870 448 2109 534 hospes
2135 454 2379 533 noster,

368 540 478 624 qui
504 540 573 603 in
610 536 895 603 amicitia
929 534 1156 620 populi
1182 534 1463 600 Romani
1496 541 1963 622 permanserat,
1999 558 2068 602 se
2106 560 2145 602 a
2181 538 2378 603 maio—

366 628 547 692 ribus
591 631 750 691 natu
796 624 1117 709 accepisse
1164 623 1447 707 dicebat,
1494 646 1640 689 cum
1686 624 1944 709 quidem
1991 626 2050 690 ei
2095 626 2379 691 sermoni

366 715 768 780 interfuisset
801 711 994 777 Plato
1026 711 1462 795 AtheniensiS,
1509 734 1700 796 quem
1738 711 2091 778 Tarentum
2126 714 2380 778 venisse
2435 732 2464 773 ο

262 819 330 868 42
366 803 436 868 L.
480 801 776 886 Camillo,
822 801 947 886 Ap.
993 799 1264 866 Claudio
1311 800 1684 865 consulibus
1731 802 1999 885 reperio.
2091 800 2378 877 Quorsus

366 891 533 957 hoc?
598 889 691 955 Ut
725 888 1213 975 intellegeretis,
1248 888 1306 953 si
1334 889 1737 974 voluptatem
1765 890 2098 974 aspernari
2126 891 2379 955 ratione

369 983 436 1045 et
490 978 810 1063 sapientia
859 999 990 1042 non
1043 998 1407 1064 possemus,
1461 999 1765 1064 magnam
1818 978 2185 1043 habendam
2237 1000 2380 1043 esse

370 1068 684 1133 senectuti
738 1066 1046 1153 gratiam,
1098 1087 1274 1151 ,quae
1330 1064 1636 1149 efficeret,
1699 1069 1774 1130 ut
1826 1066 1894 1130 id
1944 1088 2076 1132 non
2129 1067 2382 1151 liberet,

370 1155 541 1241 quod
570 1178 702 1221 non
739 1158 1085 1240 oporteret.
1154 1153 1438 1238 Impedit
1474 1155 1645 1219 enim
1682 1154 2018 1219 consilium
2054 1157 2379 1240 voluptas,
2410 1174 2464 1213 ιο

368 1244 609 1310 rationi
651 1244 913 1309 inimica
958 1247 1077 1327 est,
1121 1242 1376 1326 mentis,
1421 1247 1495 1308 ut
1536 1243 1633 1307 ita
1677 1242 1902 1328 dicam,
1951 1244 2277 1327 praestrin
2332 1245 2381 1307 't

370 1334 592 1400 oculos
635 1354 753 1398 nec
788 1332 989 1397 habet
1024 1332 1233 1396 ullum
1270 1353 1416 1396 cum
1452 1331 1695 1396 virtute
1732 1331 2201 1396 commercium
2356 1368 2380 1380 -

315 1447 320 1452 ·
368 1422 543 1488 vitus
605 1421 756 1505 feci,
817 1424 892 1486 ut
952 1419 1297 1484 fortissimi
1359 1419 1482 1483 viri
1546 1418 1616 1483 Τ.
1680 1417 2030 1484 Flaminini
2091 1420 2380 1504 fratrem,

369 1510 440 1575 L.
484 1509 946 1591 Flamininum,
1001 1529 1036 1572 e
1091 1510 1321 1572 senatu
1366 1507 1635 1572 eicerem
1682 1511 1932 1592 septem
1979 1508 2164 1573 annis
2209 1513 2380 1593 post,

372 1620 566 1683 quam
611 1598 835 1663 consul
880 1595 1138 1679 fuisset,
1192 1594 1307 1659 sed
1358 1595 1711 1660 notandam
1755 1597 1981 1679 putavi
2026 1597 2376 1661 libidinem.
2408 1613 2460 1654 ιε

369 1685 493 1750 Ille
531 1685 719 1768 enim,
764 1707 910 1751 cum
947 1687 1117 1748 esset
1154 1684 1435 1748 consul
1415 1705 1485 1747 m
1522 1681 1756 1766 Gallia,
1793 1685 2148 1749 exoratus
2128 1707 2198 1749 m
2233 1707 2380 1750 con-

369 1774 542 1840 vivio
590 1795 630 1837 a
685 1776 897 1837 scorto
957 1775 1081 1855 est,
1135 1775 1210 1835 ut
1263 1772 1471 1836 securi
1522 1770 1748 1836 feriret
1802 1772 2084 1855 aliquem
2139 1795 2379 1857 eorum,

372 1862 482 1945 qui
525 1862 594 1924 in
638 1860 911 1925 vinculis
959 1863 1175 1923 essent
1220 1859 1511 1924 damnati
1547 1859 1642 1924 rei
1678 1860 1996 1945 capitalis.
2068 1859 2193 1926 Hic
2228 1860 2378 1925 Tito

312 2008 316 2015 .
369 1949 573 2014 fratre
638 1970 754 2013 suo
818 1969 1107 2033 censore,
1182 1948 1293 2032 qui
1354 1948 1687 2033 proximus
1752 1952 1902 2014 ante
1971 1972 2072 2014 me
2143 1949 2378 2034 fuerat,

371 2039 629 2122 elapsus
677 2041 802 2121 est3
854 2036 1015 2100 mihi
1069 2058 1220 2102 vero
1277 2040 1344 2101 et
1395 2035 1627 2103 Flacco
1682 2037 2058 2121 neutiquam
2111 2038 2378 2122 probari
2407 2055 2462 2096 πο

371 2126 586 2212 potuit
629 2130 765 2190 tam
810 2124 1139 2212 flagitiosa
1184 2131 1249 2189 et
1294 2129 1432 2190 tam
1471 2125 1727 2227 perdita
1761 2125 1984 2210 libido,
2031 2148 2194 2211 quae
2232 2149 2376 2192 cum

303 2214 610 2310 3probro
674 2214 932 2299 privato
996 2213 1413 2299 coniungeret
1473 2214 1729 2298 imperii
1787 2214 2074 2280 dedecus.
2175 2212 2378 2300 Saepe
2506 2239 2520 2252 ·

303 2262 588 2369 3ειιιιιινι
634 2324 711 2367 ex
756 2302 1110 2368 maioribus
1153 2305 1332 2385 natu,
1377 2302 1488 2403 qui
1532 2324 1601 2367 se
1637 2324 1832 2386 porro
1914 2323 2103 2367 ueros
2141 2325 2181 2367 a
2216 2304 2379 2368 seni·

372 2393 493 2456 bus
553 2391 809 2456 audisse
872 2390 1194 2474 dicebant,
1258 2390 1482 2454 mirari
1547 2390 1814 2454 solitum
1992 2389 2378 2474 Fabricium,

373 2480 561 2566 quod,
598 2501 819 2545 cuma
780 2479 950 2544 aud
986 2500 1205 2564 regem
1232 2476 1554 2563 Pyrrhum
1582 2478 1643 2542 le
1693 2482 1838 2543 atus
1869 2484 2058 2563 esset,
2093 2481 2379 2545 audisset
2406 2498 2459 2539 ιο

374 2592 412 2632 a
456 2567 768 2632 Thessalo
870 2567 1015 2631 inea
1070 2587 1208 2631 esse
1263 2566 1581 2650 quendam
1608 2500 1935 2651 e{theniffi
1991 2568 2103 2652 qui
2157 2589 2225 2633 se
2283 2590 2378 2633 sa-

370 2655 656 2740 pientem
700 2654 1132 2739 profiteretur,
1178 2675 1449 2738 eumque
1491 2653 1698 2719 dicere
1736 2655 1970 2737 omnia,
2017 2678 2181 2739 quae
2215 2655 2378 2721 face-

373 2764 614 2826 remus,
678 2743 759 2807 ad
821 2742 1017 2826 volup
1021 2745 1226 2806 tatem
1290 2763 1430 2807 esse
1492 2742 1842 2808 referenda.
1933 2742 2117 2819 Quod
2172 2766 2248 2809 ex
2302 2766 2377 2810 eo

372 2831 704 2897 audientes
749 2829 853 2894 Μ’.
892 2828 1157 2894 Curium
1203 2833 1270 2894 et
1304 2829 1401 2894 Ti.
1439 2828 1911 2896 Coruncanium
1957 2836 2184 2917 optare
2231 2832 2377 2898 soli-

371 2925 504 3003 tos,
562 2923 637 2984 ut
689 2918 756 2983 id
811 2915 1209 2982 Samnitibus
1264 2919 1515 3002 ipsique
1559 2919 1810 3004 Pyrrho
1863 2919 2378 3006 persuaderetur,
2407 2940 2460 2980 so

373 2970 504 3093 qud
544 3007 802 3073 facilius
847 3006 1018 3071 vinci
1061 3011 1344 3091 possent,
1392 3028 1535 3073 cum
1581 3029 1650 3072 se
1686 3008 2133 3092 voluptatibus
2171 3009 2379 3074 dedis-

374 3100 537 3162 sent.
633 3094 905 3160 Vixerat
956 3094 1040 3158 Μ’
1045 3145 1058 3158 .
1114 3093 1345 3160 Curius
1401 3117 1545 3161 cum
1607 3095 1677 3160 P.
1734 3096 1961 3179 Decio,
2027 3097 2137 3180 qui
2201 3098 2379 3181 quin·

375 3184 650 3269 quennio
699 3187 848 3248 ante
895 3205 1042 3247 eum
1087 3184 1415 3249 consulem
1462 3205 1529 3248 se
1574 3206 1692 3268 pro
1739 3206 1809 3249 re
1847 3185 2109 3269 publica
2146 3189 2378 3270 quarto

374 3273 714 3338 consulatu
768 3272 1141 3356 devoverat3
1201 3275 1394 3336 norat
1449 3271 1718 3337 eundem
1773 3271 2136 3357 Fabricius,
2189 3278 2381 3339 norat

375 3358 840 3443 Coruncanius3
887 3360 998 3444 qui
1043 3381 1187 3424 cum
1224 3382 1298 3425 ex
1337 3381 1454 3425 sua
1495 3360 1649 3442 vita,
1694 3365 1836 3425 tum
1874 3383 1950 3425 ex
1988 3362 2143 3446 eiuS,
2190 3383 2381 3446 quem
2409 3379 2464 3421 ss

376 3447 542 3531 dico,
588 3447 745 3512 Deci
819 3448 992 3513 facto
1038 3447 1409 3513 iudicabant
1455 3469 1594 3513 esse
1640 3449 1931 3533 profecto
1980 3449 2226 3535 aliquid
2271 3473 2381 3515 na-

377 3537 523 3597 tura
584 3535 924 3617 pulchrum
988 3541 1183 3620 atque
1244 3536 1675 3621 praeclarum,
1741 3538 1912 3622 quod
1975 3559 2092 3603 sua
2149 3542 2382 3624 sponte

273 2184 351 2247 13
