2630 3913
374 162 461 223 44
500 198 508 207 .
1158 158 1257 212 DE
1293 158 1591 213 OFFICIIS

377 344 774 407 quarumque
818 322 1104 407 partium
1150 321 1439 405 corporis
1485 342 1638 385 usus
1676 325 1827 385 sunt
1861 320 2226 405 necessarii,
2274 343 2385 386 eas

375 432 580 495 neque
624 415 843 496 partes
889 431 1095 493 neque
1142 431 1362 474 earum
1401 430 1552 473 usus
1591 409 1724 473 suis
1760 409 2130 474 nominibus
2167 410 2387 495 appel-

376 498 543 581 lant3
595 498 890 582 quodque
934 497 1145 563 facere
1191 502 1380 581 turpe
1424 518 1558 562 non
1602 502 1720 581 est,
1765 498 1957 563 modo
2004 498 2273 581 occulte,
2318 497 2386 562 id
2453 537 2457 541 ·

378 587 585 653 dicere
631 587 978 652 obscenum
1026 590 1141 650 est.
1214 585 1443 668 Itaque
1487 606 1604 650 nee
1645 586 1816 651 actio
1861 607 2077 650 rerum
2121 586 2385 650 illarum

274 690 375 741 128
406 679 632 760 aperta
667 674 1031 759 petulantia
1065 677 1255 738 vacat
1290 695 1408 738 nec
1443 673 1755 738 orationis
1795 674 2177 738 obscenitas,
2247 672 2384 738 Nec
2441 691 2469 732 5

378 785 530 827 vero
586 762 882 827 audiendi
936 766 1086 827 sunt
1134 760 1381 845 Cynici,
1436 764 1550 825 aut
1602 761 1659 824 si
1716 762 1827 845 qui
1877 761 2139 827 fuerunt
2184 759 2386 827 Stoici

376 873 579 935 paene
626 849 876 934 Cynici,
926 851 1036 934 qui
1081 849 1558 934 reprehendunt
1603 853 1670 913 et
1713 849 2043 945 inrident),
2076 851 2247 933 quod
2292 872 2399 939 ea,

381 961 542 1023 quae
588 939 806 1024 turpia
850 959 981 1003 non
1027 937 1158 1002 sint
1153 986 1209 1028 γ
1238 938 1453 1002 verbis
1510 936 1841 1022 flagitiosa
1884 938 2188 1003 ducamus
2198 988 2216 1022 ,
2269 937 2389 1004 illa

380 1031 640 1113 autem,-
677 1048 839 1112 quae
883 1027 1102 1111 turpia
1152 1026 1321 1111 sint!
1361 1026 1730 1090 nominibus
1788 1027 2186 1111 appellemus
2235 1026 2387 1090 suis.

377 1115 809 1198 Latrocinari,
870 1114 1196 1196 fraudare,
1270 1113 1663 1196 adulterare,
1696 1135 1765 1178 re
1827 1119 2017 1200 turpe
2083 1120 2207 1197 est,
2273 1114 2386 1179 sed
2417 1132 2469 1172 ιο

380 1204 612 1269 dicitur
646 1225 777 1268 non
814 1202 1114 1286 obscene3
1162 1203 1386 1267 liberis
1433 1202 1584 1266 dare
1631 1223 1894 1287 operam
1930 1224 1998 1267 re
2040 1204 2386 1268 honestum

380 1297 499 1374 est,
532 1291 791 1357 nomine
829 1292 1203 1373 obscenum3
1245 1291 1557 1374 pluraque
1592 1289 1661 1353 in
1699 1312 1841 1354 eam
1879 1291 2264 1359 sententiam
2302 1292 2385 1356 ab

379 1381 618 1445 eisdem
675 1383 902 1445 contra
955 1378 1401 1444 verecundiam
1457 1378 1885 1462 disputantur.
1974 1378 2112 1443 Nos
2170 1383 2386 1444 autem

377 1473 678 1534 naturam
744 1489 1088 1551 sequamur
1152 1472 1217 1531 et
1281 1467 1363 1530 ab
1429 1467 1605 1530 omni
1608 1506 1653 1567 ,1
1699 1466 1868 1549 quod
1932 1467 2239 1532 abhorret
2303 1468 2385 1532 ab

380 1557 711 1622 oculorum
766 1555 1144 1638 auriumque
1200 1554 1715 1664 approbationes
1757 1554 2111 1640 fugiamus;
2175 1559 2386 1621 status
2417 1573 2469 1614 1⁵

378 1647 683 1725 incesSUS,
730 1642 931 1707 sessio
978 1641 1315 1723 accubitio,
1365 1643 2134 1742 vultus,oculi,manuum
2171 1649 2388 1709 motus

277 1746 375 1800 129
405 1735 626 1797 teneat
669 1729 833 1794 illud
880 1730 1195 1796 decorum.
1287 1728 1531 1805 Quibus
1586 1753 1656 1794 in
1700 1731 1891 1796 rebus
1938 1733 2061 1797 duo
2109 1733 2388 1798 maxime

381 1823 532 1885 sunt
574 1818 909 1904 fugienda,
962 1840 1044 1883 ne
1099 1817 1253 1901 quid
1306 1818 1745 1883 effeminatum
1797 1824 1909 1883 aut
1954 1821 2152 1885 molle
2198 1824 2263 1885 et
2307 1843 2388 1886 ne

380 1907 533 1993 quid
589 1907 816 1972 durum
871 1911 984 1972 aut
1028 1907 1342 1971 rusticum
1388 1907 1492 1972 sit.
1581 1905 1717 1973 Nec
1761 1929 1914 1974 vero
1961 1908 2387 1976 histrionibus

380 1996 875 2079 oratoribusque
922 1994 1391 2060 concedendum
1429 1999 1555 2079 est,
1600 2000 1673 2059 ut
1717 1996 1797 2060 iis
1834 1995 1994 2062 haec
2039 2002 2196 2083 apta
2239 1998 2388 2081 sint,
2416 2017 2468 2057 zo

378 2084 567 2149 nobis
633 2084 965 2149 dissoluta.
1074 2081 1524 2149 Scaenicorum
1598 2084 1854 2167 quidem
1917 2107 2058 2151 mos
2130 2090 2388 2151 tantam

378 2173 580 2237 habet
634 2175 847 2236 vetere
904 2171 1244 2257 disciplina
1297 2171 1770 2256 verecundiam,
1833 2177 1906 2237 ut
1966 2174 2034 2237 in
2090 2196 2388 2239 scaenam

382 2261 520 2325 sine
566 2261 971 2346 subligaculo
1017 2260 1288 2344 prodeat
1333 2282 1550 2343 nemo3
1594 2264 1900 2326 verentur
1946 2262 2151 2362 enims
2187 2285 2286 2347 ne,
2331 2264 2389 2327 si

383 2370 510 2433 quo
564 2371 717 2415 casu
771 2349 1089 2450 evenerit,
1134 2354 1209 2414 ut
1265 2348 1553 2433 corporis
1608 2354 1828 2433 partes
1885 2350 2198 2433 quaedam
2245 2373 2388 2436 ape·

295 2487 304 2524 ³
380 2438 650 2521 riantur,
697 2437 1094 2521 aspiciantur
1137 2459 1268 2501 non
1313 2436 1555 2502 decore.
1626 2435 1870 2502 Nostro
1909 2438 2164 2522 quidem
2210 2461 2388 2505 more
2416 2456 2467 2497 ²⁶

295 2537 300 2558 ³
381 2548 528 2591 cum
573 2525 950 2610 parentibus
994 2526 1269 2609 puberes
1314 2525 1462 2608 filii,
1517 2546 1661 2589 cum
1708 2526 1947 2590 soceris
1995 2527 2216 2612 generi
2258 2549 2390 2593 non

381 2614 700 2678 lavantur.
789 2612 1151 2677 Retinenda
1212 2612 1416 2698 igitur
1478 2616 1579 2677 est
1640 2613 1832 2677 huius
1896 2615 2149 2700 generis
2218 2637 2390 2680 vere-

384 2701 641 2784 cundia,
686 2701 1070 2785 praesertim
1115 2704 1351 2764 natura
1394 2701 1537 2784 ipsa
1582 2701 1898 2785 magistra
1943 2707 2008 2767 et
2056 2703 2228 2769 duce.

279 2756 382 2884 {⁹550
516 2786 680 2853 Cum
720 2792 938 2853 autem
974 2788 1470 2873 pulchritudinis
1504 2788 1628 2854 duo
1667 2810 1905 2874 genera
1931 2790 2080 2874 sint,
2118 2813 2390 2875 quorum

382 2878 451 2942 in
498 2877 704 2941 altero
751 2880 1056 2942 venustas
1104 2876 1215 2959 sit,
1260 2876 1330 2940 in
1375 2878 1580 2941 altero
1629 2877 1911 2963 dignitas
1920 2929 1937 2960 ,
1984 2884 2390 2945 venustatem
2418 2897 2468 2936 ω

384 2965 766 3030 muliebrem
794 2966 1021 3031 ducere
1042 2964 1364 3046 debemuS‚
1394 2965 1778 3050 dignitatem
1802 2965 2073 3031 virilem.
2117 2966 2296 3054 Ergo
2326 2974 2391 3033 et

385 3076 425 3119 a
459 3054 672 3119 forma
708 3056 1117 3118 removeatur
1153 3054 1362 3118 omnis
1400 3054 1540 3118 viro
1576 3075 1706 3118 non
1744 3054 1974 3140 dignus
2004 3060 2290 3141 ornatus,
2326 3062 2392 3122 et

383 3142 535 3207 huic
562 3141 773 3206 simile
809 3140 1040 3206 vitium
1075 3141 1145 3205 in
1182 3145 1372 3226 gestu
1408 3146 1715 3225 motuque
1744 3148 2063 3208 caveatur.
2126 3143 2299 3209 Nam
2326 3151 2391 3210 et

385 3230 756 3315 palaestrici
802 3234 1019 3294 motus
1066 3234 1217 3294 sunt
1255 3251 1446 3314 saepe
1484 3229 1853 3314 o‘diosiores,
1901 3236 1966 3297 et
2001 3231 2391 3299 histrionum

385 3339 518 3383 non
570 3317 737 3382 nulli
791 3321 1014 3404 gestus
1068 3317 1332 3402 ineptiis
1386 3339 1519 3381 non
1571 3325 1830 3401 vacant,
1885 3324 1950 3385 et
2002 3320 2073 3383 in
2118 3326 2392 3405 utroque
2418 3339 2468 3381 ³⁵

389 3426 622 3490 genere
668 3427 832 3489 quae
879 3410 1030 3471 sunt
1075 3410 1252 3471 recta
1296 3410 1364 3469 et
1409 3405 1769 3491 simplicia*
1807 3407 2170 3474 laudantur.
2239 3408 2392 3475 For·

388 3514 533 3556 mae
579 3497 793 3556 autem
841 3493 1123 3576 dignitas
1170 3493 1407 3559 coloris
1444 3494 1736 3559 bonitate
1778 3496 2015 3561 tuenda
2054 3501 2170 3574 est,
2216 3497 2393 3564 color
