2630 3913
783 206 915 260 ΠΒ.
953 207 1020 263 11.
1096 206 1248 262 CAP.
1292 214 1342 274 ⁷,
1379 213 1427 262 8.
1495 213 1524 273 ἓ
1561 214 1787 263 23-28.
2212 209 2304 273 65

284 372 491 436 telum
537 370 1009 453 occultaretur
1034 368 1458 453 exquirerent.
1530 367 1587 434 Ο
1631 369 1956 454 miserum,
2002 371 2113 455 qui
2147 370 2298 436 fide·

285 461 514 525 liorem
564 462 630 523 et
675 457 1023 522 barbarum
1071 462 1136 521 et
1182 457 1585 543 stigmatiam
1621 462 1884 543 putaret
1921 481 2115 542 quam
2153 481 2296 525 con-

284 549 529 634 iugem!
604 545 741 611 Nec
778 567 923 610 eum
959 543 1221 629 fefellit3
1266 548 1349 611 ab
1387 568 1462 610 ea
1500 549 1600 610 est
1636 547 1805 610 enim
1840 548 1985 632 ipsa
2029 550 2297 649 propter

283 637 599 738 pelicatus
657 633 1088 718 suspicionem
1140 634 1534 699 interfectus.
1624 634 1688 699 N
1690 656 1761 699 ec
1813 656 1966 699 vero
2012 636 2151 699 ulla
2195 636 2294 700 vis

231 743 259 783 ε
285 724 541 809 imperii
604 727 793 787 tanta
856 726 988 806 est
1046 744 1207 806 quae
1271 726 1602 807 premente
1658 727 1836 788 metu
1890 724 2100 808 possit
2155 745 2294 788 esse

286 815 605 878 diuturna.
687 810 899 875 Testis
946 815 1047 874 est
1090 809 1408 894 Phalaris,
1453 811 1631 876 cuius
1679 815 1780 875 est
1822 816 2081 897 praeter
2127 816 2294 877 cete·
2330 828 2411 876 26⁵

283 923 392 967 ros
437 899 788 965 nobilitata
832 898 1205 983 crudelitas,
1262 899 1373 983 qui
1426 921 1557 963 non
1613 921 1688 963 ex
1732 900 1984 965 insidiis
2029 901 2297 984 interiit,

285 994 359 1055 ut
402 989 496 1078 is)
544 1009 731 1072 quem
780 986 970 1052 modo
1019 986 1193 1072 (11111),
1230 987 1623 1070 Alexander,
1667 1009 1799 1052 non
1844 1011 1884 1052 a
1927 989 2176 1073 paucis,
2221 994 2296 1053 ut

285 1078 393 1142 hic
427 1081 666 1160 noster,
705 1075 870 1140 sed
850 1097 921 1138 111
957 1096 1147 1159 (1116111
1183 1075 1484 1139 universa
1517 1075 2095 1160 Agrigentinorum
2134 1078 2294 1141 mul·

209 1185 260 1223 ιο
286 1165 501 1230 titudo
554 1165 869 1248 impetum
920 1162 1091 1228 fecit.
1182 1162 1391 1238 Quid?
1479 1163 1859 1229 Macedones
1913 1186 2126 1229 nonne
2172 1164 2295 1230 De-

288 1252 593 1318 metrium
636 1252 1037 1336 reliquerunt
1089 1251 1498 1335 universique
1545 1272 1613 1315 se
1661 1250 1742 1316 ad
1785 1251 2104 1335 Pyrrhum
2151 1275 2295 1318 con·

289 1340 623 1405 tulerunt?
710 1339 921 1415 Quid?
1010 1339 1552 1404 Lacedaemonios
1607 1340 1847 1404 iniuste
1900 1340 2293 1425 imperantes

290 1449 503 1493 nonne
530 1433 787 1512 repente
824 1450 1046 1492 omnes
1071 1428 1208 1492 fere
1239 1428 1395 1493 socii
1425 1428 1842 1493 deseruerunt
1848 1431 2293 1514 ,spectatores-

295 1538 419 1600 que
481 1538 546 1580 se
609 1517 853 1581 otiosos
917 1518 1355 1601 praebuerunt
1418 1516 1791 1581 Leuctricae
1856 1517 2293 1585 calamitatis?

214 1624 267 1664 15
293 1605 575 1669 Externa
619 1604 927 1669 libentius
970 1605 1041 1669 in
1082 1605 1204 1669 tali
1249 1627 1320 1669 re
1359 1627 1552 1689 quam
1589 1605 1943 1669 domestica
1977 1606 2294 1670 recordor.
2332 1610 2373 1673 8

291 1693 529 1759 Verum
592 1698 837 1776 tamen,
903 1714 1096 1776 quam
1159 1693 1269 1758 diu
1308 1693 1691 1795 imperium
1735 1693 1961 1779 populi
2016 1693 2295 1758 Romani

288 1781 613 1847 beneficiis
657 1783 1016 1865 tenebatur,
1060 1803 1191 1846 non
1234 1781 1514 1864 iniuriis,
1560 1782 1735 1847 bella
1780 1783 1893 1846 aut
1936 1804 2056 1867 pro
2106 1783 2294 1847 sociis

288 1875 401 1936 aut
446 1870 523 1934 de
566 1869 840 1955 imperio
887 1870 1294 1954 gerebantur,
1343 1870 1550 1935 exitus
1593 1874 1778 1934 erant
1822 1870 2143 1935 bellorum
2181 1876 2296 1936 aut

287 1960 478 2024 mites
544 1963 658 2024 aut
719 1959 1097 2043 necessarii3
1156 1980 1415 2044 regum,
1475 1960 1893 2045 populorum,
1953 1960 2293 2025 nationum

203 2068 259 2106 πο
287 2053 515 2134 portus
563 2050 703 2111 erat
748 2050 813 2110 et
857 2045 1181 2133 refugium
1228 2052 1517 2131 senatus,
1569 2048 1780 2111 nostri
1826 2051 2044 2112 autem
2093 2050 2294 2134 magi·
2332 2067 2395 2116 27

288 2140 534 2201 stratus
563 2135 1115 2220 imperatoresque
1144 2157 1220 2199 ex
1247 2135 1371 2200 hac
1398 2158 1527 2200 una
1553 2158 1621 2199 re
1651 2136 1999 2200 maximam
2036 2137 2293 2201 laudem

286 2246 515 2309 capere
563 2222 928 2307 studebant,
974 2224 1029 2287 si
1073 2223 1458 2309 provincias,
1504 2224 1559 2287 si
1612 2224 1818 2288 socios
1859 2224 2183 2306 aequitate
2229 2230 2295 2289 et

284 2313 411 2378 fide
440 2310 898 2394 defendissent3
933 2312 1152 2396 itaque
1179 2312 1345 2375 illud
1380 2311 1807 2396 patrocinium
1839 2311 2014 2376 orbis
2042 2316 2255 2377 terrae
2286 2323 2401 2389 (2⁷)

286 2400 502 2466 verius
540 2421 734 2484 quam
769 2400 1113 2485 imperium
1148 2404 1410 2485 poterat
1444 2398 1780 2464 nominari.
1846 2396 2097 2463 Sensim
2128 2400 2294 2464 hanc

207 2505 260 2547 2⁵
288 2488 814 2555 consuetudinem
861 2492 926 2552 et
972 2488 1375 2590 disciplinam
1419 2488 1551 2552 iam
1597 2490 1789 2552 antea
1830 2486 2294 2571 minuebamuS,

287 2581 441 2663 post
485 2598 638 2641 vero
677 2573 894 2640 Sullae
939 2576 1278 2641 victoriam
1315 2576 1573 2661 penitus
1612 2575 1971 2677 amisimus3
2017 2574 2294 2640 desitum

290 2670 390 2730 est
436 2664 607 2729 enim
652 2663 858 2728 videri
904 2663 1245 2748 quicquam
1289 2665 1360 2729 in
1405 2664 1611 2730 socios
1657 2664 1967 2748 iniquum,
2012 2687 2156 2730 cum
2195 2687 2295 2729 ex-

292 2753 571 2817 stitisset
615 2752 683 2816 in
728 2752 897 2817 cives
944 2757 1131 2817 tanta
1166 2752 1527 2817 crudelitas.
1598 2751 1834 2838 Ergo
1814 2775 1884 2817 111
1919 2753 2036 2818 illo
2075 2757 2296 2819 secuta

292 2846 393 2906 est
437 2840 777 2905 honestam
824 2861 1083 2905 causam
1127 2862 1258 2904 non
1302 2841 1579 2906 Honesta
1622 2841 1922 2924 victoria3
1977 2845 2077 2906 est
2123 2842 2293 2905 enim

206 2948 261 2987 σο
290 2950 486 2994 ausus
534 2928 757 3013 dicere,
802 2929 996 2993 hasta
1039 2929 1255 3013 posita
1300 2951 1445 2993 cum
1492 2930 1663 2994 bona
1696 2929 1766 2993 in
1808 2929 1951 2994 foro
1988 2929 2295 2993 venderet

289 3022 356 3082 et
411 3017 729 3082 bonorum
783 3017 1073 3082 virorum
1129 3020 1194 3081 et
1247 3018 1666 3103 locupletium
1713 3021 1778 3080 et
1824 3021 1994 3081 certe
2041 3016 2294 3100 civium,

291 3106 680 3189 ‘praedam
735 3126 810 3169 se
858 3127 1067 3169 suam
1111 3104 1485 3170 vendere'.
1576 3103 1843 3170 Secutus
1890 3109 2027 3187 ests
2071 3104 2181 3188 qui
2225 3105 2293 3168 in

290 3215 485 3258 causa
537 3193 762 3277 impia,
816 3193 1088 3259 victoria
1143 3193 1340 3258 etiam
1383 3193 1844 3296 foediore,non
1890 3193 2305 3294 singulorum

292 3282 520 3345 civium
568 3285 742 3345 bona
786 3281 1183 3372 publicaret
1230 3282 1340 3345 sed
1395 3282 1727 3346 universas
1781 3280 2145 3365 provincias
2200 3303 2301 3345 re·

210 3385 262 3427 35
292 3369 642 3455 gionesque
686 3392 814 3435 uno
861 3332 1250 3434 calamitatis
1305 3370 1444 3434 iure
1495 3368 2077 3453 comprehenderet.
2166 3368 2294 3434 Ita·
2332 3387 2414 3444 28,

292 3479 413 3541 que
441 3458 688 3522 vexatis
728 3480 802 3523 ac
835 3458 1105 3544 perditis
1143 3458 1378 3523 exteris
1414 3457 1804 3547 natlombus,
1821 3456 1901 3521 ad
1930 3458 2293 3541 exemplum

292 3545 516 3609 amissi
557 3546 811 3630 imperii
855 3546 1106 3631 portari
1148 3546 1218 3611 in
1254 3546 1584 3631 triumpho
1621 3544 1979 3611 Massiliam
2017 3546 2313 3638 vidimus

399 3657 506 3700 010
533 3659 614 3700 Π.
643 3660 681 3699 s.
1944 3657 1975 3702 5
2030 3676 2038 3687 ·
