2630 3913
365 187 496 253 394
1143 184 1596 241 FRAGMENTA

366 350 666 414 Lubricus
708 353 820 431 est,
868 352 1017 413 tecta
1061 348 1294 414 Phoebe
1337 367 1475 412 cum
1520 347 1646 412 luce
1690 346 1943 411 laborat.

368 438 536 517 Quae
579 442 647 502 tu
690 438 749 502 si
793 442 981 501 totum
1022 437 1220 517 fueris
1261 436 1606 517 speculatus
1648 435 1719 499 in
1762 454 2024 517 anuum,

337 525 545 599 ,Certa
592 525 704 590 tibi
746 530 975 591 certum
1007 529 1251 606 promet
1279 525 1616 608 praesayia
1659 523 1909 587 caelum.
2275 538 2382 587 425

664 713 710 755 ο.
765 696 1222 753 ARATEORUM
1257 696 1579 751 INCERTA
1614 694 2081 752 FRAGMENTA.

502 808 557 872 1.
605 806 802 872 Prisc.
847 806 920 871 X
958 811 1022 872 2.
1067 812 1146 871 11
1183 827 1247 888 p.
1292 808 1435 871 504.
1480 809 1567 871 12
1622 803 1999 887 ‘Extinyuo’
2047 840 2150 889 —,
2204 807 2383 872 cuius
2438 823 2465 863 ⁵

363 895 622 976 simplex
667 893 970 977 ‘stinyuo’
1017 896 1087 959 in
1130 915 1277 959 raro
1323 900 1412 959 est
1450 914 1571 959 usu
1619 931 1717 959 —.
1809 892 2014 958 Oicero
2059 898 2265 958 tamen
2309 897 2385 961 in

365 984 566 1049 Arato
612 980 968 1066 ‘stinquens'
1002 984 1338 1065 participio
1380 1002 1532 1047 usus
1573 987 1677 1065 est,
1719 983 1883 1064 quod
1923 1002 1966 1045 a
1999 982 2174 1048 verbo
2211 981 2386 1048 ‘stin-

358 1070 503 1156 9uo'
549 1073 858 1136 nascitur:

455 1157 657 1234 Quem
694 1181 900 1244 neque
938 1162 1292 1244 tempestas
1320 1158 1597 1243 perimet
1623 1180 1830 1242 neque
1858 1157 2060 1244 longa
2086 1161 2382 1224 vetustas

452 1246 793 1312 Interimet
840 1248 1177 1332 stinguens
1223 1247 1561 1332 praeclara
1605 1246 1889 1332 insignia
1934 1246 2111 1310 caeli.
2416 1267 2465 1305 ιο

499 1338 558 1400 2.
612 1336 808 1403 Prisc.
876 1337 1019 1403 VII
1063 1339 1159 1402 15.
1217 1341 1301 1400 74
1352 1356 1422 1417 p.
1474 1338 1613 1400 351.
1666 1340 1708 1400 1
1767 1335 1859 1399 Et
1919 1332 2263 1418 ‘aplustra'
2328 1342 2391 1401 et

369 1423 736 1507 ‘aplustria'
813 1426 1058 1508 antiqui
1115 1424 1448 1506 protulisse
1516 1424 1931 1488 inveniuntur.
2039 1423 2248 1489 Cicero
2312 1425 2387 1489 in

366 1513 602 1580 Arato:

455 1599 747 1666 Navibus
795 1601 1156 1686 absumptis
1200 1600 1528 1665 fluitantia
1575 1621 1882 1684 quaerere
1929 1600 2243 1684 aplustra.

368 1688 462 1770 Cf.
507 1690 741 1755 Phaon.
785 1694 908 1755 159
924 1710 1010 1772 sq.
2412 1707 2463 1746 1⁵

501 1778 561 1841 3.
606 1778 801 1842 Prisc.
860 1778 960 1842 VI
997 1783 1052 1842 1.
1096 1782 1140 1842 3
1172 1798 1240 1857 p.
1287 1783 1429 1841 196.
1476 1783 1518 1841 9
1563 1775 1768 1842 Cicero
1820 1777 1891 1841 in
1935 1775 2387 1859 Pr09nosticis:

458 1863 808 1950 Caprigeni
850 1865 1102 1955 pecorIs
1149 1867 1368 1928 custos
1417 1865 1493 1928 de
1541 1865 1801 1951 gurgite
1846 1868 2051 1929 vasto.

547 2205 618 2267 V.
672 2204 1115 2283 ALCYONES,
1162 2207 1267 2266 VI.
1323 2204 1697 2282 UXORIUS,
1744 2204 1879 2265 VII.
1934 2204 2193 2267 NILUS.

506 2341 834 2425 capitolin.
882 2343 1180 2408 Gordian.
1224 2348 1281 2408 3.
1328 2345 1376 2407 2
1419 2342 1789 2407 Adulescens
1841 2362 1980 2407 cum
2032 2347 2182 2407 esset
2224 2342 2385 2408 Gor·

373 2434 602 2498 dianus
637 2469 717 2478 —
722 2437 1054 2515 ‚poemata
1087 2431 1347 2514 scripsit,
1390 2451 1545 2511 quae
1578 2431 1789 2495 omnia
1822 2435 2046 2513 extant,
2080 2436 2140 2496 et
2168 2436 2392 2497 cuncta
2417 2449 2471 2488 2⁰

375 2522 513 2598 illa,
571 2541 727 2602 quae
771 2519 975 2586 Cicero
1020 2521 1231 2601 edidit,
1275 2520 1564 2583 Marium
1608 2524 1666 2584 et
1706 2519 1979 2583 Aratum
2022 2523 2083 2584 et
2122 2519 2391 2602 Alcyo-

374 2629 509 2674 nas
543 2614 602 2673 et
638 2608 988 2674 Uoeorium
1025 2613 1084 2672 et
1108 2569 1392 2689 Nilum,
1426 2627 1582 2688 quae
1615 2608 1856 2688 quidem
1881 2606 2100 2673 adhoc
2123 2609 2391 2692 scripsit,

373 2702 447 2762 ut
488 2695 797 2762 Ciceronis
828 2701 1118 2778 poemata
1160 2696 1352 2760 nimis
1396 2696 1655 2776 antiqua
1696 2697 2060 2762 viderentur.

507 2785 671 2850 Non.
702 2804 772 2868 p.
817 2786 915 2849 65.
961 2789 1005 2850 8
1049 2783 1255 2850 Cicero
1299 2783 1709 2865 Alcyouibus:

805 2871 977 2937 hune
1022 2872 1246 2958 genuiiz
1292 2871 1486 2935 claris
1534 2870 1833 2956 delapsus
1882 2873 1963 2937 ab
2011 2872 2209 2937 astris

549 2960 858 3026 Praevius
905 2960 1196 3026 Aurorae
1244 2959 1401 3023 solis
1449 2959 1784 3044 noctisque
1832 2962 2113 3026 satelles

2421 2887 2476 2928 ἃ

1125 3300 1292 3359 VIII.
1358 3296 1633 3358 LIMON.

510 3436 753 3502 Sueton.
787 3439 891 3502 vit.
924 3438 1157 3502 Terent.
1184 3440 1225 3501 5
1252 3435 1458 3502 Cicero
1486 3437 1557 3500 in
1583 3434 1843 3499 Limone
1866 3433 2153 3500 hacteuus
2181 3435 2405 3501 laudat

380 3521 797 3606 (Terentium)
809 3546 831 3589 .·
