2630 3913
913 219 1249 274 INCERTA.
1291 221 1357 273 K.
1397 227 1587 276 8—28.
2129 224 2257 284 413

254 382 391 446 VII
434 403 497 463 p.
550 385 650 446 54.
706 386 788 445 16
840 381 930 444 Et
990 383 1059 444 in
1108 382 1420 463 plerisque
1473 381 1680 446 Cicero
1741 384 1979 447 videtur
2040 384 2259 448 auditu

242 490 517 534 emensus
568 470 981 551 scriptionem,
1034 470 1143 550 qui
1194 474 1250 533 et
1298 467 1634 533 ‘Aiiacem'
1690 474 1748 533 et
1791 468 2101 533 ‘Maiiam’
2146 492 2261 550 per

242 560 361 623 duo
406 559 434 621 i
476 557 794 622 scribenda
838 558 1222 621 existimavit.

382 646 482 709 19.
520 644 662 709 Sen.
696 666 784 727 ep.
821 650 958 709 111.
993 651 1033 709 1
1073 647 1237 724 Quid
1278 650 1559 710 vocentur
1594 646 1820 708 Latine
1865 648 2259 728 σοφίσματα,

190 748 217 788 ⁶
244 735 491 815 quaeris
525 753 569 796 a
602 753 713 797 me.
783 732 981 798 Multi
1027 737 1470 814 temptaverunt
1509 734 1641 797 illis
1683 753 1903 797 nomen
1938 735 2260 812 imponere,

242 822 488 886 nullum
531 820 728 885 haesit
775 855 873 885 —.
945 821 1359 901 Aptissimum
1404 827 1606 885 tamen
1649 821 1886 885 videtur
1929 821 2100 903 mihi,
2144 841 2260 900 quo

245 908 451 975 Oicero
495 929 645 973 usus
688 914 807 973 est:
854 907 1347 973 ‘cavillationes'
1394 914 1580 973 vocat.
1627 946 1709 955 —
1758 907 1852 989 Cf.
1899 909 2020 974 Cic.
2067 909 2261 972 Aeaci.

244 997 337 1061 II
373 1001 479 1063 24.
529 1000 610 1061 75
656 999 955 1061 contorta
1009 1000 1073 1061 et
1120 996 1414 1060 aculeata
1470 998 1783 1080 quaedam
1831 996 2261 1081 sophismata3

248 1086 341 1149 sic
389 1085 557 1149 enim
607 1085 1019 1168 appellantur
1065 1084 1331 1149 fallaces
1378 1084 1951 1149 conclusiunculae.

167 1188 217 1226 10
382 1173 512 1254 [20.
556 1171 722 1236 Serv.
772 1172 941 1254 Very.
986 1172 1122 1236 Ecl.
1163 1172 1260 1236 VI
1298 1177 1383 1237 33
1427 1173 1686 1253 Isiquidi
1729 1172 1928 1254 iynis]
1974 1171 2154 1255 Puri,
2198 1174 2264 1235 icl

247 1265 336 1326 est
377 1260 655 1338 aetherei,
697 1280 875 1341 quem
922 1259 1127 1326 Cicero
1175 1259 1478 1344 ‘ignitum
1524 1259 1866 1343 liquorem’
1912 1262 2101 1339 dicit]

384 1349 514 1428 [21.
559 1347 726 1413 Serv.
772 1347 940 1430 Very.
987 1348 1121 1411 Ecl.
1167 1347 1281 1410 IX
1322 1352 1411 1413 42
1457 1346 1694 1412 Cicero:
1742 1348 2269 1430 umbraculisque

251 1435 680 1500 silvestribus
740 1472 815 1482 —
875 1435 970 1516 Cf.
1025 1438 1097 1500 de
1150 1436 1291 1517 leyy.
1352 1436 1473 1518 frq.
1527 1441 1570 1499 4
1633 1436 1703 1500 in
1765 1436 1899 1499 illis
1966 1436 2263 1500 alnorum

250 1523 693 1603 umbraculis]

168 1634 221 1674 ιο
384 1614 487 1676 22.
540 1613 869 1694 Anqustin.
925 1613 1110 1693 reyul.
1160 1612 1232 1675 Τ.
1289 1612 1352 1675 V
1374 1633 1442 1693 p.
1487 1616 1625 1676 516.
1669 1617 1755 1676 17
1797 1611 1962 1676 Keil.
2007 1611 2265 1676 Dictum

249 1705 339 1765 est
362 1721 405 1764 a
431 1699 712 1765 Cicerone
737 1701 809 1764 de
824 1699 1203 1781 philosophis
1232 1698 1690 1778 ‘mori-,uriunffi
1717 1700 1879 1764 mori
1905 1701 2263 1764 desiderant.

387 1788 488 1853 23.
536 1787 778 1853 Charis
822 1788 874 1852 I
897 1810 965 1868 p.
1011 1793 1152 1852 137.
1196 1792 1288 1854 27
1335 1786 1684 1863 ‘Maioreis'
1732 1786 1964 1865 Cicero,
2016 1793 2089 1851 ut
2130 1788 2262 1852 Pli-

247 1877 396 1941 nius
440 1877 642 1941 eodem
687 1876 841 1940 libro
885 1874 1030 1956 (VI
1065 1877 1238 1940 dubii
1281 1877 1609 1959 sermonis)
1652 1880 1842 1941 notat.

386 1964 489 2027 24.
542 1966 733 2028 Arus.
787 1965 974 2028 Mess.
1018 1985 1085 2044 p.
1129 1969 1269 2030 222
1322 1965 1516 2030 Doleo
1568 1967 1753 2029 vicem
1808 1971 2006 2042 tuam,
2060 1966 2131 2029 id
2180 1970 2265 2029 est

168 2076 222 2114 20
240 2056 496 2134 propter
531 2056 586 2115 te
619 2052 802 2115 doleo.
876 2051 1081 2116 Gicero
1116 2053 1189 2116 de
1224 2054 1433 2116 domo:
1481 2056 1546 2115 et
1581 2053 1677 2116 rei
1712 2076 1773 2137 p.
1810 2053 2015 2117 vicem
2052 2053 2265 2137 lugeo.

257 2177 334 2187 —
397 2138 466 2203 V.
510 2138 730 2203 Halm.
775 2139 848 2202 de
890 2158 958 2201 re
991 2158 1056 2218 p.
1091 2159 1158 2219 p.
1204 2141 1348 2203 852.
1392 2144 1498 2203 20.

384 2227 488 2292 25.
532 2226 689 2291 Isid.
734 2224 960 2304 Differ.
1004 2231 1126 2290 191
1175 2226 1246 2289 Τ.
1284 2226 1349 2289 V
1369 2246 1435 2305 p.
1482 2229 1570 2291 25
1614 2227 1860 2291 Areval.
1910 2227 2265 2308 ‘Efferunt'‚

251 2317 360 2397 qui
404 2319 751 2397 exportant,
784 2334 905 2395 per
947 2314 1067 2377 delo
1107 2315 1156 2395 f,
1204 2312 1484 2392 ‘eferunt'
1531 2319 1762 2391 autem,
1805 2315 1916 2395 qui
1957 2315 2266 2380 laudando

255 2404 570 2485 extollunt,
615 2422 733 2483 per
773 2421 971 2466 unum
1012 2402 1060 2481 fi
1151 2400 1388 2465 Cicero:
1443 2398 1737 2465 Nimium
1780 2399 2062 2465 fortasse
2106 2401 2268 2467 haec

174 2511 227 2551 85
257 2491 360 2555 illi
406 2491 677 2555 eferunt.

386 2579 491 2643 26.
526 2579 788 2661 Auyust.
823 2578 1010 2659 reyul.
1051 2577 1120 2643 T.
1170 2577 1232 2641 V
1252 2598 1323 2660 p.
1360 2579 1504 2642 520.
1539 2580 1628 2641 26
1661 2577 1747 2642 Κ.
1796 2575 1917 2643 Ubi
1953 2578 2268 2658 yeminata

252 2688 298 2732 u
339 2666 542 2730 littera
584 2667 656 2731 in
698 2666 1076 2731 nominativo
1120 2670 1223 2742 est,
1267 2685 1490 2730 nomen
1533 2670 1636 2743 est,
1680 2685 1807 2729 non
1839 2666 2267 2747 participium,

252 2760 326 2820 ut
370 2753 620 2837 ‘fatuus‚
665 2756 983 2836 inqenuus,
1028 2754 1283 2830 ardum,
1329 2755 1621 2835 carduus,
1666 2755 1947 2836 emimus,
1993 2753 2266 2836 beluus’‚

253 2848 326 2906 ut
370 2842 578 2907 Cicero
623 2842 809 2923 dixit,
853 2846 911 2905 et
955 2842 1127 2906 talia.

176 2948 228 2988 ιο
390 2930 492 2994 27.
520 2926 761 2996 Charis.
788 2929 839 2993 I
862 2949 932 3011 p.
958 2934 1104 2996 132.
1129 2933 1221 2994 27
1249 2927 1458 2993 ‘Irim'
1483 2949 1607 3011 pro
1636 2927 1917 2994 ‘Iridem'
1944 2930 2135 2994 Maro
2169 2966 2268 3011 -‚

256 3037 394 3082 cum
439 3023 661 3082 constet
704 3019 915 3083 omnia
952 3016 1224 3082 Graecae
1265 3018 1503 3098 fiyurae
1538 3018 1917 3081 nominativo
1959 3018 2268 3099 sinyulari

254 3108 311 3170 is
353 3105 593 3188 syllaba
649 3107 980 3170 terminata
1027 3106 1296 3187 yenetivo
1349 3105 1659 3186 sinyulari
1710 3105 1948 3186 syllaba
2000 3125 2267 3187 crescere,

256 3194 393 3258 licet
447 3194 644 3257 Varro
699 3199 756 3257 et
803 3193 1046 3258 Tullius
1099 3199 1156 3257 et
1199 3192 1450 3258 Oineius
1496 3227 1578 3238 —
1627 3190 1834 3258 ‘huius
1878 3190 2165 3277 Sarapis'
2212 3199 2269 3258 et

258 3281 463 3346 ‘huius
511 3280 656 3345 Isis'
703 3282 989 3346 dixerint.

178 3385 229 3425 ³⁵
391 3369 522 3448 [28.
568 3368 750 3434 Prob.
795 3369 1011 3434 cathol.
1056 3369 1105 3432 I
1147 3369 1215 3432 Τ.
1260 3369 1379 3432 IV
1404 3390 1468 3450 p.
1512 3372 1617 3433 28.
1664 3374 1748 3433 17
1791 3374 1849 3432 et
1889 3368 2062 3433 Mar.
2106 3368 2266 3434 Plot.

254 3464 371 3522 art.
420 3476 684 3539 yramm.
729 3456 822 3521 II
863 3457 931 3520 Τ.
990 3456 1092 3520 VI
1128 3478 1193 3537 p.
1237 3462 1385 3522 479.
1432 3463 1472 3522 9
1530 3456 1705 3537 Quod
1754 3454 2089 3522 Sallustius
2142 3459 2265 3521 ait:

257 3543 365 3609 ‘ad
381 3545 603 3609 bellum
620 3544 800 3609 Persi
817 3543 1326 3625 Macedonicum',
1352 3565 1477 3609 non
1504 3545 1965 3610 declinationem
1990 3547 2266 3628 mutavit,
