2630 3913
831 202 1279 257 ORATIONUM.
1320 203 1382 256 A.
1423 203 1475 256 11
1513 210 1701 258 5-19,
2157 202 2286 267 233

287 365 557 431 Vareno:
601 362 702 428 Ea
739 364 963 430 caedes
1001 365 1058 429 si
1094 365 1509 450 potissimum
1545 365 1796 430 crimini
1846 365 2055 447 datur,
2101 366 2289 430 detur

276 452 361 536 ei,
406 452 549 517 cuia
594 452 916 534 interfuit,
961 474 1093 518 non
1139 454 1223 536 ei,
1269 453 1413 519 cuia
1456 453 1620 516 nihil
1669 453 1981 517 interfuit.

416 542 511 605 12.
580 541 838 622 Quintil.
890 542 1006 606 IV
1047 546 1113 607 2.
1166 546 1254 606 26
1305 563 1426 623 pro
1497 542 1733 607 Vareno
1794 562 2026 624 quoque
2075 548 2289 624 postea

277 631 583 706 narravit,
627 650 817 711 quam
859 630 1084 694 obieeta
1125 631 1325 695 diluit.

224 738 250 777 ⁵
415 719 513 782 13.
571 717 828 798 Quintil.
895 718 1037 782 VII
1079 723 1144 784 2.
1197 723 1281 784 36
1335 718 1675 795 Patronus,
1728 719 2003 799 quotiens
2043 720 2289 800 poterit,

277 806 532 871 instabit
572 806 713 870 huic
758 807 913 889 loco,
956 811 1029 869 ut
1068 806 1230 871 nihil
1271 807 1551 871 credibile
1592 807 1679 871 sit
1714 806 1951 885 factum
1994 826 2117 872 esse
2159 808 2291 871 sine

277 914 482 960 causa.
558 893 733 974 Quod
765 894 972 960 Cicero
1015 894 1522 960 vehementissime
1567 897 1633 959 in
1666 895 1879 959 multis
1914 896 2291 960 orationibus

280 988 528 1063 tractat,
571 985 901 1064 praecipue
946 988 1150 1048 tamen
1181 1004 1303 1064 pro
1363 983 1625 1066 Vareno,
1669 984 1778 1064 qui
1822 984 2102 1048 omnibus
2145 985 2291 1048 aliis

275 1071 690 1153 premebatur;
736 1092 886 1135 nam
931 1076 989 1135 et
1029 1073 1364 1136 damnatus
1405 1077 1509 1136 est.

206 1181 253 1219 ιο
419 1160 517 1223 14.
566 1159 820 1240 Quintil.
874 1160 934 1223 V
967 1165 1065 1224 10.
1111 1165 1194 1225 69
1237 1160 1355 1224 Fit
1394 1161 1578 1224 etiam
1621 1179 1695 1224 ex
1738 1160 1986 1237 duobus,
2029 1181 2290 1242 quorum

279 1267 509 1312 necesse
534 1252 623 1311 est
654 1267 775 1313 esse
800 1248 1064 1312 alterum
1090 1268 1317 1324 verum,
1355 1249 1614 1330 eliyendi
1638 1249 1988 1312 adversario
2004 1253 2290 1329 potestas,

284 1335 677 1419 efficiturque,
719 1341 805 1414 ut,
848 1340 1060 1400 utrum
1104 1336 1358 1419 eleyerit,
1400 1341 1624 1400 noceat.
1705 1337 1895 1400 Facit
1934 1336 2043 1400 hoc
2087 1335 2291 1401 Cicero

270 1444 391 1505 pro
431 1422 623 1505 Oppio
666 1460 737 1470 —
780 1429 838 1487 et
867 1444 989 1506 pro
1038 1424 1307 1489 Vareno:
1355 1422 1551 1508 Optio
1587 1424 1775 1489 vobis
1818 1424 2026 1506 datur,
2072 1428 2290 1488 utrum

281 1511 499 1577 velitis
545 1532 696 1576 casu
742 1512 858 1576 illo
905 1511 1136 1577 itinere
1176 1510 1506 1576 Varenum
1551 1534 1737 1577 usum
1786 1534 1924 1577 esse
1970 1535 2051 1576 an
2099 1512 2290 1576 huius

205 1620 254 1661 ιτ»
281 1621 595 1685 persuasu
648 1604 716 1666 et
767 1599 1048 1665 inductu.
1138 1600 1381 1665 Deinde
1432 1606 1690 1682 utraque
1739 1601 1897 1680 facit
1954 1603 2293 1666 accusatori

280 1690 612 1754 contraria.

418 1778 517 1842 15.
563 1776 758 1842 Prisc.
816 1777 960 1842 VII
996 1782 1054 1842 6.
1097 1780 1184 1843 25
1219 1798 1284 1858 p.
1329 1782 1473 1841 307.
1519 1783 1604 1842 17
1648 1776 1735 1841 H.
1785 1777 1961 1842 Ide-m
2001 1798 2120 1859 pro
2179 1778 2290 1842 Va·

278 1885 458 1931 reno:
504 1865 692 1930 deum
738 1865 931 1930 fidem
968 1886 1085 1948 pro
1133 1864 1446 1930 ‘deorum'.

419 1954 518 2019 16.
564 1953 732 2019 Plin.
778 1976 865 2036 ep.
912 1954 960 2019 I
995 1958 1104 2021 20.
1150 1962 1191 2019 7
1241 1954 1440 2020 Testes
1482 1959 1628 2019 sunt
1679 1955 1909 2019 multae
1961 1954 2294 2020 multorum

205 2061 255 2100 20
274 2044 586 2107 orationes
629 2048 688 2107 et
731 2042 1037 2108 Oiceronis
1068 2064 1190 2125 pro
1234 2044 1525 2125 Merena,
1562 2063 1680 2125 pro
1737 2043 1977 2108 Vareno
1991 2094 2006 2122 ,
2051 2045 2121 2109 in
2164 2046 2289 2125 qui·

284 2131 394 2194 bus
446 2129 639 2194 brevis
690 2135 748 2194 et
796 2132 967 2196 nuda
1019 2133 1199 2213 quasi
1251 2132 1611 2213 subscriptio
1654 2133 2043 2213 quorundam
2086 2134 2293 2197 crimi-

284 2237 438 2281 num
479 2217 626 2282 solis
683 2217 877 2283 titulis
934 2220 1254 2285 indicatur.
1345 2220 1451 2284 Ex
1494 2220 1590 2285 his
1632 2226 1890 2301 apparet
1940 2221 2118 2285 illum
2155 2242 2295 2301 per-

284 2305 508 2387 multa,
553 2325 708 2386 quae
750 2307 1027 2390 dixisset,
1071 2327 1209 2372 cum
1251 2309 1471 2390 ederet,
1516 2309 1804 2373 omisisse.

425 2394 522 2458 17.
590 2392 795 2473 Quint.
870 2394 972 2458 VI
1026 2400 1080 2460 1.
1144 2399 1230 2460 49
1292 2397 1552 2478 Eyreyie
1615 2396 1819 2461 Cicero
1834 2446 1848 2473 ‚
1911 2397 2020 2477 qui
2084 2402 2296 2461 contra

205 2497 258 2538 2⁵
285 2481 619 2564 imaqinem
652 2481 988 2547 Saturnini
1013 2503 1130 2565 pro
1166 2483 1425 2549 Rabirio
1463 2486 1735 2567 yraviter
1779 2490 1836 2549 et
1878 2489 2090 2548 contra
2134 2486 2295 2548 iuve-

283 2590 448 2651 nem,
501 2571 677 2635 cuius
717 2571 972 2636 subinde
1022 2572 1246 2637 vulnus
1300 2574 1370 2637 in
1425 2574 1647 2637 iudicio
1700 2573 2131 2651 resolvebatur,
2180 2593 2295 2654 pro

296 2657 534 2723 Vareno
578 2658 779 2724 multa
821 2660 983 2724 dixit
1024 2661 1271 2725 urbane.

423 2747 520 2811 18.
556 2747 683 2812 Iul.
714 2745 1022 2812 Seuer-ian.
1047 2769 1252 2830 praee.
1287 2754 1407 2813 art.
1442 2749 1590 2813 rhet.
1619 2755 1661 2813 7
1687 2770 1753 2831 p.
1780 2752 1921 2815 358.
1957 2753 2043 2814 25
2080 2750 2296 2814 Halm.

283 2833 584 2899 Incidunt
623 2855 866 2917 causae,
920 2837 990 2900 in
1031 2837 1274 2918 quibuS,
1328 2838 1490 2918 quod
1529 2857 1838 2902 summam
1887 2837 2062 2902 habet
2114 2858 2295 2919 quae-

205 2939 260 2979 30
283 2923 516 2999 stionis,
560 2943 790 3006 maana
824 2943 899 2988 ex
929 2929 1115 3005 parte
1151 2926 1540 2989 tractandum
1572 2927 1658 2990 sit
1690 2931 1747 2990 et
1778 2927 1867 2991 sic
1900 2927 1986 2991 sit
2007 2927 2299 3008 ponenda

284 3012 594 3082 narratio,
639 3016 712 3074 ut
747 3031 865 3092 pro
924 3012 1161 3078 Vareno
1203 3012 1296 3077 vel
1328 3033 1448 3095 pro
1495 3012 1747 3078 Habito.

421 3098 519 3164 19.
569 3098 775 3179 Quint.
834 3100 975 3164 VII
1011 3105 1199 3165 1.12
1241 3101 1408 3166 Ante
1457 3107 1628 3166 actae
1669 3103 1829 3167 vitae
1871 3103 2135 3166 crimina
2169 3103 2298 3184 ple-

281 3206 540 3269 rumque
571 3188 787 3269 prima
820 3190 1157 3270 puryanda
1200 3195 1362 3273 sunt,
1406 3195 1479 3254 ut
1518 3191 1602 3268 id,
1646 3191 1719 3255 de
1761 3210 1879 3271 quo
1926 3190 2168 3255 laturus
2212 3196 2302 3256 est

282 3276 647 3340 sententiam
708 3277 918 3355 iudex,
981 3278 1198 3342 audire
1248 3278 1563 3380 propitius
1623 3278 1898 3359 incipiat.
2006 3277 2131 3344 Sed
2189 3280 2300 3344 hoc

204 3378 257 3418 ³⁵
284 3383 515 3446 quoque
551 3383 669 3445 pro
725 3364 963 3430 Vareno
1007 3363 1212 3430 Cicero
1256 3367 1328 3430 in
1370 3366 1658 3431 ultimum
1692 3367 1945 3444 distulit,
1989 3387 2116 3433 non
2150 3369 2302 3449 quid

279 3451 790 3536 frequentissime,
834 3454 941 3519 sed
980 3454 1132 3535 quid
1175 3459 1305 3518 tum
1349 3455 1665 3538 expediret,
1711 3456 1988 3522 intuitus.
