2630 3913
393 250 520 314 242
1161 249 1610 305 FRAGMENTA

613 413 753 477 Hoc
796 412 1132 492 exemplum
1176 410 1362 492 affert
1402 412 1510 477 hoc
1565 413 1712 493 loc0,
1767 414 1929 493 quod
1978 414 2107 477 vult
2139 414 2394 495 probare

480 502 758 567 desistere
820 500 1169 565 Cominium
1240 502 1444 565 debere
1505 502 1582 565 ab
1653 503 2033 565 accusatione
2093 501 2393 583 (quamvis

481 610 669 671 neque
719 608 860 653 reus
910 589 1115 668 factus
1168 591 1252 655 sit
1302 610 1490 671 neque
1539 590 1749 670 fecerit
1789 591 2196 673 pactionem);
2253 612 2394 655 nam

481 678 769 742 Metellus
812 682 869 741 et
918 678 1334 758 postulaverat
1377 678 1705 743 Curionem
1748 688 1800 741 et
1844 679 2166 742 destiterat.
2248 678 2394 743 Con-

480 768 644 848 fuyit
703 770 907 829 autem
969 770 1175 830 orator
1234 768 1321 831 ad
1369 767 1607 830 Metelli
1666 765 2041 829 nobilitatem
2093 772 2150 830 et
2201 769 2285 831 acl
2331 766 2394 831 C.
2448 787 2475 826 5

484 854 773 919 Curionis
827 855 1226 937 industriam,
1288 859 1362 919 ut
1414 859 1626 937 teyeret
1676 855 1765 937 id,
1826 856 1988 935 quod
2037 855 2135 919 illi
2186 856 2396 919 utilius

483 963 670 1024 quam
704 942 1012 1007 honestius
1042 943 1327 1022 fecerant.
1398 942 1523 1007 Res
1566 947 1770 1006 autem
1815 947 1940 1005 tota
1978 962 2041 1007 se
2075 944 2163 1007 sic
2195 942 2394 1019 habet,·

485 1034 553 1095 in
596 1053 721 1113 qua
764 1032 1005 1113 quidem
1050 1031 1207 1096 illud
1236 1032 1518 1111 primum
1554 1031 1982 1112 explicandum
2025 1036 2126 1113 est,
2170 1033 2243 1095 de
2283 1052 2395 1113 quo

484 1121 731 1184 Metello
773 1119 883 1183 hoc
938 1119 1118 1183 dicat.
1209 1120 1494 1183 Fuerunt
1536 1123 1701 1183 enim
1747 1124 1892 1183 tunc
1924 1119 2140 1200 plures
2187 1119 2398 1198 Quinti

484 1209 743 1284 Metelli,
797 1228 871 1272 ex
920 1207 1138 1288 quibus
1189 1210 1308 1272 duo
1362 1209 1732 1289 consulares,
1786 1206 1942 1271 Pius
2000 1212 2058 1271 et
2101 1207 2395 1283 Creticus,·
2430 1231 2481 1270 ιο

484 1299 557 1361 de
599 1297 818 1377 quibus
861 1301 1119 1377 apparet
1159 1316 1297 1360 eum
1340 1316 1464 1360 non
1509 1298 1703 1360 dicere
1711 1316 1732 1371 ;
1787 1297 1906 1359 duo
1951 1300 2154 1359 autem
2198 1297 2398 1361 adule-
2584 1293 2585 1296 ’

484 1390 721 1466 scentes,
771 1385 971 1465 Nepos
1014 1390 1071 1448 et
1105 1384 1287 1464 Celer,
1334 1405 1408 1447 ex
1441 1386 1658 1466 quibus
1693 1404 1859 1447 nunc
1893 1384 2184 1464 Nepotem
2218 1386 2400 1465 siqni-

484 1475 643 1554 ficat.
715 1474 878 1537 Eius
921 1472 1083 1535 enim
1117 1477 1361 1553 patrem
1409 1472 1477 1552 Q.
1513 1472 1827 1538 Metellum
1865 1472 2173 1555 Nepotem,
2218 1473 2398 1537 Bali-

485 1562 641 1625 arici
684 1561 904 1642 filium,
948 1561 1332 1625 Macedonici
1373 1567 1660 1643 nepotem,
1705 1563 1815 1642 qui
1857 1562 2065 1625 consul
2095 1561 2223 1641 fuit
2265 1582 2402 1625 cum

490 1650 559 1713 Τ.
604 1648 824 1725 Didi0,
871 1647 1057 1712 Curio
1102 1651 1181 1729 is,
1227 1651 1299 1713 de
1342 1670 1459 1730 quo
1505 1650 1794 1731 kquitur,
1848 1650 2182 1725 accusavit,·
2241 1652 2401 1731 isque
2432 1670 2483 1710 ιε

488 1737 770 1801 Metellus
822 1738 1087 1800 moriens
1128 1738 1310 1818 petiit
1361 1738 1437 1801 ab
1489 1737 1597 1801 hoc
1647 1737 1776 1818 filio
1835 1756 1945 1801 suo
1999 1737 2269 1819 Metello,
2334 1743 2403 1800 ut

488 1825 812 1890 Curionem
856 1830 1265 1889 accusatorem
1299 1845 1482 1889 suum
1516 1830 1841 1903 accusaret,
1885 1830 1943 1888 et
1985 1826 2053 1889 id
2089 1826 2403 1906 facturum

486 1933 610 1978 esse
632 1915 768 1977 iure
792 1914 1057 1978 iurando
1093 1914 1307 1996 adeyit.
1367 1914 1648 1979 Metellus
1671 1914 1817 1995 fecit
1838 1933 2011 1978 reum
2040 1911 2400 1989 Curionem,·

486 2022 735 2083 cumque
776 2003 1024 2066 interim
1067 2004 1370 2083 quendam
1414 2004 1597 2066 civem
1642 2004 1800 2067 idem
1835 2003 2121 2067 Metellus
2164 2022 2403 2067 servum

485 2111 665 2155 suum
709 2110 832 2155 esse
875 2093 1231 2155 contendens
1275 2094 1338 2155 vi
1381 2093 1743 2172 arripuisset
1779 2110 1852 2155 ac
1886 2091 2223 2155 verberibus
2258 2090 2398 2170 affe·
2425 2111 2477 2149 20

486 2180 675 2261 cisset‚
711 2178 897 2244 Curio
924 2184 1277 2243 assertorem
1313 2181 1371 2243 ei
1404 2180 1794 2260 comparavit.
1857 2178 2025 2243 Dein
2052 2199 2189 2243 cum
2216 2200 2402 2260 appa-

487 2272 643 2332 reret
692 2288 829 2331 eum
880 2268 1110 2331 exitum
1164 2268 1381 2332 iudicii
1433 2268 1602 2332 illius
1651 2268 1965 2349 futurum,
2022 2272 2094 2330 ut
2148 2267 2298 2332 liber
2351 2269 2407 2332 is

488 2355 885 2432 iudicaretur,
954 2376 1130 2437 quem
1191 2356 1478 2420 Metellus
1539 2355 1876 2420 verberibus
1936 2354 2221 2433 affectum
2283 2374 2409 2420 esse

486 2465 705 2527 neyare
746 2465 871 2508 non
904 2449 1163 2525 poterat,
1209 2445 1367 2508 inter
1408 2444 1725 2508 Metellum
1768 2449 1825 2507 et
1868 2442 2194 2508 Curionem
2233 2444 2411 2524 facta

476 2535 683 2614 pactio
727 2538 829 2614 est,
872 2537 944 2595 ut
984 2552 1172 2614 neque
1215 2532 1544 2596 arbitrium
1587 2533 1660 2596 de
1701 2531 1970 2596 libertate
1993 2537 2408 2614 perayeretur,
2441 2553 2497 2593 25

488 2622 708 2685 rediret
744 2625 946 2684 tamen
981 2620 1083 2684 ille
1117 2622 1185 2683 in
1223 2619 1570 2698 libertatem,
1611 2621 1684 2684 de
1717 2640 1833 2702 quo
1869 2620 2175 2704 emebatur,
2219 2641 2413 2702 neque

486 2709 770 2773 Metellus
791 2713 1094 2789 perstaret
1127 2709 1194 2771 in
1230 2709 1605 2772 accusatione
1632 2706 1950 2783 Curionis;
1987 2729 2172 2790 eaque
2199 2711 2412 2790 pactio

486 2797 564 2861 ab
606 2802 857 2878 utroque
898 2801 1138 2860 servata
1180 2802 1281 2861 est.
1356 2796 1505 2861 Huc
1545 2817 1681 2879 erqo
1726 2797 1884 2861 illud
1913 2799 2203 2880 pertinet,
2247 2799 2418 2878 quod

488 2886 579 2950 bis
633 2905 770 2949 eum
823 2886 1060 2949 iurasse
1110 2886 1282 2967 dicit,
1347 2886 1524 2949 semel
1568 2886 1867 2967 privatim
1925 2887 2095 2966 apud
2141 2891 2415 2967 patrem,

488 2975 707 3038 iterum
753 2975 888 3056 leye,
933 2977 1063 3037 tum
1105 2973 1343 3055 scilicet,
1386 2993 1525 3038 cum
1559 2976 1630 3038 in
1666 2971 1993 3040 Curionem
2029 2974 2418 3038 calumniam
2450 2995 2510 3034 so

485 3063 731 3127 iuravit.
812 3062 966 3126 Cum
1011 3060 1119 3125 hoc
1161 3068 1363 3126 autem
1406 3062 1652 3127 Metello
1685 3067 1899 3143 postea
1943 3060 2148 3127 Cicero
2189 3063 2416 3126 simul-

488 3156 639 3216 tates
693 3152 909 3233 qessit,·
974 3150 1165 3215 evasit
1222 3152 1385 3214 enim
1442 3151 1726 3215 Metellus
1786 3149 1990 3215 malus
2051 3156 2228 3232 atque
2287 3151 2418 3214 im-

483 3240 707 3320 probus
750 3240 912 3304 civis.

533 3327 590 3390 5.
648 3327 900 3406 Quintil.
955 3326 1070 3391 IV
1112 3332 1172 3391 4.
1226 3333 1269 3393 8
1330 3328 1451 3392 Est
1506 3364 1582 3374 —
1641 3329 1975 3410 propositio
2029 3364 2114 3373 —
2167 3327 2425 3391 ratione

404 3414 678 3496 subiecta,
721 3420 823 3478 ut:
869 3413 1278 3479 Maiestatem
1324 3416 1557 3479 minuit
1593 3413 1661 3481 O.
1700 3413 2063 3498 Cornelius3
2109 3437 2257 3479 nam
2307 3436 2424 3480 co-
2460 3433 2523 3473 35

404 3499 605 3562 dicem
641 3501 939 3565 tribunus
977 3503 1063 3586 pl.
1100 3504 1238 3587 ipse
1275 3525 1393 3589 pro
1432 3505 1728 3570 contione
1767 3505 1943 3589 legit.
1977 3540 2061 3550 —
2091 3504 2214 3567 Iul.
2258 3503 2426 3568 Vict.

405 3590 482 3648 13
520 3607 585 3665 p.
614 3591 755 3651 417.
794 3594 877 3652 17
911 3590 1127 3653 Halm.
1174 3627 1260 3638 -—
1310 3592 1514 3671 Quint.
1564 3593 1625 3658 V
1650 3597 1745 3657 13.
1783 3598 1866 3657 18
1915 3593 2113 3656 Testes
2155 3594 2226 3654 in
2262 3588 2428 3656 Cor-
