2630 3913
869 202 1270 260 cnam-18
1361 210 1391 270 ς
1428 211 1656 260 εει-63.
2148 208 2272 272 153

250 366 544 450 eorporis
592 368 1019 448 ornatumque
1064 363 1396 429 Persicum
1443 366 1650 431 multo
1708 389 1865 433 auro
1921 368 2270 453 multisque

298 453 528 519 emmis
603 451 868 517 dixisse:
953 451 1161 517 Rite
1234 475 1414 519 vero
1487 458 1588 538 te,
1664 451 1881 540 Cyre,
1961 456 2270 522 beatum

287 545 541 625 erunt,
581 541 944 625 quoniam
980 541 1264 606 virtuti
1300 545 1479 606 tuae
1515 540 1833 607 fortuna
1860 544 2271 610 coniuncta

251 629 411 696 est?
486 628 628 695 Hac
675 629 879 715 igitur
921 628 1188 695 fortuna
1231 628 1362 694 frui
1409 630 1562 695 licet
1603 631 1883 715 senibus,
1926 654 2045 698 nec
2090 637 2270 698 aetas
2309 651 2377 701 60

197 739 222 778 5
250 720 387 804 imp
392 718 551 801 edit,
603 738 729 802 quo
778 717 990 782 minus
1038 722 1106 782 et
1149 722 1513 783 ceterarum
1558 741 1774 784 rerum
1820 724 1886 784 et
1929 721 1999 785 in
2043 721 2270 806 primis

252 807 396 893 agri
443 805 694 872 colendi
740 805 956 871 studia
1002 809 1338 871 teneamus
1385 828 1587 890 usque
1634 807 1715 872 ad
1761 808 2065 873 ultimum
2115 813 2274 874 tem-

250 916 373 981 pus
413 893 781 959 senectutis,
845 894 931 959 M.
969 894 1229 978 quidem
1265 894 1603 960 Valerium
1640 894 1994 961 Corvinum
2032 899 2252 983 accepi

252 1005 397 1048 mus
436 982 519 1047 ad
555 982 975 1048 centesimum
1014 1004 1255 1048 annum
1292 982 1688 1068 perduxisse,
1734 1006 1881 1051 cum
1919 990 2090 1051 esset
2128 991 2274 1052 acta

251 1073 383 1136 iam
421 1075 636 1136 aetate
672 1071 742 1135 in
779 1071 956 1154 agris
997 1092 1233 1155 eosque
1272 1072 1539 1155 coleret3
1576 1072 1755 1137 cuius
1783 1073 1953 1137 inter
1989 1075 2273 1159 primum

170 1179 222 1219 ιο
252 1164 319 1224 et
367 1163 620 1224 sextum
668 1160 1077 1225 consulatum
1126 1180 1237 1224 sex
1283 1162 1351 1223 et
1396 1121 1829 1246 qua'draginta
1876 1162 2028 1226 anni
2076 1163 2272 1227 inter-

249 1248 529 1313 fuerunt.
620 1247 751 1332 Ita,
816 1252 1131 1331 quantum
1198 1248 1483 1332 spatium
1548 1249 1784 1313 aetatis
1848 1250 2126 1315 maiores
2191 1251 2271 1315 ad

254 1336 603 1402 senectutis
659 1335 919 1401 initium
980 1357 1120 1401 esse
1174 1336 1546 1421 voluerunt,
1609 1340 1833 1402 tantus
1886 1338 1989 1402 illi
2046 1360 2270 1404 cursus

251 1425 571 1489 honorum
606 1423 760 1508 fuit3
807 1428 1001 1508 atque
1045 1424 1236 1489 huius
1284 1428 1574 1489 extrema
1620 1429 1800 1490 aetas
1846 1425 1969 1491 hoc
2019 1427 2272 1491 beatior

255 1535 453 1598 quam
498 1512 734 1597 media,
790 1512 963 1597 quod
1009 1513 1419 1578 auctoritatis
1466 1513 1752 1578 habebat
1793 1514 1969 1615 pluS,
2026 1515 2270 1580 laboris

171 1619 223 1660 ιο
252 1601 493 1685 minus3
547 1623 709 1685 apex
755 1604 855 1666 est
902 1604 1119 1666 autem
1167 1601 1513 1666 senectutis
1561 1602 1933 1667 auctoritas.
2016 1600 2272 1677 Quanta
2309 1619 2373 1668 61

250 1689 378 1755 fuit
421 1690 491 1754 in
534 1688 605 1754 L.
652 1687 933 1755 Caecilio
980 1689 1265 1774 Metello,
1312 1693 1557 1773 quanta
1600 1690 1670 1754 in
1714 1691 1795 1756 A.
1832 1690 2039 1756 Atilio
2089 1690 2270 1756 Cala·

248 1779 415 1843 tino!
453 1778 524 1842 in
562 1799 754 1861 quem
789 1777 954 1842 illud
992 1778 1300 1864 elogium.
1342 1777 1588 1843 Hunc
1624 1801 1854 1843 unum
1890 1780 2270 1863 plurimae

249 1867 753 1933 consentiunt
816 1869 1090 1953 gentes
1154 1866 1427 1951 populi
1501 1866 1953 1970 primarium
2025 1866 2270 1933 fuisse

248 1953 537 2021 virum?
603 1953 852 2020 Notum
891 1959 991 2020 est
1028 1977 1288 2021 carmen
1324 1955 1597 2021 incisum
1634 1955 1704 2020 in
1746 1958 2058 2041 sepulcr0.
2122 1955 2270 2022 Iure

169 2064 221 2102 ιο
248 2045 456 2131 igitur
504 2044 752 2129 gravis,
807 2043 986 2109 cuius
1043 2043 1120 2108 de
1175 2044 1477 2110 laudibus
1533 2044 1820 2109 omnium
1876 2049 2047 2110 esset
2091 2045 2271 2111 fama

252 2131 681 2197 consentiens.
763 2129 967 2207 Quem
1012 2132 1225 2197 virum
1270 2154 1478 2217 nuper
1522 2131 1593 2196 P.
1642 2130 1968 2217 Crassum,
2013 2134 2270 2218 pontifi-

251 2242 393 2286 cem
432 2219 801 2304 maximum,
840 2242 1030 2304 quem
1065 2224 1296 2305 postea
1323 2220 1407 2284 M.
1434 2219 1568 2305 Lep
1571 2220 1766 2304 idum,
1804 2221 2029 2286 eodem
2067 2243 2271 2288 sacer-

253 2307 434 2374 dotio
490 2306 880 2393 praeditum,
933 2308 1236 2374 vidimus!
1332 2306 1500 2383 Quid
1526 2244 1631 2372 Pde
1676 2306 1880 2373 Paulo
1940 2312 2054 2373 aut
2100 2309 2270 2374 Afri-

250 2418 415 2463 cano
473 2395 705 2479 loquar
749 2399 887 2481 aut,
939 2400 1015 2460 ut
1060 2396 1192 2461 iam
1239 2400 1418 2480 ante,
1474 2395 1549 2460 de
1605 2395 1934 2496 Maximo?
1996 2418 2269 2479 quorum

170 2502 223 2543 ιε
248 2507 383 2550 ιιοιι
427 2484 498 2548 ιιι
545 2484 868 2549 sententia
914 2485 1153 2569 solum,
1213 2485 1325 2549 sed
1380 2484 1579 2549 etiam
1622 2483 1692 2548 in
1735 2487 1898 2548 nutu
1944 2484 2270 2549 residebat

252 2572 625 2639 auctoritas.
715 2571 935 2637 Habet
981 2577 1272 2638 senectus
1328 2572 1649 2637 honorata
1693 2572 2080 2657 praesertim
2129 2577 2270 2637 tan-

249 2665 387 2726 tam
434 2661 918 2745 auctoritatem,
972 2666 1046 2725 ut
1102 2684 1178 2726 ea
1221 2661 1430 2746 pluris
1480 2660 1566 2725 sit
1616 2682 1807 2740 quam
1853 2682 2075 2726 omnes
2122 2661 2270 2727 adu-

250 2748 598 2815 lescentiae
644 2750 1033 2834 voluptates.
1125 2747 1248 2814 Sed
1302 2750 1373 2814 in
1418 2751 1594 2814 omni
1640 2749 1933 2815 oratione
1992 2728 2372 2816 memen-18

250 2842 390 2902 tote
447 2858 592 2901 eam
645 2859 747 2902 me
805 2840 1201 2903 senectutem
1255 2837 1547 2922 laudare,
1613 2859 1777 2922 quae
1831 2838 2269 2904 fundamentis
2308 2805 2373 2853 ⁶²

170 2943 224 2983 ω
253 2925 726 2991 adulescentiae
763 2925 1120 2991 constituta
1158 2925 1261 2990 sit.
1333 2925 1435 2991 Ex
1473 2947 1599 3010 quo
1647 2926 1941 3009 efficitur,
1985 2927 2052 2990 id
2099 2926 2269 3011 quod

252 3035 374 3100 ego
422 3034 661 3098 magno
710 3013 1035 3098 quondam
1072 3036 1217 3079 cum
1255 3035 1525 3079 assensu
1562 3014 1850 3078 omnium
1888 3013 2038 3098 dixi,
2084 3014 2270 3078 mise-

251 3124 393 3167 ram
458 3123 598 3166 esse
665 3105 1087 3187 senectutem,
1162 3124 1326 3186 quae
1395 3123 1462 3167 se
1528 3102 1820 3167 oratione
1885 3101 2269 3167 defenderet.

250 3188 403 3256 Non
466 3188 610 3255 cani
671 3211 788 3255 nec
851 3211 1051 3274 rugae
1119 3194 1384 3275 repente
1459 3189 1914 3256 auctoritatem
1987 3190 2270 3275 arripere

251 3281 544 3363 possunt,
592 3278 704 3342 sed
748 3278 1019 3344 honeste
1067 3282 1212 3343 acta
1260 3278 1552 3364 superior
1593 3281 1773 3342 aetas
1808 3276 2057 3343 fructus
2096 3278 2270 3363 capit

167 3383 220 3424 ³⁵
253 3365 664 3432 auctoritatis
722 3369 1060 3431 extremos.
1150 3366 1331 3432 Haec
1385 3367 1557 3431 enim
1611 3366 1757 3451 ipsa
1802 3369 1953 3431 sunt
1998 3366 2271 3432 honora·
2308 3382 2373 3432 63

250 3455 440 3537 bilia,
496 3476 659 3539 quae
715 3453 1013 3519 videntur
1067 3455 1236 3519 levia
1283 3459 1478 3539 atque
1533 3454 1925 3539 communia,
1980 3455 2270 3538 salutari,

253 3542 504 3628 adpeti,
560 3542 805 3628 decedi,
850 3542 1141 3628 adsurgi,
1188 3543 1441 3628 deduci,
1485 3542 1729 3628 reduci,
1775 3542 2052 3629 consuli3
2107 3566 2270 3630 quae
