2630 3913
848 179 980 236 mn.
1020 181 1091 235 11.
1173 176 1325 237 cAP.
1364 186 1414 250 2,
1451 187 1499 234 3.
1573 188 1603 246 ς
1641 187 1829 235 5-11.
2200 162 2215 171 '
2262 181 2347 243 59

334 344 581 407 incerta
628 362 768 406 esse
815 341 1061 425 dicunt,
1108 341 1200 407 sic
1247 341 1329 404 ab
1375 340 1478 405 his
1527 341 1980 405 dissentientes
2027 340 2158 406 alia
2203 363 2348 426 pro-

334 431 622 520 habilia,
664 434 889 494 contra
944 429 1074 494 alia
1129 429 1417 494 dicimus,
1509 428 1674 504 Quid
1707 432 1828 494 «est
1882 429 2124 515 igitur,
2177 429 2347 514 quod
2386 445 2417 494 8

285 520 294 525 “
335 541 437 584 me
474 518 784 603 impediat
822 539 930 607 ea,
949 539 1115 602 ⁴quae
1151 517 1520 602 probabilia
1558 517 1718 581 mihi
1752 517 2121 606 videantur,
2147 517 2347 603 sequi,

165 682 174 689 ,
335 629 499 691 quae
541 610 795 689 contra,
839 606 1209 706 inprobare,
1232 609 1427 690 atque
1475 605 1858 670 adfirmandi
1904 607 2346 691 arrogantiam

279 713 305 755 ⁶
331 697 652 762 vitantem
704 693 930 780 fugere
984 697 1420 759 temeritatem
1426 735 1477 784 ,s
1516 715 1679 778 quae
1737 716 1776 758 a
1841 693 2161 778 sapientia
2224 694 2347 758 dis·

333 784 500 849 sidet
554 781 947 867 plurimum?
1039 780 1283 847 Contra
1339 786 1556 846 autem
1612 782 1830 847 omnia
1885 782 2253 866 disputatur
2309 805 2347 846 a

332 871 594 955 nostriS,
642 870 813 954 quod
856 870 981 935 hoc
1017 870 1232 954 ipsum
1277 870 1618 954 probabile
1656 871 1904 935 elucere
1939 892 2072 935 non
2107 874 2367 955 possets

331 960 459 1025 nisi
505 981 581 1024 ex
626 962 902 1043 utraque
946 962 1132 1042 parte
1178 980 1516 1023 causarum
1563 962 1733 1023 esset
1776 957 1954 1024 facta
1998 959 2343 1024 contenti0.

334 1047 459 1113 Sed
501 1048 661 1112 haec
709 1047 1054 1131 explanata
1108 1049 1258 1111 sunt
1312 1046 1382 1109 in
1427 1046 1828 1111 Academicis
1873 1047 2117 1111 nostris
2165 1047 2343 1131 satiS,

258 1155 307 1194 ιο
332 1141 408 1202 ut
455 1136 756 1220 arbitror,
802 1134 1172 1221 diligenter..
1236 1133 1384 1199 Tibi
1432 1137 1666 1219 autem,
1711 1134 1802 1197 mi
1839 1132 2080 1218 Cicero,
2127 1157 2345 1220 quam·

336 1247 532 1308 quam
574 1224 645 1288 in
682 1222 1137 1308 antiquissima
1172 1222 1705 1306 nobilissimaque
1740 1221 2158 1307 philosophia
2194 1221 2344 1289 Cra-

336 1313 518 1396 tippo
556 1315 815 1376 auctore
851 1311 1131 1376 versaris
1169 1310 1249 1375 iis
1289 1310 1671 1397 simillimo,
1701 1310 1812 1395 qui
1847 1310 1978 1374 ista
2012 1311 2346 1395 praeclara

338 1403 739 1484 pepererunt,
784 1403 1005 1464 tamen
1039 1399 1199 1464 haec
1233 1402 1463 1463 nostra
1496 1398 1795 1463 finituma
1833 1398 2070 1463 vestris
2116 1399 2345 1484 ignota

340 1509 478 1552 esse
522 1488 719 1553 nolui.
809 1486 935 1552 Sed
978 1487 1109 1552 iam
1157 1486 1238 1551 ad
1282 1486 1586 1552 instituta
1631 1507 1995 1572 pergamus.

258 1593 308 1634 ιδ
469 1574 761 1661 Quinque
813 1576 1017 1662 igitur
1070 1575 1432 1640 rationibus
1486 1575 1841 1660 propositis
1891 1574 2088 1639 officii
2134 1595 2344 1658 perse·
2381 1544 2422 1668 ἓ

336 1664 586 1750 quendi,
634 1686 904 1748 quarum
951 1664 1113 1728 duae
1155 1664 1237 1728 ad
1272 1663 1463 1729 decus
1499 1664 2034 1747 honestatemque
2069 1661 2343 1748 pertine-

334 1756 497 1837 rent,
544 1753 705 1817 duae
751 1753 833 1817 ad
868 1750 1208 1818 commoda
1241 1752 1435 1836 vitae,
1481 1753 1718 1837 copias,
1764 1773 1938 1838 opes,
1981 1751 2344 1835 facultates,

336 1841 563 1926 quinta
609 1840 691 1904 ad
736 1840 1014 1926 eligendi
1059 1839 1383 1924 iudicium,
1429 1840 1486 1904 si
1532 1840 1785 1925 quando
1834 1862 1910 1905 ea
1914 1887 1944 1929 7
1982 1861 2146 1924 quae
2194 1839 2362 1923 dixis

336 1950 624 2017 pugnare
669 1927 843 1994 inter
889 1950 957 1993 se
1001 1927 1399 2013 viderentur,
1443 1929 1808 1995 honestatis
1854 1950 2004 2014 pars
2052 1927 2345 1996 confecta

159 2017 163 2021 ’
252 2035 307 2075 ²0
336 2022 461 2103 est,
519 2039 714 2103 quam
768 2017 1027 2101 quidem
1081 2018 1203 2081 tibi
1257 2018 1444 2103 cupio
1502 2039 1641 2083 esse
1685 2018 2112 2084 notissimam.
2202 2016 2345 2082 Hoc

337 2111 551 2171 autem
617 2105 695 2170 de
732 2127 859 2190 quo
895 2127 1064 2171 nunc
1101 2105 1374 2192 agimus,
1418 2105 1484 2170 id
1520 2106 1735 2190 ipsum
1772 2110 1871 2171 est
1935 2106 2106 2190 quod
2150 2106 2344 2171 utile

337 2149 724 2279 appellatur.
811 2192 892 2258 In
945 2215 1071 2277 quo
1125 2194 1324 2259 verbo
1379 2194 1566 2278 lapsa
1628 2147 2020 2260 consuetudo
2086 2193 2345 2258 deflexit

336 2283 413 2348 de
458 2283 566 2347 via
612 2281 976 2365 sensimque
1032 2303 1107 2348 eo
1162 2281 1436 2347 deducta
1489 2284 1590 2346 est
1594 2321 1624 2377 Ι
1669 2285 1770 2364 ut,
1794 2281 2205 2347 honestatem
2261 2282 2342 2346 ab

336 2370 623 2436 utilitate
668 2391 1025 2463 secernens,
1048 2370 1471 2435 constitueret
1509 2390 1648 2434 esse
1691 2369 2037 2434 honestum
2083 2369 2354 2458 aliquid,

254 2477 307 2517 2⁵
337 2459 509 2544 quod
561 2458 722 2523 utile
775 2479 909 2523 non
963 2461 1159 2542 esset,
1215 2462 1280 2523 et
1334 2456 1540 2554 utiles
1576 2456 1749 2541 quod
1799 2478 1932 2522 non
1979 2456 2344 2541 honestum,

338 2570 466 2632 qua
497 2547 680 2612 nulla
714 2545 1028 2631 pernicies
1066 2545 1273 2611 maior
1298 2545 1637 2610 hominum
1662 2544 1837 2618 vitae
1869 2543 2085 2629 potuit
2111 2544 2343 2609 afferri.

221 2715 227 2719 Ι
335 2634 603 2701 Summa
638 2634 895 2720 quidem
933 2634 1321 2699 auctoritate
1365 2633 1759 2718 philosophi,
1787 2654 2004 2698 severe
2051 2654 2204 2699 sane
2251 2636 2344 2697 at·
2385 2648 2448 2698 10

336 2746 461 2810 que
486 2724 774 2810 honeste,
783 2722 945 2787 haec
980 2722 1111 2786 tria
1138 2743 1378 2808 genera
1404 2719 1675 2787 confusa‘
1698 2721 2094 2807 cogitatione
2122 2720 2344 2786 distin-

336 2816 561 2897 guunt.
626 2808 970 2895 [Quicquid
1006 2810 1177 2875 enim
1213 2811 1457 2875 iustum
1493 2810 1599 2895 sit,
1643 2810 1710 2875 id
1755 2809 1954 2874 etiam
1997 2809 2160 2875 utile
2206 2831 2344 2874 esse

253 2917 307 2958 ⁸0
336 2902 615 2979 censent,
650 2899 936 2984 itemque
973 2897 1145 2983 quod
1178 2898 1542 2983 honestum,
1578 2897 1748 2963 idem
1783 2899 2057 2981 iustum3
2102 2919 2179 2963 ex
2216 2919 2342 2981 quo

336 2988 659 3079 efficitur!
692 2991 794 3071 ut,
850 2986 1154 3071 quicquid
1204 2987 1549 3052 honestum
1604 2986 1718 3071 sit,
1771 2985 1942 3050 idem
1995 2981 2084 3049 sit
2135 2984 2342 3066 utile]

336 3075 520 3152 Quod
556 3075 668 3161 qui
702 3097 933 3161 parum
969 3073 1388 3159 perspiciunt,
1420 3074 1470 3139 ii
1506 3096 1698 3159 saepe
1724 3076 2022 3139 versutos
2048 3072 2343 3138 homines

336 3168 402 3230 et
456 3163 727 3231 callidos
782 3163 1176 3228 admirantes
1233 3162 1554 3228 malitiam
1610 3161 1996 3247 sapientiam
2041 3160 2343 3227 iudicant.

337 3251 624 3328 Quorum
670 3273 850 3318 error
896 3250 1260 3336 eripiendus
1308 3254 1409 3316 est
1453 3250 1798 3336 opinioque
1835 3249 2045 3314 omnis
2083 3248 2163 3314 ad
2201 3270 2344 3314 eam

256 3356 308 3399 ²⁵
336 3363 517 3426 spem
561 3339 971 3424 traducenda,
1013 3343 1090 3404 ut
1121 3338 1415 3405 honestis
1453 3338 1741 3405 consiliis
1781 3337 2097 3422 iustisque
2132 3336 2344 3422 factis,

321 3433 466 3495 'non
508 3428 733 3495 fraude
780 3433 847 3493 et
891 3427 1160 3510 malitia,
1188 3449 1257 3493 se
1300 3427 1692 3513 intellegant
1745 3448 1822 3492 ea
1818 3467 1857 3524 J
1903 3447 2068 3510 quae
2120 3425 2345 3514 velint,

336 3518 640 3602 consequi
684 3538 892 3603 posse.
982 3516 1159 3592 Quae
1204 3537 1362 3602 ergo
1409 3515 1490 3581 ad
1535 3514 1738 3580 vitam
1782 3514 2118 3580 hominum
2164 3519 2340 3581 tuen·
2385 3530 2437 3577 ιι
