2630 3913
801 198 937 254 LIB.
975 198 1044 253 11.
1121 197 1272 254 CAP.
1312 203 1468 253 3—6.
1541 205 1572 264 ξ
1611 204 1833 253 11-16.
2238 199 2318 262 61

316 382 685 515 ἴίἰζᾱὲἓῗὲθ
702 364 1754 532 33233533553225315233}
1762 360 2322 532 053315331231223

318 538 441 614 Qui
487 536 760 620 denique
808 558 883 601 ex
928 536 1155 600 bestiis
1200 535 1451 601 fructus
1498 540 1612 601 aut
1665 558 1828 620 quae
1881 535 2324 619 commoditas,

312 626 442 691 nisi
486 624 784 691 homines
831 624 1230 707 adiuvarent,
1274 623 1520 709 percipi
1563 625 1829 709 posset?
1901 623 2074 688 Nam
2111 628 2177 688 et
2213 624 2323 708 qui

263 732 288 772 ⁵
316 713 638 799 principes
692 712 1057 777 inveniendi
1109 711 1417 795 fuerunt!
1457 734 1646 796 quem
1704 734 1778 776 ex
1834 734 2085 797 quaque
2130 713 2324 777 belua

317 824 504 868 usum
558 801 799 866 habere
852 821 1216 885 possemus,
1278 800 1573 864 homines
1629 804 1800 866 certe
1859 800 2144 884 fuerunt,
2206 822 2323 865 nec

316 892 439 956 hoc
484 894 778 974 tempore
825 889 962 953 sine
1006 888 1343 953 hominum
1381 909 1578 973 opera
1615 892 1728 953 aut
1762 911 2026 973 pascere
2063 911 2172 953 eas
2211 892 2325 954 aut

318 979 579 1044 domare
618 980 733 1042 aut
766 977 937 1041 tueri
974 980 1087 1041 aut
1122 976 1546 1062 tempestivos
1582 975 1831 1042 fructus
1868 999 1945 1041 ex
1982 977 2062 1041 iis
2099 998 2324 1061 capere

316 1087 681 1152 possemus3
739 1065 821 1130 ab
869 1065 1236 1148 eisdemque
1282 1068 1375 1153 et„
1423 1085 1585 1148 quae
1628 1069 1863 1129 nocent
1850 1109 1902 1165 ss
1937 1065 2325 1131 interficiun-

240 1173 292 1212 ιο
317 1160 425 1219 tur
471 1159 562 1253 et,
601 1175 764 1238 quae
810 1153 956 1218 usui
999 1159 1275 1238 possunt
1322 1173 1490 1237 esse,
1524 1152 1883 1238 capiuntur.
1964 1152 2131 1228 Quid
2178 1176 2324 1218 enu-
2365 1167 2427 1216 15

319 1265 559 1307 merem
605 1243 845 1306 artium
890 1240 1391 1325 multitudinem,
1437 1240 1573 1306 sine
1619 1241 1852 1324 quibus
1890 1241 2029 1306 vita
2064 1241 2324 1306 omnino

318 1331 502 1395 nulla
557 1351 694 1394 esse
747 1329 1111 1414 potuisset?
1202 1327 1328 1403 Qui
1382 1329 1552 1393 enim
1599 1329 1812 1413 aegris
1860 1329 2325 1413 subveniretur,

324 1440 486 1502 quae
533 1422 701 1482 esset
741 1417 1091 1483 oblectatio
1128 1417 1501 1499 valentium,
1548 1416 1659 1500 qui
1697 1417 1905 1482 victus
1944 1419 2057 1481 aut
2093 1417 2326 1500 cultus,

320 1506 447 1571 nisi
511 1510 645 1571 tam
708 1507 953 1571 multae
1019 1505 1210 1570 nobis
1283 1508 1457 1570 artes
1530 1505 2018 1570 ministrarent?
2092 1505 2326 1589 quibus

243 1611 294 1651 1⁵
321 1595 510 1660 rebus
564 1595 821 1660 exculta
872 1593 1208 1658 hominum
1261 1593 1401 1658 vita
1463 1597 1721 1658 tantum
1784 1593 1986 1658 distat
2049 1616 2089 1658 a
2150 1593 2326 1659 victu

321 1687 387 1749 et
431 1683 610 1749 cultu
655 1682 1032 1747 bestiarum.
1114 1680 1326 1746 Urbes
1370 1703 1523 1746 vero
1572 1682 1710 1746 sine
1758 1681 2094 1747 hominum
2140 1685 2327 1747 coetu

317 1793 449 1837 non
492 1771 860 1857 potuissent
903 1791 1019 1835 nec
1066 1769 1392 1835 aedificari
1434 1791 1552 1835 nec
1597 1770 2021 1854 frequentari3
2076 1791 2151 1834 ex
2199 1791 2325 1854 quo

318 1861 496 1946 leges
544 1880 882 1943 moresque
928 1858 1292 1942 constituti,
1347 1861 1488 1922 tum
1533 1858 1692 1922 iuris
1741 1880 1947 1943 aequa
1992 1857 2325 1943 discriptio

319 1952 623 2033 certaque
673 1946 929 2013 vivendi
985 1946 1355 2031 disciplina3
1409 1968 1570 2032 quas
1625 1968 1728 2012 res
1783 1951 1849 2013 et
1902 1947 2325 2013 mansuetudo

239 2056 292 2095 πο
321 2037 685 2102 animorum
742 2039 1088 2101 consecuta
1150 2038 1215 2099 et
1277 2035 1661 2100 verecundia
1724 2039 1839 2122 est,
1888 2037 2339 2120 effectumque,

321 2128 394 2190 ut
439 2129 616 2189 esset
660 2123 798 2190 vita
841 2123 1180 2206 munitior,
1232 2126 1427 2206 atque
1471 2126 1547 2187 ut
1591 2123 1799 2188 dando
1848 2127 1913 2188 et
1959 2119 2326 2208 accipiendo

320 2212 816 2296 mutuandisque
867 2211 1294 2277 facultatibus
1349 2214 1418 2274 et
1479 2211 1960 2276 commodandis
2022 2212 2206 2277 nulla
2258 2234 2328 2276 re

323 2323 357 2367 e
408 2322 675 2366 eremus.

360 2322 405 2388 g
453 2388 812 2475 Longiores
847 2389 972 2453 hoc
1007 2389 1151 2454 loco
1190 2408 1449 2480 sumus,
1468 2408 1662 2470 quam
1697 2407 1956 2450 necesse
1994 2388 2109 2450 est.
2171 2384 2327 2460 Quis
2366 2356 2431 2480 ᾗ

239 2494 293 2537 25
322 2482 424 2543 est
481 2477 694 2571 enims
733 2476 834 2542 cui
877 2497 1010 2542 non
1062 2475 1405 2561 perspicua
1449 2474 1581 2539 sint
1625 2473 1770 2557 illa,
1824 2494 1987 2558 quae
2033 2474 2328 2558 pluribus

321 2565 538 2631 verbis
595 2588 635 2630 a
686 2564 997 2629 Panaetio
1062 2566 1710 2655 commemorantury:
1736 2562 2059 2626 neminem
2122 2583 2329 2645 neque

323 2654 548 2719 ducem
593 2653 767 2718 bello
813 2674 932 2717 nec
976 2651 1335 2737 principem
1380 2651 1554 2716 domi
1597 2671 1869 2737 magnas
1915 2671 2017 2715 res
2061 2654 2127 2715 et
2162 2651 2329 2715 salu-

321 2747 497 2807 tares
554 2742 692 2806 sine
746 2739 1084 2805 hominum
1139 2740 1371 2804 studiis
1436 2760 1657 2825 gerere
1719 2739 2053 2823 potuisse?
2145 2737 2330 2805 Com-

324 2832 721 2895 memoratur
766 2829 849 2894 ab
896 2849 971 2893 eo
1017 2827 1502 2911 Themistocles,
1546 2827 1845 2911 Periclea,
1890 2826 2114 2911 CyruS,
2161 2827 2329 2912 Age-

242 2934 296 2975 20
322 2918 542 3003 silauS,
580 2916 963 2999 Alexander,
1001 2937 1161 3000 quos
1188 2920 1387 3002 negat
1416 2916 1554 2980 sine
1583 2916 1967 2981 adiumentis
1994 2915 2330 2980 hominum

322 3009 543 3070 tantas
597 3026 701 3070 res
756 3004 1006 3069 efficere
1060 3004 1366 3088 potuisse.
1460 3002 1684 3069 Utitur
1733 3004 1801 3068 in
1845 3026 1915 3068 re
1958 3026 2090 3068 non
2136 3003 2331 3068 dubia

323 3094 604 3159 testibus
648 3114 782 3158 non
823 3091 1220 3157 necessariis.
1309 3091 1526 3176 Atque
1570 3096 1646 3156 ut
1690 3110 1961 3176 magnas
2010 3090 2329 3156 utilitates

324 3181 744 3266 adipiscimur
800 3179 1278 3265 conspiratione
1341 3180 1676 3245 hominum
1740 3185 1933 3262 atque
1997 3200 2330 3261 consensu,

325 3270 417 3335 sic
461 3270 644 3334 nulla
687 3273 826 3334 tam
874 3268 1274 3333 detestabilis
1312 3269 1515 3352 pestis
1555 3274 1673 3354 est,
1719 3289 1882 3350 quae
1916 3289 2047 3332 non
2083 3266 2330 3331 homini

244 3374 298 3416 ⁸⁵
325 3358 407 3423 ab
453 3358 715 3422 homine
758 3360 1077 3421 nascatur.
1149 3356 1272 3420 Est
1307 3356 1688 3421 Dicaearchi
1724 3355 1891 3420 liber
1937 3355 2013 3420 de
2058 3354 2329 3420 interitu

323 3446 690 3528 hominum,
734 3444 1147 3529 Peripatetici
1197 3445 1418 3530 magni
1464 3447 1530 3508 et
1576 3443 1837 3529 copiosi,
1885 3444 1994 3527 qui
2039 3443 2328 3509 collectis

327 3534 556 3598 ceteris
602 3532 812 3598 causis
858 3532 1193 3614 eluvioniS,
1237 3532 1672 3617 pestilentiae,
1717 3532 2069 3617 vastitatis,
2113 3532 2327 3597 belua·
