2630 3913
306 101 340 117 Q*-

332 220 459 283 256
1105 218 1556 274 FRAGMENTA

416 387 718 447 senatores
751 402 981 463 quoque
1017 382 1086 445 in
1121 402 1186 446 eo
1231 402 1483 445 numero
1528 386 1721 446 essent
1763 387 1821 445 et
1859 384 2114 463 quidam
2158 385 2341 447 etiam

416 492 489 536 ex
537 472 672 552 ipsa
705 471 891 551 plebe.

464 559 567 624 54.
612 559 804 622 Arus.
849 558 1036 623 Mess.
1075 579 1136 639 Ρ.
1182 562 1321 622 227
1366 556 1486 623 Cic.
1527 578 1641 637 Ρνο
1688 556 1969 623 Cornelio
2011 559 2088 622 1:
2135 560 2339 623 satius

332 648 658 713 hominem
689 647 994 710 miserum
1024 649 1217 729 atque
1245 647 1653 710 innocentem
1682 646 1845 731 eripi
1874 646 1942 710 P.
1972 647 2067 729 R„
2106 649 2340 732 expelli

330 738 562 822 patria,
610 735 831 799 divelli
878 758 916 799 a
963 736 1113 798 suis,
2396 756 2422 795 5

465 825 566 890 55.
604 824 791 888 Aras.
819 844 885 903 Ρ.
921 828 1046 889 215
1085 822 1289 888 Cicero
1314 842 1436 903 pro
1476 821 1755 888 Cornelio
1791 823 1866 886 I:
1914 825 2024 887 sed
2063 825 2145 889 ab
2183 826 2341 889 urbe

333 915 580 978 dierum
626 914 751 975 iter
798 910 1097 976 afuerunt
1143 910 1589 994 complurium.

466 1003 568 1066 56.
614 1002 804 1066 Aras.
838 1022 907 1081 Ρ.
942 1005 1072 1065 218
1108 999 1313 1065 Gieero
1348 1020 1469 1081 Ρνο
1506 997 1783 1064 Cornelio
1820 1000 1894 1063 I:
1941 998 2125 1074 Quod
2172 1002 2341 1066 enim

333 1090 494 1155 mihi
540 1092 867 1154 certamen
913 1093 1012 1153 est
1059 1110 1203 1153 cum
1250 1090 1620 1151 accusatore
1667 1093 1780 1152 aut
1827 1090 2199 1154 contentio?

466 1179 567 1243 57.
614 1178 804 1243 Aras.
842 1199 907 1259 Ρ.
946 1182 1076 1242 213
1118 1176 1293 1240 Idem
1329 1197 1448 1258 Ρνο
1495 1174 1803 1241 Cornelio:
1850 1174 2087 1259 Facite,
2133 1182 2207 1241 ut
2249 1178 2341 1242 fa·
2374 1200 2427 1237 ιο

333 1268 509 1349 citis,
557 1267 666 1350 qui
715 1266 795 1330 ad
842 1287 1101 1330 causam
1150 1264 1410 1329 adestis

468 1357 569 1421 58.
631 1356 822 1420 Aras.
865 1376 933 1436 Ρ.
987 1358 1120 1420 226
1177 1352 1297 1418 Cic.
1342 1373 1462 1434 Ρνο
1518 1350 1794 1417 Cornelio
1848 1353 1896 1416 I
1900 1374 1922 1416 .·
1985 1352 2175 1418 Demi
2241 1377 2342 1419 me

336 1446 477 1509 dius
523 1443 713 1507 fidius
760 1443 836 1508 de
881 1443 983 1506 his
1032 1441 1426 1507 ornamentis
1474 1440 1879 1524 aliquantum
1926 1442 2166 1506 malim.

468 1532 571 1597 59.
635 1532 830 1597 Prisc.
897 1531 1040 1596 VII
1085 1535 1184 1594 17.
1238 1535 1324 1595 86
1367 1550 1433 1610 Ρ.
1487 1535 1627 1594 361.
1679 1533 1767 1595 25
1822 1530 1909 1593 Η.
1968 1529 2171 1595 Cicero
2224 1552 2344 1612 pro

337 1620 616 1686 Cornelio
661 1620 735 1683 I:
783 1641 945 1703 quae
990 1618 1362 1682 intermissa
1408 1618 1756 1701 compluris
1806 1640 2024 1683 annos,
2374 1639 2424 1678 15

468 1709 569 1774 60.
616 1707 812 1772 Prisc.
858 1708 930 1772 X
972 1712 1028 1772 7.
1074 1711 1159 1770 40
1202 1727 1269 1787 Ρ.
1314 1709 1454 1771 530.
1500 1711 1582 1770 19
1637 1711 1695 1770 et
1739 1714 1796 1771 9.
1841 1710 1920 1771 55
1953 1728 2020 1788 Ρ.
2065 1711 2212 1771 544.
2254 1713 2345 1773 26

338 1798 543 1863 Cicero
577 1817 698 1877 Ρνο
736 1795 1014 1861 Cornelio
1058 1796 1129 1858 in
1164 1794 1212 1858 I
1217 1816 1236 1855 .·
1286 1792 1603 1878 Coeptum
1648 1794 1852 1879 igitur
1897 1817 2012 1879 per
2058 1817 2186 1879 eos„
2233 1798 2341 1881 qui

337 1885 444 1971 agi
491 1883 823 1965 volebant,
871 1883 1149 1947 desitum
1196 1886 1294 1947 est
1340 1904 1455 1968 per
1498 1883 1695 1965 hunc,
1743 1883 1851 1967 qui
1900 1883 2189 1949 decessit.

468 1975 572 2037 61.
617 1973 812 2038 Prisc.
870 1973 1053 2037 VIII
1089 1975 1185 2036 15.
1231 1977 1320 2037 82
1353 1993 1418 2053 Ρ.
1464 1975 1604 2037 435.
1650 1976 1739 2036 23
1786 1972 1990 2038 Cicero
2033 1995 2156 2055 pro
2202 1972 2335 2040 Gor-

334 2063 493 2127 nelio
537 2063 608 2126 in
650 2061 725 2126 I:
777 2060 952 2126 Num
1000 2060 1192 2124 alicui
1239 2060 1730 2144 gratificabatur
1776 2066 1888 2125 aut
1934 2061 2183 2126 homini
2228 2066 2335 2126 aut
2364 2081 2415 2120 20

338 2150 590 2215 ordini?

865 2364 1029 2425 VIII.
1092 2362 1243 2423 PRO
1291 2362 1688 2423 CORNELIO
1734 2365 1814 2425 H.

475 2507 528 2568 1.
582 2503 819 2585 Aquila
871 2500 1048 2565 Rom.
1101 2505 1183 2564 10
1227 2522 1292 2583 Ρ.
1345 2504 1449 2566 25.
1502 2507 1582 2565 11
1636 2502 1853 2566 Halm.
1910 2501 2343 2587 Διαπόρησις,

334 2592 731 2657 addubitatio.
813 2590 959 2654 Hae
1012 2590 1271 2666 utimur,
1327 2609 1464 2653 eum
1506 2596 1758 2671 propter
1809 2591 2023 2673 aliqua
2065 2594 2340 2658 volumus

335 2682 525 2745 videri
577 2679 938 2744 addubitare
990 2682 1048 2740 et
1097 2678 1276 2757 quasi
1330 2678 1407 2742 ab
1459 2679 1611 2759 ‘apsis
1668 2679 1967 2744 iudicibus
2018 2681 2343 2746 consilium
2372 2701 2427 2740 25

334 2789 571 2850 capere,
624 2788 742 2848 quo
780 2767 1172 2848 potissimum
1220 2786 1433 2847 yenere
1485 2768 1783 2832 orationis
1834 2773 2112 2852 utamur,
2167 2770 2345 2851 quale

336 2862 423 2922 est
470 2891 545 2903 —
589 2876 711 2937 pro
758 2855 1065 2920 Cornelio:
1121 2852 1412 2939 Pugnem
1468 2859 1689 2938 aperte
1744 2860 1972 2921 contra
2021 2858 2344 2922 nobilissi-

338 2967 587 3010 morum
635 2943 972 3008 hominum
1016 2942 1430 3007 voluntates?
1490 2944 1730 3027 studia,
1784 2945 2057 3010 consilia
2101 2947 2343 3032 cogita·

334 3036 673 3117 tionesque
720 3054 942 3096 eorum
994 3032 1324 3115 aperiam?
1383 3038 1439 3095 et
1481 3038 1671 3097 cetera
1680 3084 1696 3115 ‚
1751 3054 1906 3114 quae
1949 3037 2129 3116 quasi
2172 3035 2345 3100 dubi-

336 3129 475 3187 tans
519 3143 605 3186 an
648 3122 765 3185 sibi
804 3121 1091 3201 facienda
1134 3122 1262 3185 sint
1303 3122 1464 3184 dicit
1519 3157 1591 3166 -
1643 3121 1801 3186 Inde
1844 3122 2039 3186 Mart
2088 3122 2235 3206 ΟαΡ.
2294 3123 2356 3188 V
2378 3143 2433 3182 30

336 3215 464 3276 523
496 3232 564 3292 Ρ.
609 3215 759 3275 478.
803 3215 845 3274 9
890 3209 1107 3273 Halm.

468 3300 528 3363 2.
584 3297 707 3364 Cic.
761 3318 848 3362 or.
895 3303 995 3362 67.
1040 3301 1171 3362 225
1224 3298 1487 3363 Incisim
1539 3302 1597 3362 et
1649 3299 2033 3363 membratim
2089 3304 2350 3365 tractata

334 3387 532 3450 oratio
585 3388 656 3450 in
707 3387 866 3450 veris
922 3388 1124 3450 causis
1167 3386 1514 3468 plurimum
1576 3387 1759 3469 valet,
1821 3389 2203 3489 maximeque
2264 3391 2352 3454 eis

336 3472 507 3548 locis,
551 3493 689 3537 eum
733 3479 845 3536 aut
888 3494 1117 3555 arquas
1161 3480 1273 3538 aut
1314 3474 1583 3556 refellas,
1640 3481 1713 3539 at
1752 3480 1965 3540 nostra
2009 3478 2082 3540 in
2128 3476 2350 3542 Corne-

282 3598 289 3608 ·
337 3558 513 3620 liana
546 3562 840 3623 secunda:
880 3560 932 3623 O
970 3561 1237 3625 callidos
1276 3561 1594 3627 homines!
1636 3585 1674 3629 o
1712 3585 1849 3628 rem
1882 3565 2348 3650 excogitatam!
2380 3584 2437 3624 85
