2630 3913
297 207 424 269 374
1072 203 1523 258 FRAGMENTA

381 366 561 430 Haec
608 369 786 448 sunt,
834 388 996 449 quae
1043 366 1257 429 visens
1302 369 1621 429 nocturno
1668 368 1965 450 tempore
2011 367 2200 451 signa

298 455 775 538 Aeternumque
821 453 1045 517 volens
1092 452 1314 516 mundi
1359 474 1740 537 pernoscere
1789 457 2038 518 motum

148 551 272 607 225
294 542 620 628 Legitimo
668 563 888 607 cernes
936 540 1187 606 caelum
1232 540 1588 606 lustrantia
1633 563 1840 606 cursu.

293 631 466 695 Nam
513 653 675 716 quae
721 652 835 713 per
880 629 982 692 bis
1031 650 1140 692 sex
1188 628 1523 713 signorum
1571 630 1779 693 labier
1827 630 2052 695 orbem
2207 647 2328 698 470

296 717 591 803 Quinque
639 718 850 781 solent
897 717 1155 801 stellae,
1202 718 1402 781 simili
1447 717 1701 782 ratione
1746 718 1965 782 notari

294 806 447 871 Non
490 809 791 892 possunt,
838 805 1017 889 quia,
1065 827 1228 889 quae
1273 805 1524 870 faciunt
1569 804 1850 889 vestigia
1896 828 2112 890 cursu,

294 894 445 959 Non
493 894 716 958 eodem
763 915 1015 977 semper
1063 894 1276 977 spatio
1324 893 1607 978 protrita
1651 896 1967 959 teruntur.

150 990 277 1048 230
298 980 401 1046 Sic
448 982 701 1047 malunt
749 1003 962 1046 errare
1009 1003 1213 1065 vagae
1259 1003 1377 1065 per
1421 981 1649 1046 nubila
1694 981 1857 1046 caeli

294 1070 512 1153 Atque
560 1091 711 1133 suos
759 1070 939 1134 vario
987 1073 1167 1133 motu
1215 1069 1503 1133 metirier
1549 1070 1756 1134 orbes.
2206 1088 2324 1138 475

295 1158 437 1223 Hae
482 1158 730 1223 faciunt
775 1179 1049 1243 magnos
1095 1156 1437 1242 longinqui
1483 1157 1795 1242 temporis
1844 1180 2046 1224 annos
2057 1211 2074 1242 ‚

296 1245 460 1311 Cum
506 1246 776 1310 redeunt
823 1246 905 1309 ad
949 1245 1118 1310 idem
1165 1245 1328 1310 caeli
1374 1245 1493 1309 sub
1541 1246 1829 1331 tegmine
1876 1247 2160 1333 signum3

296 1331 582 1409 Quarum
630 1355 751 1419 ego
798 1356 966 1399 nunc
1009 1355 1257 1417 nequeo
1283 1339 1498 1400 tortos
1530 1335 1825 1399 evolvere
1872 1357 2095 1400 cursus
2106 1387 2124 1418 ,

149 1429 272 1489 235
297 1422 540 1487 Verum
587 1422 772 1501 haec,
820 1444 984 1506 quae
1032 1443 1285 1505 semper
1331 1425 1507 1486 certo
1554 1423 1906 1486 volvuntur
1950 1423 2019 1487 in
2065 1425 2224 1489 orbe

293 1509 480 1594 Fixa,
527 1510 722 1575 simul
770 1531 1041 1596 magnos
1089 1510 1349 1574 edemus
1397 1510 1702 1595 gentibus
1749 1510 1956 1575 orbes
2205 1531 2323 1580 480

384 1595 706 1672 Quattuor
751 1603 1013 1662 aeterno
1061 1598 1416 1662 lustrantes
1464 1598 1706 1662 lumine
1752 1600 2061 1664 mundum

298 1685 504 1750 Orbes
551 1685 872 1771 stelligeri
915 1689 1252 1770 portantes
1300 1686 1490 1771 signa
1533 1686 1830 1751 feruntur

295 1773 600 1857 Amplexi
646 1778 855 1837 terras
902 1773 1064 1837 caeli
1112 1774 1230 1836 sub
1278 1775 1565 1859 tegmine
1610 1774 1780 1838 fulti.

149 1861 349 1927 24ΟΕ
399 1861 631 1944 quibus
680 1882 994 1925 annorum
1041 1860 1389 1925 volitantia
1435 1863 1682 1927 lumina
1725 1884 1977 1947 nosceS‚

294 1948 470 2023 Quae
518 1948 731 2013 densis
779 1948 1084 2014 distincta
1129 1949 1350 2015 licebit
1397 1973 1655 2016 cernere
1702 1952 1922 2038 signis,
2203 1970 2320 2019 485

293 2038 455 2101 Tam
503 2058 774 2121 magnos
823 2038 1012 2102 orbes
1060 2060 1298 2124 magno
1347 2062 1492 2104 cum
1540 2040 1781 2105 lumine
1828 2042 2001 2105 latos

292 2124 565 2190 Vinctos
610 2125 780 2189 inter
827 2148 894 2190 se
942 2131 1007 2191 et
1051 2128 1236 2191 nodis
1285 2128 1672 2192 caelestibus
1720 2133 1910 2213 aptos

293 2214 511 2297 Atque
556 2214 699 2299 pari
746 2214 959 2299 spatio
1008 2217 1130 2280 duo
1179 2237 1399 2279 cernes
1446 2238 1585 2280 esse
1632 2217 1898 2281 duobus

146 2307 270 2367 245
295 2301 385 2366 At
432 2301 488 2365 si
531 2307 846 2367 nocturno
895 2304 1229 2368 convisens
1275 2308 1567 2388 tempore
1614 2305 1887 2388 caelum,

293 2389 456 2455 Cum
500 2412 707 2474 neque
754 2391 1044 2476 caligans
1092 2392 1362 2456 detersit
1408 2393 1617 2457 sidera
1661 2393 1865 2457 nubes
2200 2411 2315 2461 490

291 2477 426 2542 Nec
472 2479 664 2561 pleno
714 2480 939 2544 stellas
989 2480 1318 2563 superavit
1364 2480 1605 2545 lumine
1651 2480 1861 2564 Luna,

291 2564 532 2630 Vidisti
578 2588 888 2652 magnum
935 2568 1311 2632 candentem
1361 2590 1615 2651 serpere
1662 2570 1925 2651 circum,

290 2652 617 2718 Lacteus
662 2653 769 2718 hic
812 2655 1014 2718 nimio
1060 2655 1320 2740 fulgens
1368 2656 1641 2720 candore
1685 2661 1970 2722 notatur.

145 2748 272 2805 250
293 2741 357 2804 Is
401 2763 533 2805 non
579 2746 963 2826 perpetuum
1011 2743 1311 2807 detexens
1359 2744 1617 2809 conficit
1663 2746 1914 2829 orbem3

295 2830 596 2908 Quattuor
640 2830 781 2894 huic
822 2832 1017 2895 simili
1061 2834 1318 2897 nitentes
1360 2834 1514 2897 mole
1553 2833 1876 2914 servantum·
2198 2853 2310 2901 495

292 2915 415 2981 Sed
463 2917 676 3001 spatio
725 2919 1002 2982 multum
1052 2920 1300 3003 superis
1348 2925 1679 3004 praestare
1726 2922 1974 2987 duobus

290 3005 545 3070 Dicitur
592 3010 658 3070 et
702 3008 834 3070 late
881 3007 1042 3072 caeli
1090 3008 1369 3072 lustrare
1417 3031 1741 3074 cavernas,

380 3092 665 3168 Quorum
714 3095 883 3158 alter
927 3099 1203 3180 tangens
1251 3097 1594 3179 Aquilonis
1642 3099 1919 3163 vertitur
1965 3122 2154 3164 auras

289 3180 421 3245 Ora
467 3185 692 3266 petens
742 3181 1160 3248 Geminorum
1205 3185 1536 3269 inlustria3
1584 3190 1722 3250 tum
1770 3208 1974 3273 genus
2021 3189 2256 3255 ardens

144 3274 267 3331 255
289 3268 368 3331 In
414 3290 553 3333 sese
599 3270 885 3336 retinens
932 3271 1219 3357 Aurigae
1266 3277 1490 3355 portat
1534 3278 1896 3359 utrumque.
2200 3295 2314 3344 500

289 3355 477 3418 Hunc
524 3377 676 3421 sura
722 3358 907 3423 laeva
953 3358 1223 3424 Perseus
1271 3383 1621 3444 umeroque
1669 3364 1936 3429 sinistro

289 3438 556 3537 Tangit3
603 3446 672 3507 at
713 3444 1128 3510 Andromeda
1171 3448 1276 3512 hic
1326 3448 1550 3513 dextra
1598 3451 1674 3514 de
1719 3458 1906 3535 parte
1952 3456 2230 3537 tenetur,

290 3522 408 3585 Um
451 3545 676 3594 manus
720 3534 806 3595 ad
838 3533 1127 3610 Boream,
1174 3536 1407 3600 cubitus
1452 3538 1553 3601 cui
1595 3544 1823 3620 spectat
1862 3542 1949 3604 ad
1979 3541 2311 3621 Austrum,
