2630 3913
722 997 1121 1074 SCRIPTA
1182 1000 1844 1074 SUPPOSITICIA.

856 1277 951 1358 [O.
998 1275 1362 1343 SALUSTI
1409 1275 1717 1360 CRISPI]

511 1395 590 1450 IN
623 1396 698 1452 M.
736 1396 1062 1451 TULLIUM
1100 1397 1526 1453 CICERONEM
1562 1397 2055 1453 DECLAMATIO.

416 1523 703 1589 Graviter
746 1528 804 1588 et
844 1526 1058 1606 iniquo
1102 1525 1312 1590 animo
1361 1525 1685 1589 maledicta
1731 1529 1839 1587 tua
1871 1530 2146 1607 paterer,
2199 1527 2295 1590 M.
2339 1508 2365 1572 Ῑ

225 1631 251 1671 5
286 1613 472 1694 Tulli,
516 1613 573 1677 si
618 1617 673 1677 te
714 1614 930 1677 scirem
974 1614 1201 1678 iudicio
1244 1613 1446 1714 mayis
1488 1630 1677 1693 quam
1712 1612 1916 1676 morbo
1954 1614 2156 1677 animi
2191 1635 2295 1694 pe·
2340 1585 2358 1632 ¹

281 1662 551 1765 tulan'tia
593 1701 717 1765 ista
758 1702 869 1765 uti.
960 1700 1083 1766 Sed
1122 1702 1414 1782 quoniam
1461 1702 1530 1765 in
1577 1705 1630 1763 te
1672 1720 1860 1781 neque
1903 1703 2151 1765 modum
2193 1723 2293 1766 ne-

280 1809 394 1871 que
433 1789 790 1853 modestiam
824 1789 1020 1853 ullam
1056 1790 1492 1867 animadverto,
1535 1788 1895 1870 respondebo
1940 1789 2066 1867 tibi,
2111 1795 2198 1871 ut,
2240 1792 2298 1855 si

278 1896 469 1959 quam
503 1877 663 1940 male
696 1878 944 1941 dicendo
980 1879 1347 1959 voluptatem
1382 1878 1607 1959 cepisti,
1643 1897 1778 1941 eam
1805 1877 1966 1942 male
1995 1878 2297 1942 audiendo

280 1966 551 2042 amittas.
654 1964 774 2029 Ubi
816 1985 1066 2044 querar,
1119 1985 1268 2046 quos
1310 1967 1657 2045 implorem,
1698 1972 1913 2047 patres
1956 1968 2297 2049 conscripti,

201 2074 251 2112 ιο
280 2052 477 2133 diripi
518 2071 647 2115 rem
690 2052 1009 2132 publicam
1060 2058 1240 2132 atque
1291 2054 1701 2117 audacissimo
1745 2056 1960 2133 cuique
2001 2074 2124 2119 esse
2157 2076 2297 2136 per-

280 2138 511 2223 fidiae?
565 2140 738 2221 apud
775 2139 1078 2220 populum
1120 2138 1520 2202 Romanum?
1574 2140 1683 2219 qui
1735 2142 1828 2203 ita
1872 2142 2299 2223 laryitionibus

281 2232 605 2309 corruptus
646 2232 749 2305 est,
792 2231 864 2291 ut
895 2246 958 2291 se
991 2229 1117 2308 ipse
1160 2246 1233 2290 ac
1264 2227 1552 2305 fortunas
1586 2246 1733 2290 suas
1767 2228 2006 2291 venales
2048 2228 2296 2305 habeat‚·

282 2337 370 2381 an
413 2317 585 2398 apud
622 2336 751 2399 voS,
798 2319 1009 2397 patres
1052 2314 1422 2394 conscripti?
1477 2334 1736 2394 quorum
1787 2316 2120 2379 auctoritas
2173 2321 2299 2378 tur-

273 2406 534 2486 pissimo
580 2404 791 2485 cuique
836 2403 1101 2467 ludibrio
1142 2406 1244 2483 est,
1287 2402 1394 2465 ubi
1429 2403 1523 2465 M.
1557 2402 1799 2465 Tullius
1836 2402 2002 2482 leyes,
2047 2403 2300 2481 iudicia,

205 2510 257 2551 15
284 2513 414 2557 rem
446 2491 763 2573 publicam
796 2490 1065 2571 defendit
1097 2496 1277 2570 atque
1310 2491 1381 2554 in
1416 2489 1526 2553 hoc
1559 2490 1771 2553 ordine
1805 2490 1897 2552 ita
1933 2491 2299 2573 moderatur,

283 2582 466 2662 quasi
506 2600 670 2644 imus
711 2580 983 2661 reliquus
1026 2599 1099 2643 ex
1138 2578 1391 2657 familia
1434 2578 1558 2641 viri
1601 2578 1949 2655 clarissimi,
1993 2576 2301 2658 Scipionis

286 2669 598 2749 Africani,
644 2688 717 2732 ac
750 2688 876 2732 non
910 2668 1263 2747 reperticius
1296 2666 1525 2729 accitus
1558 2685 1633 2729 ac
1662 2665 1851 2746 paulo
1890 2670 2032 2730 ante
2074 2667 2300 2730 insitus

284 2756 427 2821 huic
468 2756 611 2820 urbi
655 2757 818 2819 civis.
910 2755 1021 2819 An
1062 2775 1223 2830 vero,
1268 2754 1364 2818 M.
1415 2753 1610 2831 Tulli,
1650 2754 1822 2833 facta
1868 2760 1977 2818 tua
2020 2774 2093 2818 ac
2137 2755 2300 2818 dicta
2338 2772 2370 2819 2

286 2844 541 2909 obscura
591 2842 778 2908 sunt?
842 2863 928 2907 an
980 2862 1106 2906 non
1160 2844 1253 2905 ita
1305 2861 1350 2904 a
1397 2842 1670 2923 pueritia
1721 2843 1958 2923 vixisti,
2020 2847 2092 2905 ut
2143 2841 2301 2905 nihil

208 2950 260 2987 20
284 2932 659 3013 flayitiosum
704 2932 942 3012 corpori
1001 2935 1103 2994 tuo
1134 2934 1410 3011 putares,
1470 2929 1631 3009 quod
1681 2930 1874 2993 alicui
1924 2929 2301 3005 collibuisset,

284 3024 400 3083 aut
439 3019 665 3083 scilicet
704 3020 891 3083 istam
934 3019 1403 3082 immoderatam
1438 3018 1842 3097 eloquentiam
1876 3018 2046 3097 apud
2070 3017 2166 3080 Μ.
2195 3017 2301 3080 Pi-

284 3126 490 3171 sonem
526 3126 653 3169 non
676 3107 1016 3187 pudicitiae
1040 3107 1284 3169 iactura
1311 3104 1739 3185 perdidicisti?
1802 3104 2024 3185 Itaque
2051 3104 2304 3168 minime

286 3195 645 3259 mirandum
689 3197 799 3270 est,
853 3195 1016 3274 qnod
1064 3213 1199 3257 eam
1251 3193 1550 3273 flagitiose
1593 3192 1892 3268 venditas,
1946 3212 2132 3272 quam
2179 3197 2301 3255 tur-

274 3283 534 3365 pissime
568 3282 831 3364 parasti.
933 3281 1183 3363 Verum,
1227 3286 1300 3344 ut
1340 3282 1581 3360 opinor,
1626 3280 1908 3360 splendor
1950 3280 2303 3344 domesticus
2341 3283 2381 3342 2

209 3386 259 3427 25
287 3370 398 3434 tibi
443 3370 687 3434 animos
733 3369 903 3433 tollit.
1007 3367 1174 3434 Uxor
1216 3368 1516 3449 sacrileya
1560 3386 1634 3430 ac
1673 3368 1977 3449 periuriis
2019 3367 2302 3444 delibuta,

283 3458 424 3541 filia
458 3458 681 3521 matris
702 3457 901 3539 pelex,
937 3456 1048 3521 tibi
1081 3456 1409 3520 iucundior
1442 3460 1622 3534 atque
1657 3455 2082 3536 obsequentior,
2117 3474 2305 3535 quam

276 3547 531 3629 parenti
567 3566 693 3626 par
736 3551 836 3610 est.
908 3543 1183 3609 Domum
1219 3544 1422 3625 ipsam
1459 3547 1630 3607 tuam
1665 3544 1729 3608 vi
1761 3547 1820 3607 et
1851 3544 2094 3625 rapinis
2130 3542 2299 3623 fune-
