2630 3913
710 214 1130 272 POEMATUM.
1167 215 1236 270 Η.
1272 215 1349 270 IV
1385 215 1423 270 b
1459 233 1511 271 v.
1551 222 1845 273 ενι-348.
2155 217 2282 282 391

278 375 402 444 Sed
442 375 679 442 medius
722 377 975 442 nebulae
1018 379 1186 442 tenui
1228 379 1463 443 velatur
1505 379 1750 443 mnictu

279 466 428 531 Non
470 468 674 530 caruit
714 466 932 549 siqniS,
976 486 1133 547 quae
1174 487 1300 530 non
1344 472 1402 530 et
1438 467 1762 546 fructibus,
1805 466 1954 550 ilex,
2182 484 2287 533 315

280 554 429 619 Non
471 555 656 636 niqra
700 554 1008 619 lentiscus.-
1050 575 1129 619 ne
1168 555 1388 634 forsan
1431 556 1674 620 inutilis
1717 560 1919 621 aestas

279 643 586 723 Efflueret
626 642 913 707 manibus
955 643 1231 707 crebrum
1271 663 1556 708 monuere
1597 644 1891 708 colonum.

279 730 437 795 Oum
479 731 665 813 niqra
707 731 977 796 densatis
1018 736 1309 795 curvatur
1348 732 1676 813 ylomdibus
1717 733 1867 815 ilex,

279 819 538 883 Invocat
578 819 878 902 hybernae
914 819 1291 901 yelidissima
1339 825 1608 901 tempora
1650 820 1917 886 brumae.

279 906 399 973 Sin
442 909 705 972 modicos
746 908 937 972 radix
977 908 1215 971 emittat
1252 908 1460 972 vivida
1498 907 1761 988 fructus,
2185 923 2287 973 320

281 995 476 1060 Nullo
520 995 756 1061 obsessa
798 996 924 1060 situ
971 996 1145 1060 tellus
1188 996 1426 1076 florebit
1467 997 1695 1061 aristis.

280 1082 422 1146 Iam
468 1104 621 1148 vero
670 1104 923 1168 semper
967 1083 1189 1147 viridis
1238 1105 1616 1168 semperque
1664 1087 1937 1169 gravata

281 1171 623 1236 Lentiscus
669 1171 912 1255 triplici
959 1172 1155 1236 solita
1201 1172 1624 1258 grandescere
1666 1172 1805 1236 fetu

282 1259 409 1323 Ter
452 1258 674 1345 fruges
718 1258 992 1324 fundens
1038 1260 1167 1324 tria
1211 1264 1509 1345 tempora
1554 1264 1877 1325 monstrat
1924 1261 2164 1325 arandi.

282 1348 455 1412 Nam
501 1353 620 1413 tres
662 1368 783 1412 esse
824 1349 1037 1428 ferunt
1065 1350 1394 1431 promendi
1434 1351 1693 1414 vomeris
1735 1349 1946 1432 horas,
2185 1366 2287 1414 325

281 1435 538 1500 Primus
580 1436 756 1500 habet
785 1438 1064 1518 primam
1103 1438 1370 1521 fructus,
1413 1439 1761 1519 mediusque
1801 1439 2152 1517 secundam,

285 1525 530 1589 Tertius
573 1529 835 1589 extremo
877 1525 1073 1604 foetus
1114 1527 1430 1607 respondet
1469 1531 1697 1590 aratro.

283 1612 360 1677 Si
398 1613 661 1695 yravida
703 1614 965 1696 eyreyios
1003 1615 1254 1695 ylandis
1297 1614 1579 1678 lentiscus
1620 1633 1861 1679 acervos

280 1700 596 1781 Proferat,
642 1700 750 1766 hoc
795 1702 1002 1784 larqas
1044 1703 1315 1783 sperabis
1359 1703 1437 1766 ab
1480 1703 1680 1767 omine
1721 1722 1962 1781 messe-3,

280 1789 390 1854 Ex
433 1791 669 1857 modica
712 1791 1040 1873 modicam,
1074 1811 1275 1872 parca
1307 1811 1704 1872 praenoscere
1734 1811 1996 1873 parcam
2187 1807 2290 1855 330

284 1877 530 1942 Glande
566 1883 765 1960 potes:
814 1883 980 1943 terno
1012 1881 1257 1961 pariter
1297 1899 1454 1961 quae
1498 1885 1756 1962 tempore
1797 1880 1974 1961 floret

281 1965 529 2047 Squilla
572 1967 683 2031 tibi
724 1968 879 2032 dicet
918 1988 1035 2049 quo
1080 1973 1343 2051 surgant
1381 1970 1629 2051 meryite
1671 1969 1859 2033 culmi
1869 1990 1890 2031 .·

283 2055 456 2119 Nam
500 2075 908 2137 quaecumque
948 2057 1202 2120 avidum
1246 2057 1529 2122 lentiscus
1567 2058 1733 2137 foeta
1777 2058 2055 2122 colonum

282 2142 709 2225 Praemonuit,
754 2144 1013 2225 squillae
1044 2149 1336 2225 poterunt
1379 2145 1489 2208 tibi
1531 2145 1724 2211 dicere
1765 2145 1960 2224 flores.

280 2230 359 2297 Si
401 2232 609 2296 crebra
650 2237 947 2297 autumno
991 2233 1199 2297 videas
1230 2236 1522 2313 pereunte
1563 2233 1791 2296 moveri
2187 2248 2288 2297 335

280 2318 563 2402 Aymina
603 2340 950 2403 vesparum,
996 2320 1232 2385 subitae
1273 2340 1337 2384 se
1376 2320 1605 2401 friyore
1649 2321 1922 2403 brumae,

281 2407 448 2472 Ante
490 2410 676 2472 etiam
718 2409 1019 2490 Hesperio
1061 2428 1250 2490 quam
1291 2413 1552 2490 surgant
1592 2406 1875 2472 Pleiades
1917 2412 2080 2493 ortu,

281 2495 731 2580 Praecipitant,
774 2498 1070 2578 densoque
1110 2498 1243 2561 ruit
1284 2516 1423 2561 cum
1467 2496 1705 2561 turbine
1746 2500 1965 2561 vortex.

281 2582 361 2650 Si
393 2605 619 2666 porcae
663 2591 890 2668 turpes,
936 2590 994 2649 et
1034 2605 1192 2668 oves,
1231 2585 1604 2667 yracilesque
1645 2584 1932 2668 capellae,

280 2673 623 2754 Expectare
664 2693 867 2739 mares
908 2679 1131 2738 aveant
1165 2674 1534 2755 yenitalibus
1577 2675 1771 2756 arvis,
2189 2687 2291 2736 340

282 2761 759 2844 Concubitusque
801 2781 984 2827 novos
1027 2782 1260 2844 semper
1301 2763 1432 2826 iam
1475 2766 1623 2827 nota
1638 2781 1647 2796 ²
1665 2762 1942 2843 voluptas

280 2849 602 2933 Sollicitet,
645 2851 842 2916 simili
885 2850 1167 2915 brumam
1210 2852 1450 2915 ratione
1492 2850 1746 2916 notabis.

280 2936 359 3003 Si
402 2939 563 3002 videt
603 2940 674 3002 in
728 2939 1015 3003 Venerem
1060 2940 1297 3022 tardas,
1341 2958 1449 3003 nec
1489 2944 1697 3019 sponte
1739 2938 1964 3003 moveri

278 3024 543 3091 Securus
586 3028 853 3091 nimium
891 3028 1153 3109 yeneris,
1199 3028 1300 3091 cui
1333 3027 1541 3107 pallia
1581 3028 1800 3091 desunt

281 3113 531 3180 Gaudet
570 3116 774 3197 inops,
818 3115 1052 3197 hyemes
1093 3118 1299 3181 iussus
1340 3134 1585 3195 sperare
1627 3133 1904 3179 serenas:
2188 3127 2291 3177 345

281 3201 531 3268 Gaudet
571 3209 630 3267 et
669 3208 915 3269 assueta
952 3205 1209 3286 yruibus
1255 3203 1630 3268 venientibus
1672 3203 1827 3267 hora

282 3289 585 3373 Tempora
627 3292 737 3373 qni
779 3297 1004 3375 servat,
1050 3294 1247 3358 tardis
1290 3296 1350 3356 et
1392 3292 1606 3356 tardus
1648 3296 1895 3355 arator.-

278 3380 568 3462 Namque
605 3400 789 3462 yrues
830 3385 1120 3445 venturae
1160 3382 1490 3445 imitantur
1535 3384 1802 3462 tempora
1846 3377 2096 3443 brumae
2105 3398 2128 3440 .·

419 3570 486 3627 V.
528 3578 630 3626 322
654 3588 772 3641 sqq.
814 3573 924 3627 Cic.
963 3573 1028 3628 de
1064 3574 1171 3629 div.
1210 3573 1254 3627 I
1281 3579 1334 3629 9.
1373 3578 1459 3628 15.
