2630 3913
771 182 907 241 ΜΒ.
943 183 1012 240 11.
1087 181 1238 237 CAP.
1276 188 1504 238 23—25.
1579 187 1610 249 §
1646 188 1871 239 82-88.
2237 181 2320 247 87

308 351 385 414 ut
430 345 578 412 aliis
624 345 829 429 detur,
875 345 1021 410 aliis
1069 344 1418 430 auferatur,
1463 344 1739 411 aberunt
1781 345 1847 430 ii,
1891 346 2001 429 qui
2037 366 2176 411 rem
2209 365 2327 431 pu·

309 435 549 501 blicam
578 433 950 517 tuebuntur,
987 433 1057 496 in
1090 433 1445 518 primisque
1474 454 1737 518 operam
1767 433 2031 518 dabunt,
2065 438 2138 499 ut
2164 433 2323 498 iuris

310 529 377 589 et
422 522 802 589 iudiciorum
830 521 1177 605 aequitate
1224 543 1412 586 suum
1450 522 1719 608 quisque
1759 525 1979 587 teneat
2017 526 2081 588 et
2115 544 2324 606 neque

310 612 635 677 tenuiores
681 614 948 695 propter
993 610 1429 675 humilitatem
1484 610 2066 676 circumveniantur
2118 632 2323 694 neque

257 719 283 759 ⁵
312 700 746 785 locupletibus
794 698 875 763 ad
920 720 1038 762 sua
1082 700 1185 764 vel
1224 699 1502 764 tenenda
1537 699 1640 763 vel
1678 699 2114 784 recuperanda
2151 700 2326 764 obsit

312 788 579 873 invidia,
633 790 994 874 praeterea,
1051 787 1557 872 quibuscumque
1611 787 1804 852 rebus
1857 788 1960 853 vel
2015 788 2174 853 belli
2219 787 2322 853 vel

312 877 486 943 domi
532 880 856 960 poterunt,
903 897 1040 939 rem
1085 875 1413 960 publicam
1461 880 1742 961 augeant
1787 876 2078 961 imperio,
2128 877 2324 962 agris,

314 965 761 1048 vectigalibus.
849 962 1026 1028 Haec
1084 985 1470 1050 magnorum
1524 964 1858 1029 hominum
1922 968 2100 1043 sunt,
2164 965 2324 1030 haec

314 1054 483 1138 apud
519 1053 797 1117 maiores
833 1055 1095 1117 nostros
1130 1051 1452 1137 factitata,
1491 1052 1649 1118 haec
1688 1073 1926 1136 genera
1963 1052 2322 1118 officiorum

235 1162 286 1201 ιο
318 1142 428 1225 qui
483 1144 978 1226 persequentur,
1034 1162 1178 1205 cum
1236 1162 1489 1206 summa
1543 1140 1831 1206 utilitate
1886 1141 1982 1205 rei
2027 1142 2322 1225 publicae

313 1228 2166 1402 magssanfiisspsssstssfflpffiffiffifflpiisssskffiselfiffssffi'
2201 1317 2322 1402 Ty·
2359 1335 2425 1386 80

314 1407 449 1471 rius
486 1403 756 1489 StoicuS,
794 1406 904 1489 qui
932 1404 1208 1470 Athenis
1244 1426 1451 1490 nuper
1488 1410 1587 1471 est
1622 1409 1936 1490 mortuuS,
1982 1406 2106 1472 duo
2144 1427 2322 1490 prae·

313 1494 510 1559 terita
554 1498 772 1560 censet
816 1515 956 1558 esse
1003 1516 1041 1558 a
1085 1493 1422 1577 Panaetio,
1478 1493 1868 1559 valetudinis
1923 1496 2321 1560 curationem

233 1600 284 1640 1⁵
313 1587 381 1647 et
424 1583 756 1668 pecuniae3
803 1603 963 1666 quas
998 1603 1103 1647 res
1141 1605 1179 1648 a
1217 1604 1469 1647 summo
1507 1583 1897 1668 philosopho
1934 1583 2322 1668 praeteritas

311 1672 620 1754 arbitror,
678 1671 847 1755 quod
903 1674 1120 1735 essent
1170 1670 1425 1755 faciles;
1480 1676 1632 1736 sunt
1678 1676 1850 1736 certe
1896 1672 2109 1737 utiles.
2197 1669 2321 1737 Sed

310 1760 614 1825 valetudo
670 1763 1074 1825 sustentatur
1127 1760 1363 1824 notitia
1418 1760 1516 1824 sui
1571 1760 1860 1844 corporis
1912 1765 1977 1825 et
2024 1760 2321 1826 observa-

311 1849 513 1931 tione,
574 1869 737 1932 quae
782 1869 885 1912 res
942 1852 1054 1912 aut
1108 1848 1416 1933 prodesse
1471 1849 1726 1913 soleant
1781 1853 1893 1914 aut
1949 1850 2202 1934 obesse,
2257 1853 2322 1914 et

310 1937 709 2003 continentia
754 1936 821 2001 in
865 1936 1040 2002 victu
1089 1937 1265 2002 omni
1311 1940 1507 2022 atque
1553 1938 1731 2003 cultu
1774 1938 2063 2023 corporis
2100 1938 2322 2003 tuendi

228 2044 282 2083 *ο
309 2048 505 2091 causa
569 2025 1187 2111 [praetermittendis
1250 2026 1759 2111 voluptatibusJ,
1804 2032 2134 2112 postremo
2181 2031 2322 2092 arte

311 2136 563 2193 eorum,
637 2136 910 2198 quorum
973 2115 1054 2179 ad
1120 2115 1456 2179 scientiam
1520 2115 1677 2180 haec
1740 2117 2084 2200 pertinent.
2190 2116 2319 2181 Res
2359 2134 2423 2183 8¹2

311 2207 530 2268 autem
565 2201 909 2267 familiaris
946 2202 1167 2287 quaeri
1204 2203 1396 2267 debet
1432 2203 1511 2266 iis
1549 2204 1759 2287 rebuS,
1797 2226 1836 2268 a
1873 2204 2105 2288 quibus
2135 2205 2322 2269 abest

307 2291 672 2375 turpitudo,
732 2290 1098 2356 conservari
1144 2296 1361 2356 autem
1410 2290 1748 2376 diligentia
1795 2294 1861 2355 et
1906 2293 2322 2377 parsimonia,

308 2379 551 2444 eisdem
606 2379 804 2443 etiam
857 2379 1048 2443 rebus
1105 2379 1348 2466 augeri.
1434 2378 1574 2443 Has
1636 2400 1740 2443 res
1805 2380 2319 2446 commodissime

226 2483 280 2525 25
309 2466 673 2551 Xenophon
719 2465 1082 2533 Socraticus
1129 2471 1505 2552 persecutus
1553 2471 1653 2532 est
1705 2467 1773 2531 in
1828 2489 1903 2532 eo
1959 2467 2154 2546 libro,
2210 2469 2318 2551 qui

309 2555 773 2622 Oeconomicus
829 2555 1230 2635 inscribitur,
1286 2578 1477 2640 quem
1532 2577 1677 2640 nos,
1733 2555 1863 2621 ista
1914 2555 2048 2620 fere
2105 2559 2319 2621 aetate

308 2665 455 2709 cum
484 2665 796 2728 essemus,
826 2666 954 2728 qua
999 2666 1065 2709 es
1096 2649 1168 2709 tu
1194 2666 1382 2722 nunc,
1410 2666 1444 2709 e
1473 2642 1767 2709 Graeco
1746 2667 1816 2708 1n
1842 2643 2146 2710 Latinum
2176 2667 2319 2711 con·

307 2731 637 2798 vertimus.
694 2731 818 2797 Sed
855 2736 995 2797 toto
1033 2732 1156 2798 hoc
1185 2732 1260 2797 de
1293 2754 1543 2818 genere,
1572 2733 1649 2797 de
1678 2733 2060 2819 quaerenda,
2088 2734 2165 2799 de
2193 2734 2320 2800 col·

307 2821 577 2887 locanda
607 2820 894 2907 pecunia,
922 2819 1179 2904 (vellem
1213 2822 1411 2885 etiam
1441 2821 1517 2886 de
1554 2821 1819 2905 utenda)
1847 2823 2242 2888 commodius
2283 2845 2322 2888 a

234 2927 279 2966 ιο
308 2910 693 2993 quibusdam
749 2910 1033 2994 optumis
1089 2909 1244 2973 viris
1302 2910 1384 2974 ad
1428 2908 1656 2974 Ianum
1713 2910 1994 2975 medium
2049 2912 2321 2975 sedenti-

306 2998 429 3062 bus
479 3020 673 3081 quam
720 2999 802 3063 ab
850 2999 1002 3063 ullis
1048 2997 1459 3082 philosophis
1497 2999 1633 3062 ulla
1670 2998 1738 3062 in
1776 2999 1998 3063 schola
2035 3000 2318 3084 disputa-

305 3091 428 3150 tur.
519 3084 685 3150 Sunt
730 3091 952 3151 tamen
997 3109 1072 3151 ea
1118 3087 1589 3171 cognoscenda3
1646 3087 1974 3171 pertinent
2021 3087 2191 3151 enim
2238 3088 2320 3152 ad

305 3174 686 3258 utilitatem,
735 3176 812 3240 de
861 3198 987 3259 qua
1031 3175 1153 3240 hoc
1199 3175 1368 3239 libro
1418 3175 1819 3260 disputatum
1866 3178 1983 3239 est.

437 3260 561 3327 Sed
605 3264 968 3328 utilitatum
1010 3264 1430 3348 comparatiO,
1479 3263 1782 3346 quoniam
1818 3262 1925 3327 hic
1963 3264 2141 3328 locus
2178 3267 2319 3328 erat
2339 3235 2424 3360 235

223 3366 274 3406 ⁸5
305 3356 601 3434 quartuS,
659 3375 698 3417 a
750 3351 1063 3417 Panaetio
1119 3352 1641 3453 praetermissus,
1705 3372 1897 3435 saepe
1955 3355 2053 3415 est
2109 3374 2318 3417 neces-

305 3440 493 3504 saria.
583 3402 754 3504 ²Nam
813 3445 877 3504 et
932 3441 1220 3524 corporis
1277 3440 1616 3505 commoda
1676 3461 1822 3505 cum
1887 3440 2168 3504 externis
2226 3442 2348 3521 [et

303 3532 566 3592 externa
630 3550 774 3593 cum
839 3529 1154 3612 corporis]
1222 3533 1287 3593 et
1351 3529 1493 3613 ipsa
1556 3529 1726 3591 inter
1786 3549 1855 3592 se
1911 3529 2198 3613 corporis
2253 3532 2319 3593 et
