2630 3913
317 209 445 273 236
1093 206 1545 261 FRAGMENTA

448 372 507 436 2.
554 370 748 436 Prisc.
806 370 907 434 VI
945 376 1001 435 6.
1046 374 1134 435 29
1170 391 1235 451 p.
1279 373 1430 435 221.
1475 375 1519 434 3
1572 370 1748 434 Idem
1790 390 1913 451 pro
1958 371 2329 435 Fundanio:

318 465 569 524 essetne
614 459 697 542 id,
745 459 912 543 quod
960 458 1150 523 Meno
1196 460 1562 522 nuntiasset
1596 479 1717 539 pro
1766 456 2064 524 ‘Menon’.

450 549 508 613 3.
555 547 719 612 Serv.
772 549 858 612 ad
912 547 1080 629 Very.
1129 546 1344 628 Geory.
1389 547 1475 610 ΙΙ
1515 550 1648 611 342
1691 546 2026 631 (Arcades)
2077 568 2142 612 se
2189 567 2331 629 pro-

315 637 542 702 selenos
584 656 707 701 esse
749 641 1056 717 asserunt,
1114 637 1183 699 id
1232 640 1324 699 est
1365 639 1507 699 ante
1551 635 1765 699 lunam
1809 641 2013 717 natos,
2072 637 2236 717 quod
2275 640 2333 699 et

318 725 521 789 Cicero
564 725 635 789 in
679 686 1109 788 Fundaniana
1153 728 1593 788 commemorat.
1634 759 1707 768 —
1752 722 1847 803 Cf.
1883 724 2124 789 Placid.
2158 725 2328 788 Lact.
2358 742 2384 780 ⁵

317 815 403 877 ad
452 811 609 878 Stat.
676 812 856 877 Theb.
915 810 1026 876 IV
1070 815 1201 877 275
1244 833 1313 894 p.
1368 815 1498 876 132
1558 811 1888 876 Lindenbr.
1953 811 2159 878 Cicero
2209 833 2330 894 pro

318 902 655 965 Fundanio
725 902 1033 983 opinionis
1094 902 1224 965 eius
1290 901 1599 981 meminit,
1670 920 1808 964 cum
1878 901 1950 964 de
2020 900 2333 966 nobilitate

320 994 623 1054 tractaret.

449 1079 510 1142 4.
554 1077 722 1143 Serv.
767 1078 854 1141 ad
906 1076 1076 1159 Very.
1122 1077 1278 1142 Aen.
1323 1075 1436 1140 IX
1476 1079 1601 1140 675
1644 1076 2063 1141 Commissum
2106 1077 2332 1142 dicitur

321 1167 669 1231 tabularum
723 1167 1089 1242 coniunctio,
1142 1167 1300 1229 sicut
1352 1164 1556 1229 Cicero
1608 1167 1678 1229 in
1731 1166 2160 1230 Fundaniana
2213 1186 2331 1229 me-
2364 1183 2413 1222 ιο

319 1257 519 1320 minit.

450 1344 509 1407 5.
565 1343 728 1407 Acro
781 1343 851 1407 in
897 1342 1053 1405 Hor.
1100 1362 1157 1405 a.
1203 1362 1269 1423 Ρ.
1314 1345 1444 1405 343
1488 1341 1731 1405 Puncta
1783 1342 2071 1406 dicuntur
2116 1342 2335 1423 populi

318 1433 641 1514 suffrayia.
743 1429 902 1497 Usus
954 1435 1042 1495 est
1091 1429 1201 1494 hoc
1250 1430 1424 1493 verbo
1477 1430 1664 1493 etiam
1709 1428 1914 1494 Cicero
1964 1431 2032 1494 in
2075 1430 2334 1495 Funda-

320 1541 534 1584 mana.

453 1610 511 1673 6.
565 1607 823 1672 Boetius
875 1607 947 1672 de
998 1607 1226 1687 definit.
1287 1606 1357 1669 Τ.
1412 1605 1656 1671 LXIV
1692 1627 1754 1687 Ρ.
1809 1611 1935 1670 906
1978 1605 2047 1671 Β
2099 1606 2332 1689 Miqne.
2364 1623 2414 1663 ιε»

319 1698 413 1762 M.
466 1695 707 1760 Tullius
749 1731 836 1741 —
881 1715 1000 1776 pro
1053 1695 1423 1758 Fundanio:
1477 1693 1981 1778 Descripsistine
2037 1695 2173 1759 eius
2228 1717 2332 1759 ne-

320 1785 688 1865 cessarium,
730 1787 1027 1848 nostrum
1073 1781 1584 1865 competitorem,
1629 1783 1827 1846 istum
1873 1783 2107 1867 ipsum,
2152 1784 2329 1848 cuius

319 1895 488 1937 nunc
533 1871 746 1936 studio
795 1875 860 1936 et
907 1871 1122 1956 gratia
1165 1873 1308 1935 tota
1356 1871 1679 1936 accusatio
1725 1870 1857 1935 ista
1900 1871 2152 1935 munita
2187 1872 2326 1935 est?

456 1963 512 2025 7.
562 1960 815 2041 Quintil.
860 1961 909 2024 Ι
947 1965 1008 2024 4.
1053 1964 1135 2024 14
1174 1981 1291 2041 Ρνο
1338 1960 1673 2025 Fundanio
1710 1960 1915 2025 Cicero
1962 1966 2179 2040 testem,
2221 1961 2329 2042 qni

318 2051 591 2135 primam
634 2051 764 2114 eius
808 2050 1074 2114 litteram
1118 2050 1312 2113 dicere
1353 2069 1477 2113 non
1517 2050 1745 2131 possit,
1788 2050 2032 2115 inridet.
2357 2067 2409 2107 πο

927 2352 1032 2413 VI.
1095 2352 1248 2413 PRO
1295 2353 1364 2424 Q.
1412 2352 1724 2414 GALLIO.

464 2488 533 2556 V.
579 2489 859 2554 Buechel.
899 2489 968 2567 Q.
1004 2489 1126 2554 Cic.
1169 2490 1339 2570 reliq
1374 2511 1441 2571 p.
1482 2495 1584 2571 39,
1630 2490 1706 2554 R.
1747 2490 1826 2555 G.
1862 2489 2044 2555 Beck.
2082 2496 2333 2572 quaestt.

323 2583 390 2643 in
436 2576 555 2643 Cic.
600 2598 720 2659 pro
768 2576 832 2642 G.
888 2576 1165 2642 Cornelio
1219 2583 1397 2642 oratt.
1451 2580 1653 2659 capita
1699 2579 1746 2641 I
1755 2580 1820 2661 V,
1874 2581 2106 2643 dissert.
2161 2579 2333 2661 Isips.

321 2670 494 2731 1877
529 2687 594 2747 Ρ.
641 2669 729 2730 12
744 2685 868 2747 sqq.

460 2757 513 2817 1.
576 2754 814 2835 Aquila
868 2752 1043 2817 Rom.
1100 2757 1149 2818 2
1188 2774 1255 2834 p.
1310 2757 1416 2818 23.
1470 2758 1556 2819 12
1609 2753 1825 2818 Halm.
1875 2758 2331 2838 ’Λεπτολογίω
2361 2773 2416 2813 2⁵

326 2842 475 2906 Tale
510 2863 628 2923 pro
675 2841 886 2906 Gallio
929 2843 1001 2906 de
1043 2842 1310 2906 convivio
1369 2843 1715 2907 luxurioso:
1768 2841 1876 2907 Fit
1931 2845 2203 2925 clamor,
2258 2843 2334 2906 fit

321 2931 679 2996 convicium
725 2930 1084 3011 mulierum,
1129 2929 1205 2993 fit
1251 2930 1674 3014 symphoniae
1720 2935 1964 2996 cantus
2047 2930 2335 2995 Videbar

322 3019 481 3083 mihi
527 3018 743 3083 videre
790 3017 954 3082 alios
999 3018 1328 3100 intrantis,
1375 3018 1538 3084 alios
1581 3023 1797 3083 autem
1836 3020 2147 3101 exeuntiS,
2192 3042 2334 3104 par-

320 3107 441 3171 tim
489 3129 564 3170 ex
609 3107 759 3171 vino
806 3106 1206 3189 vacillantiS,
1251 3106 1491 3190 partim
1538 3107 1840 3172 hesterna
1885 3130 1964 3172 ex
2000 3109 2335 3193 potatione

323 3194 679 3260 oscitantis.
782 3193 1183 3259 Versabatur
1246 3195 1418 3259 inter
1481 3194 1601 3260 hos
1667 3194 1920 3260 Gallius
1985 3196 2334 3282 unguentis
2363 3213 2418 3252 3ο

322 3284 584 3366 oblitus,
630 3283 967 3347 redimitus
1013 3283 1294 3365 coronis3
1340 3283 1575 3347 humus
1622 3289 1761 3348 erat
1796 3285 2120 3368 inmunda,
2169 3286 2335 3349 lutu-

321 3372 500 3435 lenta
573 3371 751 3453 vinc,
824 3371 1079 3437 coronis
1152 3372 1549 3457 languidulis
1615 3376 1681 3437 et
1754 3372 1956 3457 spinis
2029 3377 2337 3458 cooperta

321 3458 609 3539 piscium.
685 3495 740 3505 -
789 3457 885 3539 Cf.
935 3459 1140 3540 Quint.
1201 3460 1385 3523 VIII
1419 3467 1476 3525 3.
1525 3466 1606 3525 66
1659 3466 1716 3525 et
1759 3461 1869 3525 XI
1911 3460 2334 3539 3.165‚lul.

336 3544 482 3606 Vict.
527 3549 618 3608 22
652 3567 717 3624 Ρ.
766 3551 907 3610 436.
953 3550 1047 3611 22
1091 3547 1306 3612 Halm.
