2630 3913
345 174 477 236 424
550 172 627 226 IN
656 172 713 229 o.
744 172 1149 228 SALUSTIUM
1169 172 1743 229 CONTROVERsm.
1773 172 1903 242 cap.
1928 180 1976 239 τ,
1996 179 2044 228 8.
2074 178 2103 238 ς
2124 179 2357 228 20-22.

345 335 496 398 tus‘?
549 356 702 399 nam
751 335 893 419 quis
940 339 1005 399 te
1051 336 1290 400 faceret
1336 335 1665 415 heredem,
1712 356 1904 417 quem
1949 355 2031 399 ne
2078 335 2357 400 amicum

347 423 604 506 quidem
651 445 840 488 suum
886 424 1046 488 satis
1091 424 1438 488 honestum
1475 423 1815 507 quisquam
1854 423 1981 487 sibi
2018 424 2191 487 ducit
2228 424 2356 487 nisi

267 512 306 576 8
347 510 580 575 similis
610 533 684 576 ac
720 534 840 597 par
868 512 1007 576 tui?
1071 511 1164 576 At
1199 510 1492 577 hercules
1528 510 1791 597 egregia
1826 510 2002 576 facta
2038 511 2355 576 maiorum

344 603 605 664 tuorum
650 603 716 664 te
763 600 1102 665 extollunt.
1184 598 1472 676 Quorum
1522 600 1658 664 sive
1703 604 1775 663 tu
1823 599 2058 664 similis
2105 621 2172 665 es
2218 599 2355 664 sive

344 688 446 752 illi
472 688 587 771 tui,
613 688 778 752 nihil
808 689 890 754 ad
917 689 1202 753 omnium
1233 689 1442 753 scelus
1473 711 1547 753 ac
1571 688 1929 772 nequitiam
1949 688 2099 752 addi
2121 692 2355 772 potest.
2409 707 2431 743 ⁵

241 793 304 840 21
343 775 606 860 Verum,
633 779 707 841 ut
735 777 982 861 opinor,
1011 777 1292 842 honores
1322 777 1420 841 tui
1446 779 1513 840 te
1532 777 1779 841 faciunt
1795 776 2201 841 insolentem.
2238 775 2355 858 Tu,

347 863 414 929 C.
462 863 735 947 Salusti‚
790 865 1106 930 tantidem
1149 870 1345 950 putas
1393 886 1531 930 esse
1579 865 1680 929 bis
1728 870 2093 929 senatorem
2140 868 2207 928 et
2251 863 2353 928 bis

347 956 755 1037 quaestorem
798 953 960 1037 fieri,
1007 954 1234 1038 quanti
1278 953 1382 1018 bis
1428 953 1832 1018 consularem
1880 956 1946 1017 et
1991 953 2090 1017 bis
2128 953 2356 1017 trium·

345 1041 650 1125 phalem?
750 1040 983 1107 Carere
1039 1043 1218 1107 decet
1278 1041 1455 1106 omni
1518 1041 1704 1124 vitio,
1770 1042 1880 1125 qui
1943 1041 2013 1104 in
2076 1041 2358 1105 alterum

333 1129 553 1194 ‘dicere
606 1133 874 1214 paratus
931 1134 1048 1195 est.
1135 1130 1202 1194 Is
1258 1130 1514 1194 demum
1570 1131 1740 1194 male
1804 1129 1986 1211 dicit,
2052 1130 2161 1213 qui
2222 1151 2360 1193 non
2392 1148 2437 1186 ιο

344 1222 565 1302 potest
601 1240 826 1283 verum
864 1219 945 1283 ab
994 1220 1200 1285 altero
1247 1219 1483 1283 audire.
1558 1215 1682 1282 Sed
1722 1222 1813 1300 tu,
1859 1217 2146 1282 omnium
2183 1239 2361 1281 men·

346 1328 563 1372 sarum
611 1307 932 1392 assecula,
980 1307 1266 1372 omnium
1311 1307 1753 1372 cubiculorum
1795 1307 1865 1370 in
1911 1310 2125 1371 aetate
2169 1306 2361 1390 pelex

346 1399 411 1458 et
447 1395 616 1460 idem
659 1399 890 1479 postea
936 1396 1205 1481 adulter,
1252 1395 1462 1460 omnis
1509 1395 1750 1459 ordinis
1797 1394 2132 1479 turpitudo
2175 1416 2244 1457 es
2293 1397 2360 1458 et

345 1484 553 1548 civilis
600 1484 759 1548 belli
805 1485 1131 1549 memoria.
1188 1447 1365 1560 Quid
1403 1483 1572 1548 enim
1609 1483 1732 1548 hoc
1770 1483 2033 1569 gravius
2069 1483 2211 1567 pati
2247 1504 2358 1566 po-

344 1572 605 1656 tuimus,
652 1595 847 1656 quam
886 1573 1057 1657 quod
1094 1576 1162 1637 te
1206 1573 1592 1638 incolumem
1638 1571 1709 1635 in
1751 1572 1876 1636 hoc
1922 1571 2144 1636 ordine
2189 1571 2437 1635 vide-1⁵

242 1676 306 1722 22
346 1661 533 1724 mus?
606 1659 844 1725 Desine
889 1662 1095 1725 bonos
1141 1660 1666 1745 petulantissima
1711 1659 2069 1725 consectari
2114 1659 2358 1744 lingua,

346 1748 564 1813 desine
592 1749 820 1814 morbo
848 1749 1263 1834 procacitatis
1291 1750 1421 1813 isto
1441 1749 1556 1830 uti,
1585 1748 1800 1813 desine
1820 1770 2019 1812 unum
2040 1769 2359 1832 quemque

345 1836 634 1900 moribus
671 1836 802 1900 tuis
840 1837 1200 1901 aestimare.
1262 1836 1386 1901 His
1423 1837 1711 1901 moribus
1750 1836 2029 1901 amicum
2064 1836 2188 1900 tibi
2223 1835 2357 1900 effi-

347 1946 487 1989 cere
531 1946 664 1989 non
699 1928 911 2009 potes;
956 1925 1192 1990 videris
1233 1926 1403 1991 velle
1438 1925 1770 1991 inimicum
1808 1925 2066 1990 habere.
2130 1922 2356 1989 Finem

347 2012 595 2077 dicendi
655 2011 918 2096 faciam,
981 2017 1201 2099 patres
1258 2015 1623 2100 conscripti.
1723 2011 1926 2098 Saepe
1990 2013 2161 2078 enim
2225 2014 2359 2078 vidi
2387 2030 2438 2070 20

347 2100 610 2186 gravius
665 2101 984 2166 offendere
1039 2102 1289 2167 animos
1346 2103 1712 2168 auditorum
1767 2125 1904 2185 eos,
1971 2102 2081 2187 qui
2146 2102 2361 2167 aliena

346 2189 598 2274 flagitia
643 2194 865 2274 aperte
912 2190 1234 2274 dixerunt,
1290 2214 1485 2276 quam
1531 2213 1668 2274 eOS,
1723 2191 1835 2275 qui
1879 2190 2359 2256 commiserunt.

344 2277 509 2343 Mihi
564 2279 821 2364 quidem
874 2280 1045 2345 ratio
1099 2280 1398 2345 habenda
1452 2284 1576 2359 est,
1634 2300 1767 2343 non
1821 2299 1985 2362 quae
2032 2276 2358 2343 Salustius

347 2367 578 2432 merito
641 2368 873 2433 debeat
927 2368 1170 2452 audire,
1226 2369 1338 2433 sed
1390 2372 1464 2433 ut
1518 2389 1594 2432 ea
1649 2367 1883 2452 dicam,
1938 2367 1996 2431 si
2052 2389 2180 2452 qua
2236 2389 2358 2451 ego

346 2455 618 2521 honeste
666 2457 848 2521 effari
891 2456 1157 2542 possim.
