2630 3913
1011 190 1161 244 GAP.
1205 198 1359 245 1—3.
1433 197 1463 256 5
1503 197 1655 247 1—8.
2208 190 2340 254 215

329 373 479 416 vere
524 355 757 436 potest.
850 350 1055 416 Omne
1103 356 1346 435 autem,
1404 352 1574 436 quod
1621 351 1937 438 gignitur,
1997 373 2073 417 ex
2120 352 2339 437 aliqua

328 461 526 505 causa
571 440 753 526 gigni
789 462 1048 506 necesse
1086 445 1212 524 est3
1255 441 1501 505 nullius
1539 441 1709 505 enim
1737 441 1831 504 rei
1860 461 2053 505 causa
2088 446 2339 507 remota

327 528 597 613 reperiri
624 528 808 613 origo
837 532 1073 613 potest.
1139 527 1452 604 Quocirca
1480 529 1537 593 si
1562 529 1639 613 is,
1677 529 1788 613 qui
1816 529 2078 613 aliquod
2105 551 2337 594 munus
2374 546 2408 593 4

330 615 580 682 efficere
625 617 914 702 molitur,
959 638 1101 682 eam
1144 618 1441 701 speciem,
1480 638 1643 701 quae
1680 639 1933 702 semper
1970 617 2191 682 eadem
2221 622 2338 702 est,

277 724 301 763 5
329 705 688 770 intuebitur
724 708 919 790 atque
946 705 1012 769 id
1042 705 1168 770 sibi
1194 709 1517 806 proponet
1545 706 1889 790 exemplar,
1934 706 2337 809 praeclarum

331 815 492 879 opus
538 792 777 858 efficiat
820 815 1080 860 necesse
1128 798 1253 876 est3
1301 794 1404 857 sin
1449 797 1665 858 autem
1713 815 1874 877 eam,
1919 816 2083 879 quae
2126 795 2332 881 gigni·
2411 865 2420 874 ,

328 887 463 967 tur,
514 904 866 966 numquam
920 883 1133 965 illam,
1201 903 1397 966 quam
1453 885 1734 967 expetet,
1792 882 2336 984 pulchritudinem
2385 877 2446 924 ’ζ’

331 933 773 1054 consequetur.
864 969 1068 1035 Omne
1114 970 1319 1056 igitur
1364 971 1613 1035 caelum
1660 970 1794 1035 sive
1840 972 2144 1055 mundus,
2204 972 2339 1036 sive

332 1081 457 1143 quo
524 1059 653 1123 alio
721 1059 1038 1124 vocabulo
1096 1058 1361 1144 gaudet,
1416 1058 1541 1123 hoc
1595 1081 1635 1123 a
1688 1058 1876 1123 nobis
1929 1065 2337 1145 nuncupatus

253 1167 302 1205 ιο
332 1148 418 1211 sit
463 1183 549 1193 —
606 1147 683 1211 de
731 1168 856 1230 quo
911 1147 978 1211 id
1030 1149 1313 1232 primum
1377 1147 1879 1230 consideremuS,
1944 1148 2116 1232 quod
2169 1149 2337 1233 prin-
2377 1163 2408 1210 5

331 1236 501 1319 cipio
565 1239 665 1299 est
727 1236 795 1298 in
851 1235 1028 1300 omni
1097 1235 1473 1319 quaestione
1548 1235 2105 1320 considerandum,
2181 1258 2339 1301 sem-

331 1344 527 1408 perne
587 1322 787 1387 fuerit
848 1324 1030 1388 nullo
1097 1328 1443 1409 generatus
1507 1327 1684 1408 ortu,
1748 1346 1831 1387 an
1887 1327 2067 1388 ortus
2124 1324 2211 1388 sit
2257 1326 2339 1390 ab

334 1411 551 1495 aliquo
598 1412 911 1496 temporis
957 1411 1342 1497 principatu.
1416 1411 1614 1477 Ortus
1661 1415 1780 1496 est,
1826 1412 2342 1497 quandoquidem

333 1499 614 1564 cernitur
660 1504 725 1564 et
759 1500 1056 1586 tangitur
1092 1504 1158 1564 et
1195 1503 1295 1564 est
1331 1501 1610 1585 undique
1648 1505 2046 1586 corporatus.
2108 1499 2344 1566 Omnia

255 1606 305 1647 15
335 1591 551 1652 autem
595 1589 757 1653 talia
801 1610 1060 1653 sensum
1097 1592 1378 1673 movent,
1425 1610 1776 1673 sensusque
1811 1589 2141 1654 moventia
2177 1611 2341 1674 quae

333 1681 504 1760 sunt,
532 1678 753 1741 eadem
782 1677 850 1741 in
875 1676 1248 1762 opinatione
1268 1677 1634 1760 considunt3
1664 1699 1828 1761 quae
1857 1680 2073 1742 ortum
2100 1678 2339 1742 habere

333 1765 641 1851 gignique
688 1766 984 1848 diximuS,
1028 1765 1194 1829 nihil
1233 1769 1452 1830 autem
1489 1766 1673 1852 gigni
1709 1787 1901 1850 posse
1939 1765 2075 1829 sine
2112 1766 2340 1831 causis.

332 1854 548 1938 Atque
593 1854 783 1918 illum
811 1855 1069 1938 quidem
1099 1853 1285 1938 quasi
1311 1857 1649 1939 parentem
1675 1854 1867 1918 huius
1894 1855 2339 1919 universitatis
2378 1870 2458 1917 6--

330 1943 618 2008 invenire
674 1942 935 2008 difficile
992 1945 1084 2026 et,
1147 1966 1293 2008 cum
1348 1942 1481 2008 iam
1533 1942 1884 2027 inveneriS,
1937 1943 2218 2009 indicare
2272 1943 2341 2008 in

254 2049 306 2087 20
333 2032 565 2116 vulgus
610 2032 812 2096 nefas,
883 2031 1134 2095 Rursus
1181 2031 1384 2116 igitur
1426 2031 1789 2116 videndum,
1832 2032 1946 2096 ille
1986 2033 2343 2097 fabricator

333 2119 523 2181 huius
568 2119 739 2182 tanti
786 2119 999 2203 operis
1045 2124 1264 2183 utrum
1312 2119 1399 2183 sit
1444 2120 1737 2184 imitatus
1786 2121 2129 2205 exemplar,
2174 2122 2340 2203 idne,
2363 2126 2406 2183 ἢ)

337 2205 506 2288 quod
545 2227 799 2290 semper
841 2228 1041 2271 unum
1086 2213 1143 2271 et
1184 2207 1357 2271 idem
1403 2212 1469 2271 et
1515 2208 1614 2272 sui
1654 2208 1883 2292 simile,
1929 2230 2013 2273 an
2047 2209 2133 2293 id,
2169 2210 2341 2293 quod

336 2297 716 2379 generatum
774 2297 1115 2395 ortumque
1170 2294 1458 2360 dicimus.
1548 2296 1754 2380 Atqui
1810 2296 1865 2360 si
1918 2295 2185 2381 pulcher
2240 2302 2340 2361 est

333 2381 441 2446 hic
481 2382 755 2446 mundus
796 2385 861 2445 et
897 2383 953 2445 si
989 2382 1232 2467 probus
1270 2383 1406 2447 eius
1445 2384 1696 2468 artifex,
1731 2383 2021 2468 profecto
2060 2384 2339 2468 speciem

254 2488 306 2528 25
337 2469 740 2535 aeternitatis
785 2471 1032 2535 imitari
1083 2470 1342 2555 maluit,
1397 2472 1500 2536 sin
1555 2494 1761 2555 366113,
1821 2472 1992 2557 quod
2036 2494 2117 2536 ne
2165 2472 2336 2537 dictu

334 2558 593 2643 quidem
636 2556 739 2623 fas
778 2562 905 2640 est,
953 2562 1333 2660 generatum
1379 2561 1741 2662 exemplum
1784 2564 1884 2625 est
1919 2582 2037 2645 pro
2076 2565 2337 2626 aeterno

332 2650 608 2713 secutus.
695 2645 847 2711 Non
890 2609 1094 2734 igitur
1139 2647 1432 2734 dubium,
1487 2649 1644 2733 quin
1702 2650 2153 2714 aeternitatem
2208 2672 2336 2714 ma·
2378 2667 2407 2714 ’1

332 2735 531 2799 luerit
573 2736 850 2820 exsequi,
898 2736 1414 2821 quandoquidem
1457 2759 1665 2822 neque
1712 2738 1949 2802 mundo
1997 2738 2340 2823 quicquam

331 2823 664 2908 pulchrius
700 2845 906 2908 neque
935 2824 1070 2889 eius
1100 2824 1509 2890 aedificatore
1535 2826 1990 2910 praestantius.
2051 2824 2154 2891 Sic
2184 2848 2338 2912 ergo

254 2930 305 2969 30
335 2915 678 2997 generatus
725 2912 807 2976 ad
845 2912 914 2976 id
943 2915 1043 2977 est
1079 2913 1364 2996 effectuS,
1400 2914 1571 2997 quod
1607 2914 1858 2978 ratione
1896 2914 2339 2999 sapientiaque

334 2999 874 3085 conprehenditur
902 3004 1096 3085 atque
1127 3001 1511 3066 aeternitate
1546 3001 1918 3067 inmutabili
1955 3002 2339 3066 continetur.

331 3087 433 3151 Ex
479 3109 606 3172 quo
655 3088 948 3170 efficitur,
994 3093 1069 3152 ut
1115 3089 1202 3153 sit
1247 3111 1505 3154 11666836
1540 3089 1728 3174 1111116,
1773 3112 1965 3175 quem
2002 3089 2339 3174 cernimus,
2409 3102 2416 3109 ”

334 3176 641 3241 mundum
695 3176 1110 3242 simulacrum
1166 3181 1499 3242 aeternum
1555 3199 1695 3242 6886
1751 3178 2019 3243 alicuius
2078 3180 2340 3243 aeterni.

329 3263 802 3329 Difficillimum
882 3269 1100 3330 autem
1173 3269 1273 3330 est
1337 3266 1407 3330 in
1469 3266 1645 3330 omni
1709 3265 2177 3350 conquisitione
2242 3288 2342 3331 ra·

253 3369 304 3410 85
332 3352 530 3417 tionis
578 3353 925 3419 exordium.
1013 3352 1112 3417 De
1157 3353 1238 3417 iis
1293 3354 1524 3439 igitur,
1589 3376 1751 3438 quae
1816 3354 2118 3438 diximus,
2181 3354 2340 3420 haec

334 3441 419 3505 sit
466 3440 677 3525 prima
713 3441 1060 3507 distinctio.
1125 3440 1319 3506 Omni
1365 3442 1644 3506 orationi
1691 3465 1835 3507 cum
1881 3442 1961 3506 iis
2003 3444 2215 3528 rebus,
2263 3444 2338 3508 de
2376 3422 2418 3547 ἓ

332 3528 565 3614 quibus
613 3529 910 3613 explicat,
953 3529 1208 3594 videtur
1250 3550 1390 3593 esse
1427 3531 1746 3616 cognatio.
1810 3530 2042 3616 Itaque
2079 3553 2225 3597 cum
2263 3532 2339 3596 de
