2630 3913
375 204 506 267 262
1151 204 1600 259 FRAGMENTA

378 366 734 450 absolutus,
781 366 836 430 si
884 369 997 431 aut
1040 366 1205 430 illud
1248 366 1554 431 iudicium
1601 371 1713 431 aut
1757 368 1876 431 illa
1913 366 2238 431 absolutio
2274 389 2381 431 no·

376 455 680 519 minanda
726 457 841 519 est.
1372 509 1383 522 .

595 545 759 608 Ante
802 563 1057 626 annum,
1100 564 1288 623 quam
1331 542 1476 607 haec
1509 545 1866 621 dicerentur,
1911 543 2204 626 Catilina,
2249 564 2384 608 cum

464 633 713 697 redisset
762 652 837 696 ex
879 631 1132 711 Africa,
1192 632 1498 712 Torquato
1552 637 1609 695 et
1651 631 1827 697 Cotta
1879 652 2023 698 coss.
2067 638 2385 697 accusatus

465 726 553 785 est
593 719 1069 801 repetundarum
1112 740 1154 783 a
1198 719 1271 783 P.
1319 719 1531 784 Clodio
1574 721 1970 803 adulescente,
2025 722 2133 801 qui
2176 726 2386 802 postea
2441 738 2469 780 s

465 810 753 873 inimicus
814 807 1121 874 Ciceronis
1178 808 1321 887 fuit.
1428 807 1734 887 Defensus
1793 814 1883 873 est
1943 806 2219 873 Catilina
2232 859 2248 890 ‚
2317 815 2389 873 ut

465 897 804 961 Fenestella
851 897 1059 975 tradit,
1103 916 1145 960 a
1188 896 1284 961 M.
1333 894 1629 962 Cicerone.
1722 895 1898 976 Quod
1938 917 2041 979 eyo
2085 903 2157 961 ut
2197 898 2387 962 addu-

467 986 673 1062 bitem,
727 985 871 1049 haec
915 987 1055 1067 ipsa
1099 984 1405 1050 Ciceronis
1449 986 1644 1050 oratio
1685 984 1864 1068 facit,
1917 986 2187 1050 maxime
2230 987 2389 1066 quod

466 1075 525 1139 is
565 1075 806 1139 nullam
849 1075 1212 1137 mentionem
1255 1074 1349 1137 rei
1381 1073 1574 1156 habet,
1617 1094 1756 1137 cum
1780 1075 2054 1155 potuerit
2087 1075 2387 1138 invidiam

465 1163 664 1242 facere
720 1164 1092 1243 competitori
1155 1167 1284 1225 tam
1342 1164 1598 1244 turpiter
1658 1164 1948 1227 adversus
2010 1182 2072 1227 se
2134 1165 2385 1239 coeunti,
2420 1181 2471 1220 10

377 1282 395 1288 ,.
455 1252 821 1333 praesertim
866 1271 1003 1315 cum
1047 1251 1309 1315 alterum
1354 1252 1790 1332 competitorem
1823 1270 2005 1315 suum
2041 1251 2386 1316 Antonium

466 1342 537 1404 in
592 1341 798 1404 eadem
850 1339 965 1402 hac
1018 1341 1290 1403 oratione
1343 1358 1535 1420 supra
1587 1340 1913 1403 admoneat
1953 1359 2065 1403 suo
2109 1340 2386 1421 beneficio

466 1448 605 1493 eum
656 1448 730 1492 ea·
781 1428 998 1492 ultimo
1048 1427 1171 1491 loco
1205 1431 1541 1507 praeturae
1583 1427 1980 1491 candidatum
2015 1429 2102 1491 ad
2143 1429 2386 1492 tertium

454 1536 834 1599 pervenisse:

512 1604 570 1669 5.
615 1602 844 1668 Nescis
890 1624 993 1667 me
1042 1605 1409 1686 praetorem
1463 1602 1745 1686 primum
1801 1624 1940 1667 esse
1993 1603 2266 1685 factum,
2319 1608 2386 1668 te
2419 1619 2471 1661 1⁵

380 1693 788 1758 concessione
825 1690 1325 1774 competitorum
1362 1693 1428 1755 et
1464 1691 1830 1756 conlatione
1859 1691 2294 1756 centuriarum
2322 1695 2389 1757 et

379 1802 523 1846 meo
570 1779 846 1844 maxime
891 1779 1198 1842 beneficio
1247 1800 1324 1842 ex
1369 1782 1698 1863 postremo
1745 1779 1814 1842 in
1857 1780 2123 1843 tertium
2175 1780 2387 1845 locum

381 1890 520 1933 esse
568 1867 971 1931 subiectum?

602 1956 725 2036 Qui
766 1958 958 2038 iqitur
993 1955 1270 2021 Antonio
1304 1955 1813 2038 suffrayationem
1855 1977 2036 2022 suam
2079 1959 2384 2040 imputan-

467 2048 613 2110 dam
646 2050 856 2127 putat,
909 2047 966 2124 is
1009 2047 1067 2110 si
1118 2045 1476 2124 defendisset
1519 2044 1884 2128 Catilinam,
1939 2051 2125 2127 caput
2173 2048 2301 2111 eius
2342 2068 2381 2109 a
2409 2062 2464 2101 20

466 2156 530 2199 se
558 2139 899 2216 protectum
951 2154 1154 2198 nonne
1206 2133 1577 2215 imputaret?
1671 2133 1844 2214 Quod
1886 2135 1977 2199 ita
2020 2154 2144 2199 esse
2184 2136 2381 2199 mani-

464 2224 688 2303 festum
732 2228 818 2287 est
857 2242 933 2287 ex
975 2242 1058 2300 eo,
1102 2224 1266 2303 qnod
1304 2223 1517 2287 statim
1559 2223 1722 2286 dicit.
1815 2222 1883 2302 Q.
1928 2224 2092 2287 enim
2135 2223 2388 2288 Mucius

468 2317 541 2375 tr.
568 2312 657 2393 pl.
694 2311 1104 2394 intercedebat,
1137 2331 1215 2374 ne
1242 2311 1339 2375 lex
1367 2310 1634 2374 ambitus
1664 2310 1960 2390 ferretur;
1997 2313 2162 2392 quod
2187 2312 2391 2392 facere

458 2421 577 2483 pro
614 2397 892 2466 Catilina
923 2399 1251 2464 videbatur.
1314 2399 1509 2463 Hunc
1543 2398 1829 2462 Mucium
1864 2400 1934 2463 in
1968 2398 2084 2463 hac
2119 2401 2391 2465 oratione

468 2490 785 2570 appellans
828 2488 1032 2553 Cicero
1074 2489 1163 2552 sic
1205 2488 1330 2550 ait:
2414 2505 2475 2544 2⁵

514 2579 571 2642 6.
620 2576 707 2640 Te
764 2580 1008 2658 tamen,
1063 2573 1135 2650 Q.
1180 2573 1377 2653 Muci,
1437 2578 1575 2638 tam
1631 2575 1800 2639 male
1857 2576 1931 2639 de
1977 2577 2216 2660 populo
2264 2575 2392 2640 Ro-

381 2686 573 2730 mano
604 2665 972 2728 existimare
999 2664 1272 2727 moleste
1299 2662 1457 2744 fer0,
1497 2662 1605 2745 qui
1641 2661 1946 2727 hesterna
1975 2664 2074 2727 die
2112 2685 2214 2729 me
2247 2685 2391 2728 esse

383 2755 646 2840 dignum
694 2752 1032 2817 consulatu
1086 2750 1393 2836 negabas
1483 2749 1688 2824 Quid?
1744 2775 1804 2835 p.
1850 2749 1925 2814 R.
1981 2753 2192 2816 minus
2249 2752 2393 2816 dili-

429 2846 608 2907 enter
671 2840 797 2905 sibi
870 2839 1290 2905 constitueret
1353 2837 1754 2903 defensorem
1829 2861 2021 2922 quam
2085 2843 2159 2905 tu
2218 2841 2391 2904 tibi?

382 2864 544 2995 {um
597 2934 804 2994 tecum
855 2927 1018 2992 furti
1061 2927 1130 2991 L.
1178 2925 1456 2992 Calenus
1513 2931 1760 3012 ageret,
1819 2950 1920 2992 me
1975 2928 2395 3013 potissimum
2428 2945 2485 2986 ³0

379 3021 786 3084 fortunarum
831 3022 1090 3081 tuarum
1136 3020 1483 3100 patronum
1539 3038 1679 3079 esse
1732 3016 2024 3099 voluisti3
2083 3017 2260 3082 cuius
2317 3022 2395 3081 tu

380 3106 771 3193 praesidium
824 3106 895 3169 in
955 3109 1071 3169 tua
1133 3104 1513 3189 turpissima
1575 3125 1768 3169 causa
1833 3105 2155 3189 delegisti,
2218 3106 2395 3170 hunc

380 3196 984 3261 honestissimarum
1040 3215 1255 3258 rerum
1311 3193 1711 3257 defensorem
1765 3217 1825 3277 p.
1876 3191 1952 3257 R.
2008 3199 2268 3259 auctore
2322 3196 2395 3258 te

381 3287 714 3367 repudiare
761 3284 1020 3367 potest?
1067 3281 1194 3345 nisi
1238 3282 1406 3345 forte
1451 3281 1575 3346 hoc
1611 3280 1895 3345 dicturus
1934 3303 2020 3362 οε,
2068 3305 2193 3366 quo
2230 3286 2398 3347 tem-

380 3393 536 3453 pore
580 3394 725 3436 cum
760 3371 830 3434 L.
868 3368 1107 3435 Caleno
1153 3369 1313 3433 furti
1362 3371 1662 3454 depectus
1711 3370 1818 3452 sis,
1864 3390 1939 3433 eo
1986 3374 2276 3454 tempore
2323 3370 2401 3435 in
2436 3388 2492 3427 35

383 3479 483 3520 me
528 3459 653 3521 tibi
696 3480 927 3542 parum
973 3479 1111 3522 esse
1159 3457 1382 3522 auxilii
1429 3457 1682 3521 vidisse.

613 3545 834 3608 Verum
878 3551 948 3608 ut
988 3547 1173 3627 eyerit
1216 3546 1396 3610 Moci
1439 3565 1688 3610 causam
1735 3545 1940 3611 Cicero
1951 3596 1969 3630 ,
2025 3547 2181 3611 sieut
2224 3544 2403 3611 Cati-
