2630 3913
785 221 918 277 ΜΒ.
958 222 1025 275 11.
1103 221 1253 277 CAP.
1294 229 1448 278 5—7.
1523 229 1554 289 5
1593 230 1813 278 16—23.
2223 221 2307 287 63

296 405 583 468 morsus,
646 383 961 469 impetus3
1024 383 1184 449 haec
1246 404 1437 470 ergo,
1498 387 1574 449 ut
1637 384 1795 469 dixi,
1857 385 2125 450 rariora.
2216 383 2307 448 At

293 493 447 538 vero
511 471 815 536 interitus
871 471 1291 555 exercituum,
1354 475 1429 536 ut
1480 472 1772 557 proxime
1824 473 2051 556 trium,
2117 493 2306 557 saepe

295 560 678 661 multorum,
742 559 956 661 clades
1010 560 1504 660 imperatorum,
1566 562 1641 625 ut
1693 582 1897 644 nuper
1951 560 2187 626 summi
2242 564 2307 623 et

243 751 267 793 s
295 647 2307 822 ἲιῖἷέῗῗέῃέᾞὲήῖἲὲᾋωεαἷζῗίἓίῗέωἷῗζῗιὲῗέἓΐε,ῗέιέῗ

295 825 583 908 mitates,
628 823 851 909 fugae,
896 845 1244 908 rursusque
1291 824 1604 889 secundae
1649 845 1779 907 res,
1833 825 2139 902 honores,
2191 824 2304 887 im-

293 912 502 997 peria,
545 912 881 996 victoriae,
928 933 1321 996 quamquam
1364 911 1638 977 fortuita
1683 916 1860 997 sunt,
1905 918 2121 978 tamen
2169 912 2304 976 sine

293 1001 630 1066 hominum
667 1000 917 1084 -opibus
973 1003 1040 1064 et
1093 1000 1325 1100 studiis
1379 1003 1676 1065 neutram
1725 1000 1795 1064 in
1837 1005 2093 1087 partem
2139 999 2306 1065 effici

220 1192 270 1232 ιο
294 1087 1980 1242 Ε’ἒέῗῖὶοωῗᾘῗᾝῑξοέἒιῗέἓὲὲῖὲἒιᾞ8ῗίΞέ
2026 1109 2305 1241 ἒῗῧὲἓὲἲ

299 1270 495 1347 atque
533 1264 809 1329 excitare
846 1263 1186 1348 possimus.
1258 1260 1435 1338 Quae
1472 1264 1529 1328 si
1554 1264 1813 1350 longior
1845 1264 2042 1329 fuerit
2078 1263 2304 1347 oratic,

299 1374 447 1417 cum
500 1352 941 1437 magnitudine
994 1351 1304 1417 utilitatis
1368 1355 1803 1437 comparetur;
1865 1353 1962 1417 ita
2024 1351 2304 1416 fortasse

301 1439 500 1503 etiam
545 1440 802 1505 brevior
849 1440 1189 1506 videbitur.

433 1526 879 1612 Quaecumque
932 1528 1135 1614 igitur
1194 1527 1489 1593 homines
1553 1528 1799 1593 homini
1862 1528 2162 1594 tribuunt
2225 1526 2305 1591 ad

227 1627 275 1693 ιβ
300 1636 443 1681 eum
490 1617 853 1702 augendum
899 1620 1092 1700 atque
1136 1616 1630 1702 honestandam,
1674 1620 1788 1682 aut
1830 1614 2305 1682 benivolentiae

299 1703 513 1791 gratia
546 1703 812 1788 faciunt,
847 1726 992 1785 cum
1029 1704 1248 1789 aliqua
1283 1705 1361 1769 de
1389 1726 1583 1770 causa
1610 1705 1979 1790 quempiam
2007 1703 2306 1790 diligunt,

298 1796 409 1857 aut
462 1793 757 1876 honoris,
821 1793 877 1856 si
933 1792 1112 1858 cuius
1167 1793 1478 1858 virtutem
1541 1793 1925 1878 suspiciunt,
1989 1813 2305 1877 quemque

298 1881 564 1967 dignum
590 1880 855 1946 fortuna
884 1902 1076 1966 quam
1105 1881 1510 1967 amplissima
1543 1885 1797 1967 putant,
1835 1884 1948 1946 aut
1974 1881 2077 1946 cui
2112 1880 2303 1944 fidem

295 1970 541 2035 habent
585 1973 652 2034 et
697 1971 857 2035 bene
902 1971 1094 2035 rebus
1141 1971 1274 2035 suis
1320 1971 1652 2036 consulere
1709 1971 2136 2053 arbitrantur,
2191 1972 2305 2034 aut

216 2072 269 2111 ²⁰
298 2059 476 2123 cuius
524 2079 679 2142 opes
724 2061 1047 2142 metuunt,
1092 2062 1205 2124 aut
1250 2063 1506 2142 contra,
1551 2081 1591 2124 a
1637 2059 1868 2144 quibus
1915 2057 2159 2143 aliquid
2204 2078 2305 2122 ex·

297 2149 613 2230 spectant,
647 2150 722 2210 ut
757 2168 902 2211 cum
929 2167 1116 2232 reges
1143 2147 1571 2231 popularesve
1597 2147 1892 2212 homines
1921 2145 2303 2232 largitiones

297 2234 551 2318 aliquas
604 2237 1001 2319 proponunt,
1063 2238 1176 2299 aut
1234 2238 1564 2318 postremo
1620 2235 1829 2319 pretio
1888 2256 1960 2299 ac
2015 2233 2303 2299 mercede

297 2321 642 2405 ducuntur,
696 2344 860 2406 quae
914 2322 1359 2387 sordidissima
1412 2325 1512 2386 est
1555 2322 1674 2387 illa
1720 2322 1976 2405 quidem
2021 2322 2191 2386 ratio
2238 2324 2305 2385 et

296 2409 820 2494 inquinatissima
865 2413 932 2475 et
974 2410 1088 2503 iis,
1122 2410 1233 2494 qui
1279 2431 1356 2474 ea
1400 2413 1731 2504 tenenturs
1765 2414 1831 2474 et
1873 2409 2045 2496 illis,V
2075 2409 2184 2492 qui
2222 2408 2304 2472 ad

217 2510 270 2551 ²⁵
298 2519 442 2563 eam
479 2497 824 2584 confugere
860 2501 1202 2581 conantur3
1238 2498 1408 2563 male
1437 2497 1607 2562 enim
1645 2519 1712 2562 se
1747 2518 1850 2562 res
1886 2497 2103 2580 habet,
2140 2518 2312 2586 cums

299 2585 471 2670 quod
513 2586 755 2651 virtute
802 2584 969 2651 effici
1015 2586 1233 2671 debet,
1287 2586 1355 2652 id
1400 2588 1760 2670 temptatur
1803 2583 2090 2671 pecunia.
2179 2581 2304 2648 Sed

300 2674 604 2758 quoniam
665 2695 799 2739 non
861 2696 1212 2759 numquam
1273 2675 1399 2739 hoc
1461 2673 1820 2739 subsidium
1872 2672 2303 2739 necessarium

299 2766 425 2845 est,
490 2784 680 2846 quem
744 2761 824 2827 ad
888 2762 1150 2827 modum
1205 2762 1293 2826 sit
1347 2762 1657 2827 utendum
1711 2784 1786 2828 eo
1786 2803 1832 2853 s
1878 2761 2187 2846 dicemus,
2251 2761 2305 2825 si

296 2850 476 2934 prius
522 2850 603 2915 iis
651 2850 728 2914 de
772 2851 965 2914 rebus
961 2900 1002 2938 J
1040 2871 1203 2934 quae
1248 2850 1479 2915 virtuti
1522 2850 1858 2935 propiores
1906 2853 2087 2934 sunt,
2138 2849 2301 2914 dixe-

219 2952 272 2992 20
299 2938 520 3003 rimus.
611 2937 828 3022 Atque
892 2938 1089 3002 etiam
1154 2938 1481 3004 subiciunt
1544 2960 1612 3003 se
1675 2939 1968 3003 homines
2031 2937 2302 3021 imperio

297 3026 566 3091 alterius
631 3029 696 3091 et
760 3024 1075 3110 potestati
1139 3025 1215 3091 de
1280 3026 1492 3092 causis
1554 3026 1867 3111 pluribus.
1963 3025 2303 3091 Ducuntur

298 3114 468 3179 enim
526 3117 638 3179 aut
691 3113 1131 3179 benivolentia
1184 3118 1299 3179 aut
1351 3113 1807 3179 beneficiorum
1862 3112 2322 3199 magnitudine,

297 3206 411 3267 aut
448 3202 787 3288 dignitatis
823 3161 1226 3286 praestantia
1244 3206 1377 3290 ,aut
1415 3223 1529 3287 spe
1566 3202 1691 3266 sibi
1726 3201 1793 3266 id
1827 3201 1987 3266 utile
2013 3200 2333 3281 futurum,

297 3294 411 3355 aut
456 3294 667 3378 metu,
705 3312 787 3355 ne
832 3290 898 3354 vi
942 3311 1169 3375 parere
1215 3294 1561 3375 cogantur,
1615 3294 1729 3354 aut
1775 3310 1888 3374 spe
1933 3288 2302 3375 largitionis

220 3390 269 3430 ³⁵
297 3378 760 3463 promissisque
806 3378 1141 3464 capti7aut
1185 3382 1516 3463 postremo
1527 3428 1544 3461 ,
1603 3381 1677 3442 ut
1731 3398 1922 3461 saepe
1966 3377 2036 3441 in
2079 3380 2305 3441 nostra

296 3487 365 3530 re
393 3466 654 3551 publica
689 3465 998 3551 videmus,
1036 3466 1325 3531 mercede
1362 3466 1675 3531 conducti.
1747 3465 2048 3530 Omnium
2088 3468 2303 3529 autem

297 3575 510 3619 rerum
562 3576 679 3620 nec
734 3554 948 3639 aptius
1005 3558 1105 3619 est
1158 3553 1501 3639 quicquam
1557 3553 1637 3618 ad
1691 3574 1845 3639 opes
1898 3553 2171 3618 tuendas
2230 3574 2303 3616 ac

2342 399 2410 450 20

2342 1542 2405 1591 21

2343 2510 2406 2558 22

2340 3433 2405 3558 ‘2²³
