2630 3913
723 221 856 278 LIB.
895 221 990 277 111.
1066 221 1216 275 CAP.
1256 227 1486 277 30—-32,
1558 227 1589 288 s
1630 229 1920 277 109-114.
2173 221 2294 286 127

289 383 569 448 Romam
616 386 682 446 et
736 404 881 449 cum
934 383 1143 468 primo
1189 383 1318 448 luci
1362 381 1680 468 Pomponi
1733 381 1993 449 domum
2048 382 2298 448 venisse

293 471 542 536 dicitur.
633 469 755 536 Oui
800 492 944 536 cum
992 475 1163 536 esset
1216 471 1613 555 nuntiatum,
1670 471 1779 554 qui
1823 471 2012 535 illum
2058 469 2298 535 iratum

292 560 645 624 allaturum
701 557 784 623 ad
839 580 906 623 se
965 558 1211 643 aliquid
1264 563 1492 625 contra
1544 562 1797 643 patrem
1853 559 2298 643 arbitraretur,

294 647 573 713 surrexit
637 668 671 710 e
734 646 974 712 lectulo
1043 647 1438 731 remotisque
1502 647 1766 712 arbitris
1827 646 1909 711 ad
1963 668 2031 712 se
2086 647 2298 712 adule-

240 752 268 795 ⁶
294 739 579 802 scentem
625 735 816 799 iussit
859 734 1092 799 venire.
1156 735 1248 799 At
1292 736 1429 819 ille,
1483 739 1556 799 ut
1599 736 1928 821 ingressus
1976 739 2101 818 est,
2154 757 2298 800 con-

290 823 512 888 festim
560 821 847 908 gladium
895 822 1237 887 destrinxit
1288 822 1653 908 iuravitque
1708 845 1777 888 se
1830 822 2016 887 illum
2072 822 2298 888 statim

293 911 810 995 interfecturum,
863 910 990 975 nisi
1047 911 1148 976 ius
1193 911 1534 976 iurandum
1582 910 1707 975 sibi
1753 911 2032 975 dedisset
2078 932 2146 975 se
2190 933 2299 996 pa-

294 1004 461 1064 trem
507 999 778 1064 missum
824 1020 964 1064 esse
1006 999 1348 1064 facturum.
1435 998 1684 1064 Iuravit
1729 999 1852 1064 hoc
1908 1003 2152 1064 terrore
2197 1021 2297 1065 co·

295 1092 476 1153 actus
511 1085 935 1172 Pomponius3
978 1109 1115 1152 rem
1154 1087 1234 1152 ad
1270 1088 1582 1173 populum
1626 1086 1876 1170 detulit,
1914 1087 2147 1171 docuit,
2184 1109 2297 1152 cur

218 1194 269 1234 ιο
295 1176 422 1240 sibi
468 1197 662 1241 causa
715 1174 1024 1240 desistere
1078 1196 1338 1241 necesse
1393 1180 1589 1258 esset,
1651 1174 1967 1240 Manlium
2027 1175 2297 1240 missum

294 1263 467 1329 fecit.
538 1263 819 1328 Tantum
865 1263 1264 1349 temporibus
1311 1263 1445 1328 illis
1490 1263 1590 1328 ius
1636 1262 1976 1328 iurandum
2017 1264 2295 1327 valebat.

298 1351 515 1435 Atque
566 1351 672 1417 hic
716 1350 788 1416 T.
832 1350 1113 1416 Manlius
1167 1351 1223 1415 is
1281 1356 1403 1435 est,
1464 1351 1573 1436 qui
1610 1351 1691 1416 ad
1738 1350 2048 1415 Anienem
2105 1348 2299 1435 Galli,

300 1461 490 1524 quem
535 1439 616 1504 ab
658 1461 733 1504 eo
779 1442 1168 1525 provocatus
1208 1439 1543 1523 occiderat,
1588 1443 1818 1523 torque
1864 1438 2152 1503 detracto
2199 1460 2298 1504 co-

392 1548 577 1592 omen
594 1527 858 1611 invenit,
887 1527 1066 1593 cuius
1085 1527 1278 1593 tertio
1299 1528 1639 1593 consulatu
1657 1527 1875 1592 Latini
1904 1527 1985 1591 ad
2003 1526 2297 1591 Veserim

220 1632 270 1672 1⁵
370 1615 425 1680 si
471 1619 536 1679 et
579 1615 809 1702 fugati,
853 1636 1127 1702 magnus
1173 1615 1274 1679 vir
1318 1616 1387 1680 in
1430 1614 1657 1700 primis
1705 1620 1787 1699 et,
1831 1615 1940 1699 qui
1977 1614 2298 1699 perindul-

298 1724 455 1791 gens
501 1703 570 1767 in
613 1708 885 1789 patrem,
928 1703 1097 1768 idem
1144 1704 1370 1769 acerbe
1416 1725 1672 1770 severus
1718 1703 1787 1767 in
1829 1703 2052 1768 filium.

427 1790 577 1875 Sed,
641 1796 716 1857 ut
771 1791 1127 1856 laudandus
1173 1792 1462 1878 Regulus
1518 1792 1587 1856 in
1642 1791 2078 1858 conservando
2133 1791 2272 1856 iure
2302 1769 2399 1896 131}

294 1880 583 1965 iurand0,
631 1879 725 1945 sic
762 1879 978 1953 decem
1013 1879 1146 1966 illi,
1179 1902 1339 1964 quos
1377 1884 1528 1965 post
1565 1878 1963 1945 Cannensem
2011 1900 2298 1966 pugnam

294 1970 542 2034 iuratos
591 1969 672 2034 ad
727 1972 1021 2034 senatum
1069 1969 1247 2033 misit
1290 1967 1621 2034 Hannibal
1669 1990 1737 2033 se
1782 1970 1850 2033 in
1896 1973 2110 2034 castra
2163 1968 2298 2033 red-

218 2075 270 2114 20
297 2057 503 2122 ituros
541 2079 643 2150 ea,
662 2078 934 2141 quorum
963 2061 1147 2121 erant
1172 2056 1368 2142 potiti
1395 2056 1612 2140 Poeni,
1635 2057 1770 2121 ‚nisi
1810 2057 1885 2121 de
1913 2057 2298 2122 redimendis

298 2144 572 2230 captivis
616 2145 1158 2230 impetravissent,
1205 2144 1261 2208 si
1304 2166 1438 2209 non
1479 2144 1825 2227 redierunt,
1871 2144 2298 2230 vituperandi.

299 2232 398 2297 De
441 2232 669 2316 quibus
696 2255 827 2299 non
862 2254 1083 2298 omnes
1120 2253 1248 2297 uno
1285 2232 1503 2315 mod03
1547 2253 1699 2296 nam
1726 2231 2056 2316 Polybius,
2093 2234 2297 2297 bonus

301 2325 526 2385 auctor
566 2320 633 2384 in
667 2320 913 2405 primis,
959 2342 1034 2385 ex
1073 2320 1291 2385 decem
1327 2319 1789 2404 nobilissimis,.
1809 2320 1918 2402 qui
1945 2323 2084 2384 tum
2114 2325 2299 2385 erant

299 2408 523 2493 missi,l
537 2430 767 2473 novem
794 2408 1138 2474 revertisse
1168 2407 1323 2473 dicit
1349 2430 1419 2472 re
1447 2429 1488 2473 a
1513 2411 1742 2472 senatu
1767 2427 1900 2471 non
1924 2407 2299 2491 impetrata3

218 2513 269 2554 2⁵
297 2518 497 2561 unum
534 2518 612 2561 ex
647 2496 881 2581 decem,
929 2497 1039 2582 qui
1074 2497 1268 2581 paulo
1305 2499 1458 2580 post
1522 2516 1713 2578 quam
1754 2498 1893 2560 erat
1931 2515 2226 2579 egressus
2264 2517 2299 2559 e

298 2584 572 2672 castriss
623 2584 923 2669 redisset,
979 2584 1165 2669 quasi
1219 2543 1495 2667 aliquid!
1508 2587 1678 2647 esset
1724 2582 1991 2667 oblitus,
2054 2582 2299 2647 Romae

297 2671 710 2756 remansisse3
772 2672 983 2737 reditu
1037 2672 1208 2736 enim
1259 2672 1329 2735 in
1383 2675 1598 2737 castra
1642 2670 1987 2737 liberatum
2034 2692 2102 2736 se
2160 2692 2299 2736 esse

297 2759 434 2826 iure
486 2759 758 2827 iurando
810 2760 1390 2845 interpretabatur,
1451 2781 1583 2824 non
1635 2764 1833 2844 recte3
1895 2760 2072 2824 fraus
2129 2760 2297 2824 enim

298 2848 631 2934 astringit,
675 2869 805 2914 non
853 2847 1153 2913 dissolvit
1194 2847 1562 2932 periurium.
1650 2847 1801 2912 Fuit
1846 2848 2049 2934 igitur
2096 2849 2299 2913 stulta

218 2954 272 2993 ³⁰
297 2937 619 3001 calliditas
656 2957 955 3022 perverse
992 2935 1249 3000 imitata
1284 2936 1711 3020 prudentiam.
1760 2935 1988 3019 Itaque
2019 2936 2299 3000 decrevit
2351 2997 2361 3004 .

297 3028 558 3089 senatus
549 3067 601 3114 f
639 3028 714 3089 ut
756 3024 871 3089 ille
916 3028 1243 3089 veterator
1289 3027 1356 3088 et
1400 3023 1670 3089 callidus
1715 3023 1969 3088 vinctus
2007 3023 2088 3087 ad
2123 3022 2296 3087 Han-

294 3112 578 3177 nibalem
624 3112 975 3177 duceretur.
1041 3110 1164 3176 Sed
1210 3111 1373 3175 illud
1420 3133 1814 3176 maxumum:
1861 3110 2022 3176 Octo
2067 3111 2270 3176 homi·
2303 3128 2398 3175 114

295 3222 449 3265 num
496 3200 677 3265 milia
723 3201 987 3266 tenebat
1031 3199 1379 3282 Hannibal,
1425 3221 1556 3264 non
1602 3220 1762 3284 quos
1806 3198 1875 3263 in
1922 3199 2055 3264 acie
2101 3199 2297 3283 cepis-

298 3292 395 3352 set
476 3292 590 3353 aut
637 3288 745 3372 qui
790 3288 1074 3373 periculo
1121 3288 1352 3352 mortis
1409 3287 1851 3376 diffugissent,
1896 3286 2006 3351 sed
2052 3288 2162 3371 qui
2205 3308 2298 3350 re-

219 3392 271 3432 οδ
296 3376 379 3440 lic
412 3376 434 3439 i
480 3375 551 3440 in
594 3376 825 3441 castris
869 3376 1148 3440 fuissent
1193 3398 1231 3440 a
1274 3375 1479 3440 Paulo
1537 3378 1601 3438 et
1654 3398 1693 3440 a
1738 3373 2031 3440 Varrone
2077 3395 2298 3440 consu-

298 3464 485 3529 libus.
574 3462 708 3529 Eos
765 3468 1026 3529 senatus
1071 3485 1202 3528 non
1256 3463 1505 3529 censuit
1549 3462 1951 3528 redimendos
1962 3513 1978 3547 ,
2037 3484 2178 3527 cum
2234 3463 2298 3527 id

296 3574 500 3635 parva
543 3552 814 3637 pecunia
856 3552 994 3617 fieri
1039 3555 1287 3637 posset,
1332 3555 1408 3617 ut
1452 3554 1623 3616 esset
1666 3551 1933 3616 insitum
1980 3552 2296 3616 militibus
