2630 3913
337 157 467 221 282
1112 155 1564 210 FRAGMENTA

739 358 865 417 XV.
931 359 1034 416 DE
1086 358 1297 417 REGE
1347 354 1946 416 ALEXANDRINO.

478 498 532 559 1.
578 499 653 558 ut
697 495 937 578 rapiat,
983 497 1056 558 ut
1103 492 1544 558 latrocinetur.

573 583 1026 648 Vehementibus
1059 587 1118 646 et
1150 583 1472 646 invidiosis
1504 581 1699 646 verbis
1732 583 1944 644 utitur.
2009 580 2155 646 Non
2189 583 2365 646 enim

428 673 620 738 dixit:
682 671 785 735 ‘ut
823 676 1101 752 exposcat
1142 670 1556 747 hereditatem,
1610 675 1682 733 ut
1723 669 1841 734 sibi
1883 669 2189 752 vindicet',
2233 673 2364 754 sed,

427 781 545 842 quo
589 759 680 824 vel
724 761 992 824 maxime
1022 761 1230 841 pudor
1275 763 1751 822 consterneretur
1792 758 2209 823 audientium:
2257 758 2363 822 ut
2426 778 2461 816 5

429 846 685 932 rapiat’,
731 850 946 930 inquit,
995 847 1083 911 ‘et
1118 845 1602 923 latrocinetur&
1647 867 1803 927 quae
1838 847 1972 910 sine
2005 847 2187 911 dubio
2228 867 2364 912 non

428 939 589 1001 iuris
632 936 836 1015 verba,
890 938 995 1000 sed
1044 937 1284 1001 sceleris
1328 936 1406 999 ab
1449 935 1633 998 huius
1675 935 1842 999 modi
1886 936 2215 1016 cupiditate
2256 937 2362 1000 de-

430 1031 710 1089 terreant.

473 1115 532 1177 2.
581 1111 649 1176 Si
701 1113 918 1176 hercle
971 1112 1040 1176 in
1093 1113 1339 1176 nostris
1395 1112 1587 1175 rebus
1632 1114 1769 1174 tam
1817 1133 1995 1176 acres
2043 1112 2124 1175 ad
2168 1133 2361 1196 pecu-

341 1203 544 1285 niam,
591 1206 727 1265 tam
777 1201 1049 1282 adtenti,
1094 1205 1232 1265 tam
1280 1201 1461 1265 avari
1507 1201 1861 1264 soleremus
1908 1222 2065 1265 esse.
2396 1220 2454 1258 10

561 1290 783 1355 Dicere
825 1291 1067 1371 quidem
1106 1290 1469 1371 qeneraliter
1511 1290 1773 1366 videtur,
1827 1290 2070 1353 etiamsi
2113 1291 2183 1353 in
2217 1292 2359 1370 pri-

429 1381 590 1443 vatis
623 1380 905 1460 pecuniis
948 1380 1128 1442 avari
1171 1377 1442 1442 homines
1485 1381 1693 1455 essent,
1736 1377 1806 1440 in
1838 1377 2107 1459 publicis
2153 1383 2362 1443 tamen

430 1466 960 1568 disceptationibus
1003 1487 1128 1530 non
1172 1472 1439 1548 oportere
1484 1470 1723 1529 tantam
1758 1467 2147 1547 cupiditatem
2169 1488 2360 1547 pecu·

429 1557 571 1620 niae
603 1556 916 1636 profiteri,·
960 1556 1067 1619 sed
1098 1556 1317 1635 procul
1356 1554 1537 1618 dubio
1571 1553 1732 1618 nihil
1766 1554 1946 1618 aliud
1977 1556 2122 1636 ayit,
2166 1575 2362 1636 quam

428 1650 500 1708 ut
541 1645 636 1708 M.
682 1643 895 1707 Orassi
937 1662 1132 1707 mores
1176 1644 1426 1723 denotet,
1474 1642 1547 1705 de
1589 1662 1706 1723 quo
1738 1647 1987 1724 praeter
2030 1642 2362 1708 historiam
2395 1659 2450 1698 ²⁵

418 1737 779 1813 praeterque
823 1732 1051 1794 exitum
1095 1732 1310 1795 mortis
1353 1732 1499 1810 eius,
1543 1731 1612 1793 in
1657 1751 1843 1811 quam
1878 1752 2166 1813 praeceps
2207 1754 2361 1813 quo-

429 1822 576 1884 dam
628 1820 802 1883 modo
857 1820 1011 1894 ruit,
1066 1838 1205 1882 cum
1257 1820 1344 1883 ad
1395 1819 1775 1900 diripiendas
1827 1819 2125 1884 Parthiae
2177 1822 2361 1886 urbes

429 1907 919 1989 opulentissimas
962 1905 1347 1988 Euphratem
1400 1908 1741 1985 transisset,
1795 1909 1981 1972 etiam
2034 1910 2162 1990 ipse
2209 1910 2355 1974 Tul-

430 1998 552 2059 lius
596 2000 806 2059 auctor
848 1999 937 2059 est
978 1995 1134 2061 libro
1179 1997 1354 2061 tertio
1393 1998 1465 2060 de
1499 1997 1721 2077 officiis
1756 1996 1888 2077 (off.
1925 1996 2059 2061 III
2085 2003 2183 2062 19.
2224 2001 2349 2080 75).

474 2085 533 2148 3.
580 2082 703 2148 Sed
748 2088 995 2167 tamen,
1042 2105 1205 2168 quae
1252 2087 1404 2148 sunt
1448 2089 1676 2148 nostra
1719 2084 1978 2167 iudicia,
2376 2098 2433 2138 ²0

567 2174 989 2253 Temptaverat
1031 2172 1292 2238 Crassus
1340 2175 1692 2237 adseverare
1733 2193 1860 2237 non
1903 2175 2082 2238 semel
2124 2176 2198 2239 de
2240 2174 2355 2239 hac

427 2261 690 2343 Aeqypti
745 2261 1094 2343 hereditate,
1154 2263 1261 2327 sed
1305 2262 1795 2342 frequentissime
1836 2263 2355 2342 praeiudicatum,

426 2371 501 2414 ac
527 2352 734 2431 primo
770 2351 1012 2431 quidem
1046 2351 1155 2414 illo
1191 2355 1465 2433 tempore,
1500 2370 1616 2431 quo
1643 2352 1909 2430 pecunia
1943 2353 2196 2431 repetita
2231 2372 2359 2416 esse

427 2440 505 2502 ab
563 2440 728 2521 Tyro
791 2444 849 2501 et
906 2440 1154 2503 advecta
1206 2438 1474 2502 Romam
1533 2439 1847 2502 videbatur
1907 2440 2164 2519 seposita
2218 2441 2357 2503 iam

426 2548 623 2608 nuper
666 2528 744 2591 ab
778 2526 981 2591 Alexa
1023 2547 1173 2609 reqe.
1248 2525 1697 2590 Occurrendum
1733 2531 1823 2590 est
1853 2526 2058 2608 iqitur,
2105 2533 2176 2590 ut
2206 2527 2359 2593 haec
2388 2547 2447 2587 85

426 2618 789 2694 refutentur,
852 2620 909 2677 et
958 2616 1029 2677 in
1080 2617 1219 2695 ipsa
1274 2616 1685 2695 propositione
1740 2616 2064 2696 insiyniter
2115 2618 2357 2694 factum

427 2708 535 2785 est,
580 2705 742 2783 quod
783 2702 880 2766 his
923 2702 1116 2766 verbis
1160 2704 1399 2784 inqredi
1442 2704 1645 2783 coepit.

472 2792 532 2854 4.
563 2791 797 2854 debent
818 2811 957 2854 esse
976 2790 1471 2872 modestissima,
1501 2789 1805 2874 quoniam
1831 2790 2086 2875 quidem
2109 2796 2208 2855 est
2225 2792 2358 2857 hoe

342 2879 577 2943 summi
613 2878 887 2963 imperii,
921 2882 1178 2943 nosmet
1212 2879 1392 2962 ipsos
1431 2843 1506 2943 d'e
1541 2880 1783 2942 nostris
1822 2879 2013 2942 rebus
2051 2880 2357 2965 iudicare,

562 2968 733 3032 Nam
787 2968 918 3031 vult
966 2972 1174 3032 orator
1216 2968 1481 3050 intelle9i
1514 2988 1713 3049 paene
1757 2969 2133 3049 impudenter
2175 2989 2355 3033 sena-
2391 2989 2451 3029 so

429 3063 556 3120 tum
601 3057 674 3120 de
716 3076 906 3120 causa
948 3076 1066 3120 sua
1107 3057 1383 3120 iudicare
1422 3057 1694 3133 voluisse,
1744 3077 1882 3120 cum
1925 3058 2009 3120 sit
2048 3058 2357 3135 naturale,

425 3152 496 3208 ut
546 3165 708 3209 unus
759 3146 1012 3226 quisque
1058 3165 1186 3209 non
1223 3146 1419 3226 possit
1459 3146 1823 3226 aequitatem
1868 3147 2025 3208 tueri
2069 3147 2140 3210 de
2184 3146 2358 3210 lucro

425 3253 536 3297 suo
551 3235 942 3314 potissimum
974 3235 1259 3315 coqitanS,
1294 3235 1458 3314 quod
1479 3234 1839 3315 plerumque
1871 3239 2129 3297 conatur
2163 3235 2355 3298 ctiam

426 3341 563 3383 cum
608 3322 990 3401 improbitate
1032 3323 1351 3402 deposcere.

471 3406 530 3469 5.
595 3409 704 3489 qui
769 3431 845 3471 ex
908 3409 1266 3473 hereditate
1332 3413 1518 3473 tanta
1580 3432 1778 3473 unum
1845 3410 2054 3474 solum
2114 3430 2358 3476 nomen
2392 3430 2452 3470 ³5

341 3512 808 3571 agnovenmUS.
