2630 3913
230 590 314 717 ἓξ

234 1687 300 1737 86

238 2571 302 2622 87

242 3454 307 3503 88

332 184 417 249 30
1118 180 1215 234 DE
1251 179 1553 236 ormcns

333 345 518 422 Quod
582 366 784 431 genus
849 343 1152 427 peccandi
1216 344 1551 408 vitandum
1615 345 1716 407 est
1775 344 1973 407 etiam
2028 343 2096 406 in
2151 343 2343 408 rebus

332 433 615 500 urbanis.
689 431 853 496 Sunt
891 432 1091 515 enim,
1127 431 1281 515 quir
1303 431 1473 514 quod
1510 432 1987 514 sentiuntretsi
2026 431 2344 515 optimum

334 523 448 605 sit,
494 526 714 586 tamen
759 520 1036 584 invidiae
1083 523 1260 584 metu
1308 540 1440 584 non
1486 519 1765 584 audeant
1811 519 2036 585 dicere.
2075 547 2083 551 ·

468 610 743 676 Omnino
793 608 903 692 qui
949 608 1041 671 rei
1088 607 1388 692 publicae
1424 607 1785 692 praefuturi
1823 612 1992 691 sunt,
2039 608 2163 673 duo
2199 609 2346 674 Pla—

333 700 508 764 tonis
554 702 900 782 praecepta
950 700 1269 780 teneant4:
1296 718 1520 780 unum,
1573 700 1647 759 ut
1702 696 2052 761 utilitatem
2109 697 2343 762 civium
2399 719 2424 759 ε

337 789 428 853 sic
473 791 810 870 tueantur,
837 790 949 868 utf
985 805 1421 868 quaecumque
1469 788 1710 870 agunt
1747 785 1828 849 ad
1875 807 2015 849 eam
2062 785 2368 867 referant

336 876 527 940 obliti
564 872 1046 939 commodorum
1084 894 1367 954 suorum3
1414 873 1708 956 alterum,
1753 877 1827 938 ut
1862 877 2077 938 totum
2113 896 2344 959 corpus

336 965 429 1028 rei
473 963 771 1049 publicae
819 966 1061 1045 curent,
1106 983 1206 1045 ne,
1250 961 1404 1026 dum
1449 966 1704 1045 partem
1742 962 2027 1045 aliquam
2065 967 2345 1045 tuentur,

336 1052 618 1135 reliquas
667 1052 983 1115 deserant.
1074 1048 1166 1114 Ut
1212 1050 1382 1114 enim
1429 1050 1653 1132 tutela,
1700 1050 1791 1115 sic
1836 1052 2206 1153 procuratio
2252 1052 2346 1116 rei

335 1141 634 1226 publicae
672 1140 752 1204 ad
792 1161 1012 1203 eorum
1043 1138 1435 1221 utilitatem,
1471 1139 1581 1221 qui
1627 1139 1956 1203 commissi
2002 1143 2171 1223 sunt,
2216 1161 2347 1205 non
2377 1161 2426 1201 ιο

338 1229 419 1294 ad
474 1250 748 1312 eorumr
786 1228 1018 1328 quibus
1084 1227 1428 1292 commissa
1492 1230 1617 1309 est,
1691 1227 1971 1313 gerenda
2039 1232 2165 1310 est;
2238 1229 2348 1312 qui

338 1322 553 1383 autem
600 1317 774 1418 parti
821 1315 1056 1381 civium
1094 1317 1455 1397 consulunt,
1502 1318 1755 1399 partem
1791 1317 2166 1401 neglegunt,
2211 1338 2345 1381 rem

337 1405 951 1490 perniciosissimam
987 1404 1057 1468 in
1093 1404 1423 1469 civitatem
1463 1403 1789 1487 inducunt,
1835 1404 2216 1469 seditionem
2254 1411 2348 1469 at-

339 1517 461 1577 que
507 1494 919 1576 discordiam3
965 1514 1041 1556 ex
1088 1513 1213 1576 quo
1261 1491 1516 1575 evenit
1548 1497 1619 1556 ut
1667 1492 1779 1556 alii
1825 1495 2186 1594 populareS,
2234 1494 2347 1557 alii

340 1583 612 1647 studiosi
651 1582 884 1666 optimi
921 1581 1225 1663 cuiusque
1262 1581 1618 1662 videantur,
1657 1581 1844 1664 pauci
1881 1582 2346 1647 universorum.
2378 1600 2426 1641 ιι

339 1670 507 1736 Hinc
554 1671 726 1754 apud
772 1669 1188 1734 Atheniensis
1235 1689 1510 1753 magnae
1567 1669 1945 1751 discordiae,
1999 1670 2068 1734 in
2120 1674 2347 1735 nostra

339 1781 408 1823 re
454 1758 716 1841 publica
759 1781 890 1823 non
936 1759 1145 1822 solum
1193 1757 1580 1841 seditiones,
1623 1757 1735 1822 sed
1786 1758 1983 1822 etiam
2037 1757 2347 1843 pestifera

339 1848 516 1911 bella
570 1847 812 1930 civilia3
873 1868 1036 1930 quae
1083 1846 1301 1931 gravis
1349 1849 1414 1909 et
1456 1845 1647 1909 fortis
1695 1846 1853 1910 civis
1900 1850 1966 1910 et
2009 1847 2078 1910 in
2122 1869 2191 1911 re
2235 1870 2347 1932 pu-

341 1936 512 2001 blica
556 1934 787 2021 dignus
843 1934 1210 2020 principatu
1255 1932 1466 2020 fugiet
1512 1939 1705 2019 atque
1754 1934 1961 1999 oderit
1973 1935 2346 2020 ,tradetque

342 2047 409 2089 se
454 2028 665 2089 totum
713 2025 806 2089 rei
855 2024 1152 2107 publicae
1199 2044 1403 2106 neque
1449 2045 1603 2108 opes
1652 2028 1764 2087 aut
1805 2025 2164 2107 potentiam
2201 2047 2346 2090 con·
2373 2043 2426 2084 ιο

342 2114 711 2196 sectabitur,
729 2117 1066 2196 totamque
1104 2133 1245 2176 eam
1285 2112 1375 2175 sic
1413 2111 1731 2195 tuebitur,
1753 2117 1828 2176 ut
1866 2114 2164 2178 omnibus
2203 2135 2347 2179 con-

343 2201 543 2284 sulat3
578 2222 693 2267 nec
729 2223 882 2266 vero
920 2200 1297 2265 criminibus
1335 2200 1520 2264 falsis
1553 2200 1621 2264 in
1651 2201 1866 2264 odium
1897 2206 2010 2265 aut
2036 2201 2346 2266 invidiam

341 2312 728 2374 quemquam
757 2289 1016 2354 vocabit
1045 2290 1431 2372 omninoque
1455 2289 1550 2353 ita
1577 2289 1865 2353 iustitiae
1893 2290 2347 2390 honestatique

342 2379 779 2463 adhaerescet,
833 2382 945 2462 ut
1029 2400 1136 2443 um
1185 2399 1261 2442 ea
1305 2382 1666 2460 conservet,
1724 2379 2017 2461 quamvis
2064 2380 2348 2462 graviter

342 2468 623 2532 offendat
669 2471 1070 2550 mortemque
1116 2469 1385 2551 oppetat
1430 2465 1649 2551 potius
1687 2487 1880 2548 quam
1918 2466 2172 2531 deserat
2211 2467 2366 2550 illa
2376 2486 2427 2525 2⁵

343 2578 505 2640 quae
543 2556 689 2620 dixi.
762 2555 1124 2619 Miserrima
1161 2554 1423 2618 omnino
1462 2559 1562 2618 est
1599 2554 1866 2618 ambitio
1903 2553 2348 2639 honorumque

341 2645 687 2725 contentio,
725 2644 802 2708 de
841 2664 968 2727 qua
1003 2644 1334 2726 praeclare
1371 2641 1541 2742 apud
1571 2642 1839 2707 eundem
1868 2647 1967 2707 est
1989 2642 2348 2728 Platonem,

342 2732 744 2796 ‘similiter
779 2730 1036 2796 facere
1074 2752 1237 2813 eos*
1266 2730 1393 2814 qui
1430 2731 1635 2794 inter
1663 2752 1739 2795 se
1768 2731 2362 2815 contenderent

341 2824 510 2885 uter
554 2819 817 2905 potius
862 2841 1018 2884 rem
1063 2819 1454 2904 publicam
1493 2818 2108 2903 administraret,
2153 2826 2238 2884 ut
2283 2821 2349 2885 si

341 2911 621 2973 nautae
668 2910 1095 2990 certarent,
1147 2907 1314 2990 quis
1374 2929 1633 2972 eorum
1677 2908 2165 2993 potissimum
2222 2930 2350 2995 gu·
2377 2926 2431 2968 ao

342 2995 743 3063 bernaret?
816 2995 1122 3079 Idemque
1157 2995 1512 3080 praecipit
1536 2995 1674 3060 ut
1688 3017 1815 3060 eos
1862 2996 2350 3061 adversarios

344 3086 915 3167 existimemus!
943 3084 1070 3168 qui
1117 3106 1326 3149 arma
1371 3087 1643 3149 contra
1681 3084 1967 3166 ferant,
2013 3107 2159 3149 non
2197 3107 2368 3168 eos,

344 3175 471 3258 qui
535 3196 669 3239 suo
733 3173 1020 3238 iudicio
1090 3173 1294 3237 tueri
1369 3194 1520 3237 rem
1594 3172 1982 3256 publicam
2057 3174 2354 3256 velint’,

346 3263 555 3347 qualis
613 3261 739 3326 fuit
791 3263 960 3327 inter
1014 3260 1084 3325 P.
1140 3261 1520 3326 Africanum
1576 3264 1643 3325 et
1697 3259 1769 3336 Q.
1823 3261 2161 3327 Metellum
2216 3263 2355 3326 sine

346 3351 697 3416 acerbitate
745 3350 1077 3415 dissensi0.
2382 3368 2435 3409 ³⁶

477 3437 611 3503 Nec
666 3460 816 3503 vero
873 3437 1213 3522 audiendi„
1252 3439 1363 3522 qui
1418 3438 1704 3523 graviter
1758 3438 2034 3502 inimicis
2081 3438 2354 3501 irascen-

348 3526 499 3589 dum
552 3526 876 3610 putabunt
928 3526 1119 3610 idque
1184 3526 1580 3611 magnanimi
1643 3531 1709 3590 et
1768 3526 1960 3590 fortis
2027 3525 2150 3590 viri
2214 3546 2354 3590 esse
