2630 3913
319 217 452 278 416
1165 210 1510 281 [SALUs'm]

322 382 484 441 stam
530 375 640 439 tibi
683 394 756 437 ac
801 374 923 437 tuis
967 373 1336 455 comparasti
1346 392 1366 449 ;
1423 371 1694 435 videlicet
1743 376 1816 434 ut
1856 389 1968 435 nos
2012 390 2344 435 commone-

320 464 540 545 faciaS,
586 482 774 543 quam
810 481 1092 525 conversa
1138 481 1235 524 res
1270 461 1370 540 sit,
1414 479 1550 522 cum
1595 459 1666 523 in
1702 479 1774 522 ea
1808 459 1984 523 domo
2019 458 2347 535 habitares,

325 552 500 615 homo
545 550 1033 632 flayitiosissime‚
1079 568 1234 629 quae
1267 547 1343 612 P.
1371 546 1601 624 Crassi,
1644 548 1768 610 viri
1811 547 2158 628 clarissimi,
2199 547 2347 625 fuit.

256 657 289 705 a
328 639 530 720 Atque
574 658 711 702 cum
753 636 899 701 haec
942 638 1034 700 ita
1077 637 1228 718 sint,
1282 641 1487 699 tamen
1533 634 1738 699 Cicero
1790 653 1854 698 se
1901 635 2051 699 dicit
2093 635 2163 697 in
2208 654 2347 698 con-

327 728 466 791 eilio
510 728 757 790 deorum
802 725 1245 788 immortalium
1286 724 1495 805 fuisse,
1542 724 1682 787 inde
1715 723 1975 787 missum
2017 722 2161 786 huic
2203 722 2349 785 urbi
2406 740 2433 779 5

326 815 668 894 civibusque
702 813 1003 876 custodem
1039 813 1260 893 absque
1294 811 1606 892 carnificis
1641 811 1905 893 nomine,
1939 811 2046 892 qui
2081 811 2351 874 civitatis

326 903 773 967 incommodum
830 902 901 964 in
949 901 1213 982 yloriam
1266 918 1448 964 suam
1491 900 1689 981 ponit.
1785 897 1978 978 Quasi
2029 918 2165 962 vero
2219 918 2377 967 non.

330 991 503 1055 illius
547 989 988 1053 coniurationis
1022 1008 1210 1052 causa
1241 988 1435 1067 fuerit
1469 987 1820 1051 consulatus
1855 990 1997 1050 tuus
2031 991 2090 1049 et
2120 986 2349 1050 idcirco

328 1098 423 1142 res
463 1077 710 1158 publica
749 1077 999 1141 disiecta
1036 1096 1101 1139 eo
1138 1081 1413 1157 tempore,
1458 1076 1621 1156 quod
1654 1080 1707 1138 te
1742 1075 2040 1139 custodem
2076 1073 2348 1137 habebat.

329 1165 476 1248 Sed,
530 1170 600 1229 ut
654 1164 896 1246 opinor,
953 1165 1068 1228 illa
1115 1169 1168 1240 te
1210 1164 1412 1245 mayis
1455 1163 1776 1239 extollunt,
1828 1182 1984 1243 quae
2023 1167 2169 1243 post
2208 1182 2348 1226 con—
2380 1180 2433 1219 10

325 1254 599 1317 sulatum
653 1272 791 1316 cum
849 1253 1133 1316 Terentia
1183 1271 1375 1316 uxore
1425 1252 1499 1315 de
1550 1270 1616 1315 re
1660 1251 1909 1332 publica
1970 1250 2349 1328 consuluisti,

328 1362 466 1405 cum
513 1342 658 1423 leyis
693 1339 984 1405 Plautiae
1026 1340 1259 1405 iudicia
1303 1340 1469 1403 domi
1509 1338 1847 1421 faciebatis,
1891 1359 1965 1402 ea·
2007 1340 2348 1405 coniuratis

329 1430 486 1493 alios
532 1427 753 1510 exilio,
808 1427 971 1492 alios
1005 1428 1274 1509 pecunia
1319 1428 1786 1509 condemnabas,
1842 1447 1977 1490 eum
2029 1427 2139 1490 tibi
2181 1427 2351 1491 alius

333 1517 769 1598 Tusculanum,
804 1517 970 1581 alius
994 1517 1437 1597 Pompeianam
1465 1514 1679 1581 villam
1705 1514 2152 1596 exaedificabat,
2179 1516 2349 1579 alius

329 1605 575 1668 domum
619 1605 875 1680 emebat;
922 1605 1030 1685 qui
1072 1623 1209 1669 vero
1253 1602 1414 1667 nihil
1436 1607 1694 1685 poterat,
1740 1605 1798 1668 is
1831 1608 1966 1667 erat
2000 1603 2349 1667 calumniae
2380 1620 2432 1658 1⁵

320 1694 672 1774 proximus,
726 1693 783 1756 is
826 1697 940 1756 aut
981 1693 1226 1756 domum
1274 1697 1447 1755 tuam
1491 1696 1905 1774 oppuynatum
1947 1696 2194 1754 venerat
2234 1695 2352 1754 aut

330 1780 594 1845 insidias
656 1781 898 1844 senatui
954 1780 1203 1861 fecerat,
1265 1780 1520 1861 denique
1571 1781 1643 1843 de
1693 1798 1760 1843 eo
1816 1778 1927 1843 tibi
1979 1784 2348 1859 compertum

259 1885 293 1930 4
331 1873 478 1932 erat.
554 1867 723 1945 Quae
756 1868 813 1930 si
860 1867 969 1929 tibi
1007 1866 1176 1946 falsa
1220 1867 1425 1944 obicio,
1470 1868 1649 1931 redde
1682 1867 2003 1949 rationem,
2044 1872 2348 1948 quantum

319 1955 692 2037 patrimonii
734 1955 1055 2036 acceperis,
1104 1954 1257 2036 quid
1298 1955 1410 2019 tibi
1456 1955 1663 2020 litibus
1705 1956 2051 2034 accreverit,
2105 1976 2229 2036 qua
2273 1976 2349 2021 ex

319 2043 586 2125 pecunia
638 2043 885 2107 domum
918 2045 1269 2125 paraveris,
1328 2044 1747 2108 Tusculanum
1796 2048 1855 2107 et
1895 2042 2346 2125 Pompeianum
2378 2062 2433 2101 το

330 2132 578 2212 infinito
622 2135 870 2213 sumptu
913 2132 1361 2213 aedificaveris,·
1421 2137 1555 2209 aut,
1607 2133 1666 2197 si
1717 2133 1950 2209 retices,
2006 2133 2106 2195 cui
2147 2137 2351 2213 potest

330 2240 456 2285 esse
498 2220 768 2302 dubium,
812 2221 965 2300 quin
1009 2221 1384 2300 opulentiam
1417 2221 1603 2285 istam
1636 2239 1711 2283 ex
1745 2220 2045 2301 sanquine
2079 2224 2136 2283 et
2169 2221 2347 2284 mise·

251 2309 292 2371 3
330 2309 448 2372 riis
491 2308 732 2372 civium
748 2307 1120 2389 paraveris?
1225 2307 1475 2390 Verum,
1526 2312 1599 2370 ut
1640 2308 1884 2388 opinor,
1933 2306 2109 2372 homo
2153 2328 2348 2373 novus

331 2396 614 2477 Arpinas
666 2416 742 2461 ex
783 2396 880 2461 M.
927 2394 1138 2460 Orassi
1186 2396 1439 2475 familia
1493 2395 1664 2459 illius
1713 2396 2000 2459 virtutem
2040 2397 2346 2477 imitatur,

330 2485 656 2548 contemnit
703 2484 1075 2549 simultatem
1117 2483 1436 2547 hominum
1488 2483 1813 2566 nobilium,
1864 2503 1995 2548 rem
2029 2484 2346 2565 publicam
2377 2502 2432 2541 25

319 2591 543 2635 caram
570 2571 759 2648 habet,
785 2591 974 2651 neque
993 2576 1218 2635 terrore
1243 2591 1431 2652 neque
1451 2571 1663 2652 qratia
1680 2577 2080 2635 commovetur
2096 2570 2143 2653 †
2169 2572 2352 2636 aliud

260 2676 294 2722 5
331 2680 467 2723 vero
521 2660 800 2722 amicitia
856 2663 1095 2723 tantum
1149 2678 1223 2723 ac
1273 2661 1470 2723 virtus
1522 2664 1611 2722 est
1652 2660 1871 2724 animi.
1959 2658 2164 2723 Immo
2208 2680 2347 2723 vero

330 2747 506 2811 homo
554 2747 921 2824 levissimus,
965 2747 1219 2827 supplex
1261 2748 1558 2829 inimicis,
1603 2747 1822 2810 amicis
1865 2747 2347 2830 contumeliosus,

330 2837 506 2900 modo
550 2833 791 2911 harum,
835 2835 1011 2899 modo
1046 2835 1303 2898 illarum
1338 2834 1637 2917 partium,
1678 2835 1845 2917 fidus
1876 2836 2128 2913 nemini,
2174 2836 2345 2900 levis-

330 2924 525 2988 simus
567 2927 835 3005 senator,
887 2922 1345 2987 mercennarius
1378 2926 1707 3003 patronus,
1757 2923 1932 2988 cuius
1972 2923 2153 2988 nulla
2185 2944 2348 3006 pars
2375 2940 2427 2980 ³0

329 3012 600 3093 corporis
644 3032 686 3074 a
731 3011 1109 3092 turpitudine
1150 3015 1352 3092 vacat,
1398 3010 1612 3092 linqua
1653 3030 1846 3088 vana,
1889 3030 2117 3076 manus
2157 3032 2344 3093 rapa·

328 3101 635 3181 cissimae,
673 3098 827 3180 ¹qula
869 3099 1187 3175 immensa,
1226 3098 1406 3178 pedes
1444 3099 1714 3180 fuyaces‚
1757 3118 1914 3179 quae
1955 3099 2195 3164 honeste
2235 3120 2346 3164 no-

332 3188 568 3250 minari
610 3206 735 3251 non
767 3192 1045 3269 possunt,
1089 3184 1599 3251 inhonestissima.
1689 3187 1892 3268 Atque
1934 3187 1993 3251 is
2033 3206 2172 3252 cum
2215 3188 2346 3252 eius

331 3275 498 3338 modi
539 3275 649 3354 sit,
695 3280 898 3338 tamen
941 3275 1128 3338 audet
1168 3274 1394 3338 dicere:

512 3358 564 3423 Ο
606 3360 990 3439 fortunatam
1034 3366 1251 3426 natam
1294 3382 1391 3426 me
1435 3363 1674 3428 consule
1715 3361 2020 3428 Romam!
2376 3378 2426 3418 ³⁵

333 3445 445 3509 ‘Te
478 3448 720 3511 consule
749 3448 1180 3528 fortu-natam’‚
1226 3449 1475 3514 Cicero?
1533 3450 1737 3515 Immo
1772 3471 1911 3515 vero
1945 3451 2247 3531 infelicem
2288 3456 2351 3516 et

333 3531 639 3613 miseram,
673 3555 829 3615 quae
863 3537 1346 3602 crudelissimam
1372 3539 1878 3621 2n⁹oscriptionem
1904 3558 2039 3603 eam
2059 3559 2347 3621 perpessa
