2630 3913
929 190 1080 246 cAP
1124 195 1206 257 is,
1248 196 1330 244 19.
1406 195 1436 255 ς
1475 195 1701 246 63—69.
2201 191 2326 254 155

307 352 460 418 nilis
509 351 664 436 quid
710 350 837 416 sibi
882 351 1060 435 velit,
1103 373 1235 416 non
1278 351 1621 452 intellego3
1674 355 1894 437 potest
1940 352 2111 417 enim
2158 352 2328 436 quic-

309 462 506 526 quam
544 460 685 504 esse
724 439 1063 504 absurdius
1112 461 1327 524 quam,
1373 461 1500 523 quo
1537 439 1681 503 viae
1725 440 1937 505 minus
1983 443 2205 524 restet,
2251 462 2326 505 eo

307 530 456 614 plus
503 527 725 593 viatici
773 527 1125 611 quaerere?

442 615 689 692 Quarta
742 619 950 680 restat
1004 636 1225 699 causa,
1284 636 1449 700 quae
1505 616 1782 680 maxime
1839 636 2076 701 angere
2133 620 2326 699 atque
2351 616 2430 680 19

255 725 280 765 ⁵
309 705 662 771 sollicitam
704 704 946 769 habere
991 708 1286 769 nostram
1333 707 1611 768 aetatem
1660 703 1941 788 videtur,
1987 704 2328 788 adpropin-

310 795 532 878 quatio
579 791 828 876 mortis,
876 813 1039 876 quae
1086 795 1258 856 certe
1305 813 1345 855 a
1391 795 1718 856 senectute
1762 813 1896 856 non
1930 795 2150 877 potest
2188 813 2328 856 esse

309 884 522 967 longe.
596 879 650 945 Ο
689 880 998 944 miserum
1036 901 1272 964 senem,
1321 880 1431 963 qui
1469 883 1747 944 mortem
1794 881 2328 945 contemnendam

310 991 450 1035 esse
495 969 566 1033 in
609 972 748 1033 tam
794 969 994 1054 longa
1041 972 1254 1032 aetate
1300 988 1432 1032 non
1468 967 1730 1055 viderit}
1779 989 1942 1051 quae
1985 974 2099 1032 aut
2135 969 2328 1053 plane

308 1057 714 1143 neglegenda
741 1060 860 1140 est,
897 1056 954 1120 si
982 1056 1245 1121 omnino
1276 1055 1599 1141 extinguit
1637 1056 1942 1141 animum,
1980 1061 2094 1121 aut
2132 1057 2328 1122 etiam

234 1165 283 1204 ιο
312 1145 615 1231 optanda,
662 1145 719 1209 si
765 1146 984 1228 aliquo
1032 1166 1179 1209 eum
1226 1143 1500 1228 deducit,
1545 1144 1658 1208 ubi
1706 1144 1792 1209 sit
1828 1143 2086 1209 futurus
2125 1149 2328 1209 aeter-

310 1256 459 1316 nus3
525 1233 705 1317 atqui
759 1233 1029 1298 tertium
1083 1236 1255 1297 certe
1308 1232 1474 1297 nihil
1530 1232 1805 1297 inveniri
1862 1236 2110 1317 potest3
2175 1234 2329 1317 quid
2367 1250 2432 1298 67

311 1322 515 1408 igitur
576 1321 838 1386 timeam
858 1372 875 1404 ,
939 1321 997 1385 si
1062 1324 1176 1385 aut
1235 1341 1370 1385 non
1423 1321 1619 1384 miser
1673 1323 1825 1405 post
1881 1324 2159 1385 mortem
2216 1325 2329 1386 aut

313 1411 544 1474 beatus
590 1409 788 1492 etiam
832 1409 1090 1473 futurus
1139 1408 1326 1473 sum?
1402 1406 1808 1493 Quamquam
1855 1408 1998 1492 quis
2045 1413 2147 1474 est
2190 1413 2329 1473 tam

314 1498 574 1582 stultus,
618 1497 914 1582 quamvis
961 1497 1049 1561 sit
1096 1496 1488 1580 adulescens,
1535 1496 1636 1562 cui
1683 1496 1769 1560 sit
1816 1499 2222 1582 exploratum
2261 1518 2329 1562 se

235 1603 285 1643 ιδ
315 1586 396 1652 ad
449 1607 789 1671 vesperum
844 1606 985 1650 esse
1039 1584 1407 1650 victurum?
1499 1583 1668 1660 Quin
1722 1584 1921 1649 etiam
1978 1589 2157 1650 aetas
2212 1586 2331 1650 illa

314 1675 522 1739 multo
558 1675 779 1759 plures
818 1696 1014 1758 quam
1049 1679 1279 1738 nostra
1314 1694 1501 1738 casus
1538 1673 1768 1738 mortis
1807 1673 2035 1758 habet3
2072 1673 2329 1739 facilius

309 1764 379 1827 in
432 1763 695 1828 morbos
749 1761 1041 1826 incidunt
1102 1761 1570 1844 adulescentes,
1638 1761 1901 1847 gravius
1966 1766 2332 1848 aegrotant,

308 1851 565 1916 tristius
603 1853 928 1916 curantur.
991 1849 1221 1933 Itaque
1256 1850 1447 1934 pauci
1482 1849 1750 1914 veniunt
1787 1850 1869 1913 ad
1907 1854 2332 1935 senectutem3

314 1939 484 2024 quod
543 1939 611 2004 ni
665 1939 761 2004 ita
815 1937 1158 2023 accideret,
1221 1938 1454 2004 melius
1519 1942 1585 2003 et
1646 1938 2026 2040 prudentius
2089 1939 2330 2005 vivere-

234 2045 286 2084 80
315 2033 439 2092 tur.
511 2027 695 2092 Mens
741 2027 913 2091 enim
960 2031 1027 2091 et
1071 2027 1241 2092 ratio
1288 2032 1355 2092 et
1401 2026 1742 2093 consilium
1788 2027 1857 2092 in
1903 2028 2164 2093 senibus
2204 2031 2330 2113 est3

319 2115 428 2198 qui
475 2115 530 2178 si
575 2115 740 2179 nulli
780 2114 1074 2198 fuissent,
1117 2116 1338 2179 nullae
1385 2115 1647 2180 omnino
1694 2115 1991 2180 civitates
2036 2115 2330 2181 fuissent.

319 2201 444 2267 Sed
488 2202 676 2268 redeo
733 2203 814 2266 ad
867 2207 1142 2269 mortem
1195 2202 1669 2287 inpendentem.
1761 2201 1946 2278 Quod
2001 2208 2102 2267 est
2154 2205 2329 2269 istud

318 2290 561 2356 crimen
607 2292 972 2377 senectutis,
1017 2312 1163 2357 cum
1203 2290 1269 2355 id
1307 2291 1367 2355 ei
1403 2290 1677 2354 videatis
1715 2312 1861 2355 cum
1898 2291 2330 2356 adulescentia

317 2400 459 2445 esse
504 2379 884 2444 commune?
954 2341 1159 2444 Sensi
1204 2400 1327 2465 ego
1374 2379 1442 2443 in
1489 2377 1737 2462 optimo
1784 2378 1951 2457 filio,
1994 2383 2067 2442 tu
2113 2379 2183 2442 in
2229 2401 2330 2443 ex·
2369 2394 2432 2444 68

234 2483 287 2523 8⁵
316 2467 595 2552 pectatis
643 2467 723 2532 ad
770 2468 1240 2553 amplissimam
1286 2466 1673 2553 dignitatem
1717 2464 2050 2549 fratribuS‚
2097 2464 2331 2551 Scipio,

318 2559 595 2621 mortem
641 2556 817 2620 omni
864 2557 1066 2622 aetati
1113 2578 1252 2621 esse
1299 2575 1720 2620 communem.
1794 2553 1886 2618 At
1924 2558 2143 2639 sperat
2182 2555 2332 2619 adu-

317 2645 563 2710 lescens
611 2644 719 2708 diu
767 2666 834 2709 se
870 2644 1211 2728 victurum,
1258 2642 1428 2728 quod
1467 2663 1726 2727 sperare
1762 2641 1933 2707 idem
1971 2664 2164 2708 senex
2200 2665 2332 2708 non

315 2737 551 2818 potest.
630 2730 1022 2817 Insipienter
1069 2736 1304 2817 sperat.
1388 2729 1555 2806 Quid
1600 2731 1770 2795 enim
1823 2731 2087 2796 stultius
2138 2754 2330 2816 quam

314 2823 563 2887 incerta
607 2842 727 2905 pro
772 2820 967 2886 certis
1014 2820 1271 2904 habere,
1314 2819 1488 2884 falsa
1530 2840 1650 2904 pro
1696 2819 1908 2884 veris?
2000 2819 2093 2885 At
2139 2842 2333 2885 senex

236 2925 288 2965 ⁸0
314 2931 394 2974 ne
459 2908 631 2993 quod
694 2912 910 2993 speret
975 2907 1232 2991 quidem
1294 2907 1511 2973 habet.
1610 2906 1701 2971 At
1760 2910 1861 2972 est
1924 2929 1999 2972 eo
2064 2908 2330 2973 meliore

316 2996 685 3062 condicione
725 3018 919 3080 quam
958 2995 1352 3079 adulescens,
1399 2994 1569 3081 quod
1605 2995 1689 3079 id,
1737 2995 1908 3079 quod
1943 2996 2055 3059 ille
2093 3000 2331 3081 sperat,

314 3084 421 3150 hic
466 3088 846 3150 consecutus
894 3087 1019 3169 est3
1066 3084 1179 3148 ille
1224 3085 1369 3149 vult
1414 3084 1522 3149 diu
1566 3084 1800 3167 vivere,
1844 3083 1951 3148 hic
1998 3084 2106 3149 diu
2151 3083 2330 3147 vixit.

316 3172 748 3256 Quamquam,
812 3194 851 3238 o
908 3170 973 3235 di
1026 3172 1206 3237 boni!
1274 3171 1430 3255 quid
1483 3176 1582 3237 est
1636 3173 1703 3235 in
1758 3171 2040 3236 hominis
2096 3176 2332 3236 natura
2369 3185 2434 3234 69

315 3259 468 3323 diu?
559 3259 663 3323 Da
709 3259 881 3325 enim
929 3281 1250 3324 summum
1297 3264 1574 3345 tempus,
1620 3263 2028 3344 expectemus
2075 3258 2332 3325 Tartes-

130 3388 135 3393 -
237 3361 289 3402 οδ
320 3346 560 3411 siorum
608 3348 779 3433 regis
836 3351 1118 3413 aetatem
1176 3346 1331 3433 (fuit
1386 3348 1583 3431 enim,
1637 3351 1711 3412 ut
1766 3348 2081 3432 scriptum
2126 3348 2331 3432 vide0‚

317 3434 812 3520 Arganthonius
869 3435 1128 3518 quidam
1176 3435 1493 3519 Gadibus,
1549 3434 1659 3519 qui
1713 3436 2049 3522 octoginta
2102 3458 2330 3523 regna·

315 3522 413 3587 vit
486 3544 719 3601 annos,
791 3527 1047 3588 centum
1120 3525 1356 3608 vig-inti
1429 3487 1624 3602 vixit)
1691 3559 1775 3571 —
1841 3523 1952 3588 sed
2024 3525 2186 3589 mihi
2248 3547 2330 3589 ne
