2630 3913
751 219 1202 275 ORATIONUM.
1241 227 1304 275 A.
1344 221 1420 274 IX
1456 222 1763 276 ARG.—4.
2131 223 2256 285 261

345 381 549 448 Cicero
566 383 637 447 in
654 384 1020 464 expositione
1036 383 1429 448 consiliorum
1455 403 1707 448 suorum
1731 385 2053 465 siqnificat.
2099 386 2264 449 Eius

342 491 573 553 quoque
606 472 1063 554 coniurationis,
1107 492 1268 552 quae.
1296 470 1472 536 Cotta
1507 476 1564 535 et
1602 472 1907 553 Torquato
1944 493 2086 537 coss.
2122 479 2264 538 ante

342 554 596 636 annum,
640 579 829 639 quam
871 559 1016 623 haec
1060 561 1415 637 dicerentur,
1457 560 1628 639 facta
1670 566 1758 624 est
1800 581 1842 624 a
1887 558 2165 625 Catilina
2209 566 2266 625 et

344 648 593 725 Pisone,
638 649 848 729 arquit
889 648 984 711 M.
1032 646 1328 713 Crassum
1371 654 1675 712 auctorem
1715 649 1924 728 fuisse.

207 760 231 799 5
391 737 448 800 2.
495 734 697 811 Quem
746 735 915 799 enim
962 739 1075 801 aut
1120 736 1395 800 amicum
1450 739 1670 820 potest
1723 736 1960 801 habere
2014 737 2071 800 is
2081 787 2098 820 ,
2154 738 2263 820 qui

257 829 358 889 tot
394 823 564 889 cives
599 824 965 907 trucidavit,
1013 827 1126 888 aut
1162 825 1434 888 clientem
1468 827 1541 907 is,
1588 825 1698 908 qui
1734 826 1802 888 in
1839 847 1956 889 sua
2001 825 2264 890 civitate

258 935 402 978 cum
437 912 779 998 peregrino
816 912 1081 998 negavit
1118 934 1187 976 se
1223 912 1460 977 iudicio
1500 934 1703 996 aequo
1742 917 1987 978 certare
2029 915 2263 998 posse?

475 1000 801 1083 Siynifiicat
829 999 1185 1077 Catilinam,
1222 1021 1360 1065 cum
1395 1002 1465 1065 in
1493 1000 1774 1065 Sullanis
1796 1003 2086 1083 partibus
2107 1002 2263 1081 fuis·

342 1094 447 1171 set,
490 1089 809 1153 crudeliter
847 1090 1075 1168 fecisse.
1148 1090 1539 1154 Nominatim
1582 1091 1767 1153 etiam
1798 1096 2015 1171 postea
2058 1089 2264 1155 Cicero

180 1201 231 1240 ιο
345 1178 510 1259 dicit,
553 1197 702 1257 quos
743 1178 1039 1261 occiderit,
1085 1176 1154 1258 Q.
1200 1176 1552 1255 Caecilium,
1596 1178 1692 1241 M.
1732 1178 2144 1260 Volumnium,
2188 1179 2263 1242 L.

269 1294 281 1303 ν
350 1265 711 1329 Tanusium.
801 1265 897 1329 M.
952 1267 1136 1329 etiam
1188 1266 1371 1330 Mari
1425 1265 1813 1342 Gratidiani,
1875 1286 2109 1331 summe
2148 1287 2264 1347 po-

340 1353 587 1434 pularis
629 1352 911 1434 hominis,
954 1354 1063 1434 qui
1106 1354 1176 1418 ob
1220 1356 1290 1418 id
1332 1355 1423 1419 bis
1455 1359 1709 1435 praetor
1749 1354 1891 1436 fuit,
1936 1360 2122 1435 caput
2164 1355 2264 1418 ab·

346 1442 569 1505 scisum
617 1462 729 1522 per
778 1441 987 1505 urbem
1039 1462 1155 1505 sua
1207 1463 1402 1506 manu
1454 1441 1730 1508 Catilina
1788 1444 2041 1519 tulerat,·
2105 1445 2268 1523 quod

348 1530 575 1594 crimen
635 1531 878 1611 saepius
939 1531 995 1593 ei
1048 1535 1176 1594 tota
1227 1532 1504 1595 oratione
1555 1531 1748 1595 obicit.
1838 1531 2079 1595 Fuerat
2125 1552 2264 1595 vero

180 1639 231 1680 15
344 1617 445 1682 hic
480 1617 895 1683 Gratidianus
928 1623 1071 1682 arta
1105 1621 1537 1684 necessitudine
1573 1618 1849 1684 Ciceroni
1890 1622 2262 1684 coniunctus.

344 1706 634 1773 Clientem
678 1712 882 1771 autem
925 1712 1107 1789 neyat
1145 1707 1362 1772 habere
1385 1728 1565 1789 posse
1600 1707 1664 1772 C.
1692 1708 2067 1785 Antonium,·
2113 1728 2263 1772 nam

342 1797 399 1861 is
451 1796 672 1861 multos
731 1797 803 1860 in
857 1796 1102 1860 Achaia
1163 1797 1530 1878 spoliaverat
1588 1801 1804 1860 nactus
1866 1798 1938 1861 de
1999 1798 2263 1861 exercitu

342 1883 602 1949 Sullano
647 1886 915 1967 equitum
960 1890 1213 1949 turmas.
1292 1884 1532 1949 Deinde
1578 1884 1815 1962 Graeci,
1864 1887 1973 1967 qui
2014 1886 2264 1968 spoliati

343 1978 544 2055 erant,
599 1975 936 2038 eduxerunt
984 1974 1332 2038 Antonium
1384 1975 1455 2037 in
1507 1975 1607 2038 ius
1658 1976 1745 2038 ad
1793 1974 1890 2038 M
1935 1975 2264 2039 Lucullum

165 2080 229 2121 ‘20
340 2066 704 2141 praetorem,
748 2063 857 2141 qui
899 2063 998 2126 ius
1040 2063 1202 2126 inter
1234 2063 1589 2144 peregrinos
1632 2062 1880 2127 dicebat.
1958 2064 2113 2145 Eyit
2143 2085 2263 2145 pro

350 2148 602 2212 Graecis
648 2146 714 2213 C.
760 2148 989 2214 Caesar
1040 2152 1223 2214 etiam
1249 2156 1409 2214 ·tum
1463 2151 1970 2228 adulescentuluS,
2022 2153 2095 2216 de
2147 2172 2262 2233 quo

335 2237 530 2317 paulo
574 2241 714 2299 ante
756 2238 1118 2301 mentionem
1163 2237 1434 2317 fecimus.
1523 2240 1616 2303 Et
1657 2259 1795 2302 cum
1838 2239 2134 2304 Lucullus
2179 2243 2262 2319 id,

345 2325 506 2405 quod
531 2323 754 2388 Graeci
783 2326 1195 2408 postulabant,
1231 2328 1590 2404 decrevisset,
1625 2327 1956 2408 appellavit
1985 2328 2263 2392 tribunos

347 2413 660 2476 Antonius
702 2412 1046 2493 iuravitque
1087 2434 1149 2478 se
1191 2416 1262 2478 id
1302 2414 1512 2494 forum
1555 2417 1819 2498 eiurare,
1872 2417 2033 2495 quod
2073 2436 2261 2497 aequo

173 2521 227 2560 25
345 2503 481 2565 iure
524 2503 617 2564 uti
660 2521 786 2565 non
817 2506 1037 2582 posset.
1116 2503 1291 2566 Hinc
1334 2504 1679 2568 Antonium
1726 2502 1963 2568 Gellius
2007 2509 2065 2567 et
2105 2504 2261 2568 Len·

345 2590 511 2654 tiiltls
563 2609 827 2654 censores
878 2591 1162 2656 sexennio
1226 2597 1392 2674 ante,
1453 2613 1640 2674 quam
1700 2592 1845 2656 haec
1906 2594 2260 2676 dicerentur,

342 2683 561 2743 senatu
603 2684 919 2742 moverunt
957 2700 1287 2761 causasque
1329 2681 1824 2762 subscripserunt,
1871 2682 2034 2761 quod
2073 2683 2262 2746 socios

342 2767 683 2850 diripuerit,
725 2768 889 2848 quod
928 2768 1225 2832 iudicium
1267 2770 1580 2851 reeusarit,
1624 2771 1786 2850 quod
1813 2774 2066 2851 propter
2099 2773 2262 2835 aeris

342 2855 533 2919 alieni
584 2856 1069 2938 maynitudinem
1105 2858 1371 2937 praedia
1415 2859 1790 2939 manciparit
1832 2857 2102 2938 bonaque
2145 2879 2261 2923 sua

172 2963 225 3002 30
341 2944 413 3007 in
445 2949 764 3045 potestate
779 2964 906 3008 non
950 2944 1180 3009 habeat.

387 3031 445 3095 3.
474 3030 611 3097 Nee
638 3054 707 3097 se
744 3031 875 3096 iam
911 3035 1053 3097 tum
1083 3033 1380 3117 respexit,
1417 3056 1559 3099 cum
1594 3033 1995 3119 gravissimis
2025 3034 2258 3098 vestris

255 3120 526 3185 decretis
574 3122 805 3186 absens
850 3124 1115 3185 notatus
1163 3126 1278 3185 est.

477 3208 751 3274 Catilina
785 3230 861 3274 ex
893 3214 1194 3291 praetura
1228 3211 1517 3289 Africam
1543 3211 1932 3292 provinciam
1967 3209 2256 3287 obtinuit;

340 3317 528 3378 quam
572 3319 709 3362 cum
738 3300 1007 3381 graviter
1039 3305 1324 3377 vexasset,
1371 3299 1553 3380 leqati
1587 3299 1739 3377 Afri
1773 3299 1843 3362 in
1877 3302 2093 3362 senatu
2129 3300 2259 3362 iam

170 3402 223 3442 ³5
344 3391 474 3449 tum
516 3386 757 3451 absente
800 3387 908 3452 illo
952 3389 1145 3467 questi
1186 3392 1346 3469 sunt,
1395 3388 1735 3469 multaeque
1771 3406 1988 3469 qraves
2031 3392 2257 3451 senten-

343 3474 464 3538 tiae
507 3475 579 3538 de
623 3496 688 3539 eo
731 3477 803 3539 in
845 3481 1061 3540 senatu
1104 3477 1298 3540 dictae
1340 3482 1500 3540 sunt.

385 3564 445 3625 4.
498 3561 578 3625 In
630 3563 880 3627 iudiciis
938 3566 1179 3647 quanta
1231 3564 1331 3628 vis
1387 3568 1583 3648 esset,
1648 3564 1894 3644 didicit,
1959 3586 2102 3628 cum
2158 3570 2255 3628 est
