2630 3913
349 190 470 254 186
886 234 893 241 .
940 187 1245 242 LAELIUS
1283 186 1381 240 DE
1419 187 1751 240 AMICITIA

345 351 537 433 venti,
583 351 861 414 retinent
908 355 1126 414 tamen
1173 350 1511 414 caritatem
1557 349 1625 412 in
1671 354 1985 433 pastore8‚
2038 371 2199 433 quos
2245 372 2348 433 pa·

342 445 475 503 tres
541 440 781 503 multos
848 459 1051 502 annos
1118 459 1256 501 esse
1317 437 1652 503 duxerunt.
1745 436 1927 512 Quod
1984 444 2083 502 est
2147 440 2350 502 multo

339 526 631 612 profecto
681 527 889 611 magis
936 527 1004 589 in
1050 526 1219 589 veris
1266 525 1563 609 patribus
1611 526 1930 609 certisque
1973 527 2351 592 faciendum.

342 616 612 680 Fructus
652 616 820 678 enim
858 614 1102 699 ingenii
1141 619 1206 678 et
1242 614 1504 678 virtutis
1544 615 1878 698 omnisque
1916 616 2352 699 praestantiae

342 710 481 768 tum
537 724 874 768 maxumus
930 702 1210 787 capitur,
1273 724 1420 767 cum
1464 703 1533 766 in
1587 724 1971 787 proxumum
2039 726 2353 787 quemque
2406 721 2429 761 ⁵

237 842 323 906 20
343 792 686 857 confertur.

477 880 567 944 Ut
615 880 817 964 igitur
861 880 927 962 ii,
975 881 1083 963 qui
1124 882 1273 942 sunt
1309 879 1380 941 in
1409 878 1731 943 amicitiae
1760 880 2353 963 coniunctionisque

278 921 811 1033 1necessitudine
850 968 1231 1051 superioreS‚
1269 988 1624 1050 exaequare
1664 988 1731 1031 se
1765 990 1909 1032 cum
1941 967 2352 1034 inferioribus

344 1057 596 1132 debent,
645 1057 735 1121 sic
782 1056 1117 1120 inferiores
1164 1077 1296 1119 non
1334 1055 1550 1119 dolere
1589 1077 1656 1119 se
1695 1078 1732 1119 a
1770 1056 1903 1119 suis
1943 1060 2056 1121 aut
2091 1057 2352 1142 ingenio

345 1149 457 1210 aut
504 1146 766 1209 fortuna
812 1149 924 1209 aut
972 1144 1289 1229 dignitate
1338 1143 1645 1227 superari.
1732 1143 2019 1218 Quorum
2064 1146 2353 1229 plerique
2386 1167 2430 1201 10

345 1238 457 1298 aut
504 1238 859 1317 queruntur
919 1255 1170 1315 semper
1227 1231 1472 1315 aliquid
1530 1236 1643 1296 aut
1699 1233 1896 1297 etiam
1942 1234 2353 1317 exprobrant,

345 1345 545 1406 eoque
593 1322 828 1407 magiS‚
886 1322 941 1385 si
986 1321 1226 1385 habere
1284 1342 1350 1384 se
1405 1325 1666 1405 putant,
1732 1321 1901 1403 quod
1959 1320 2243 1386 officiose
2290 1328 2356 1386 et

345 1413 547 1476 amice
595 1415 660 1474 et
705 1432 850 1475 cum
895 1410 1118 1474 labore
1157 1408 1375 1491 aliquo
1415 1430 1529 1472 suo
1567 1408 1812 1473 factum
1852 1414 2091 1493 queant
2129 1409 2351 1476 dicere.

346 1499 656 1563 Odiosum
705 1520 856 1562 sane
905 1519 1107 1583 genus
1153 1498 1489 1561 hominum
1536 1497 1749 1561 officia
1799 1499 2357 1581 exprobrantium3

347 1610 509 1671 quae
558 1586 924 1650 meminisse
972 1586 1162 1649 debet
1206 1586 1281 1667 ie,
1329 1586 1397 1647 in
1444 1608 1634 1667 quem
1681 1587 1941 1650 conlata
1988 1591 2165 1669 sunt,
2220 1609 2352 1652 non
2383 1606 2429 1645 1⁵

239 1697 303 1743 72
344 1696 865 1757 commemorare,
914 1674 1021 1757 qui
1068 1673 1363 1738 contulit.
1440 1672 1646 1748 Quam
1695 1675 1776 1738 ob
1825 1697 1978 1758 rem,
2024 1679 2098 1740 ut
2133 1676 2198 1758 ii,
2246 1677 2355 1759 qui

345 1764 706 1847 superiores
756 1765 924 1843 sunt,
971 1761 1375 1825 summittere
1424 1784 1491 1825 se
1538 1762 1773 1826 debent
1810 1762 1877 1826 in
1914 1764 2217 1846 amicitia,
2264 1765 2354 1829 sic

346 1852 624 1936 quodam
662 1850 851 1914 modo
890 1850 1228 1914 inferiores
1268 1851 1596 1914 extollere.
1662 1848 1826 1915 Sunt
1864 1852 2035 1915 enim
2076 1853 2353 1936 quidam,

346 1941 453 2024 qui
501 1941 810 2003 molestas
861 1939 1177 2004 amicitias
1226 1938 1496 2022 faciunt,
1552 1962 1696 2004 cum
1744 1940 1871 2024 ipsi
1917 1963 1984 2005 se
2031 1942 2354 2006 contemni

343 2034 605 2113 putant3
670 2028 839 2112 quod
894 2050 1024 2092 non
1078 2028 1211 2091 fere
1267 2028 1589 2112 contingit
1645 2029 1772 2091 nisi
1828 2029 1934 2111 iis,
2000 2030 2110 2113 qui
2157 2031 2354 2094 etiam
2386 2049 2435 2086 20

345 2117 847 2182 contemnendos
894 2139 962 2180 se
1020 2116 1455 2198 arbitrantur3
1520 2118 1631 2199 qui
1694 2117 1815 2181 hac
1871 2118 2171 2201 opinione
2226 2140 2355 2183 non

239 2224 304 2272 ‘13
346 2206 534 2271 modo
582 2205 823 2288 verbis,
872 2204 981 2269 sed
1029 2205 1225 2268 etiam
1273 2226 1465 2288 opere
1512 2205 1768 2269 levandi
1817 2210 1983 2269 sunt.
2074 2205 2353 2272 Tantum

345 2299 561 2359 autem
608 2295 834 2377 cuique
881 2293 1312 2376 tribuendum,
1359 2293 1639 2376 primum
1688 2300 2001 2376 quantum
2041 2294 2180 2378 ipse
2220 2295 2355 2359 effi-

343 2406 484 2449 cere
531 2384 743 2467 possis
755 2434 771 2465 ‚
819 2382 1044 2447 deinde
1091 2382 1288 2445 etiam
1336 2385 1648 2464 quantum
1695 2382 1834 2464 ille,
1882 2404 2072 2466 quem
2120 2384 2356 2468 diligas

345 2477 536 2555 atque
586 2471 865 2553 adiuves,
912 2470 1247 2535 sustinere.
1341 2468 1491 2534 Non
1538 2470 1708 2533 enim
1753 2492 1959 2553 neque
2007 2475 2081 2535 tu
2123 2473 2356 2555 possis,
2386 2492 2436 2531 25

345 2560 639 2643 quamvis
688 2559 984 2641 excellaS,
1032 2579 1253 2622 omnes
1292 2561 1441 2622 tuos
1481 2558 1561 2621 ad
1599 2558 1876 2623 honores
1917 2560 2357 2642 amplissimos

344 2648 705 2732 perducere,
751 2651 824 2711 ut
871 2646 1084 2730 Scipio
1132 2645 1200 2709 P.
1246 2645 1579 2730 Rupilium
1626 2647 1843 2730 potuit
1888 2649 2219 2713 consulem
2266 2650 2356 2713 ef-

344 2737 551 2818 ficere,
596 2734 869 2798 fratrem
907 2735 1042 2798 eius
1071 2733 1141 2797 L.
1180 2756 1310 2798 non
1339 2734 1570 2817 potuit.
1636 2732 1879 2808 Quodsi
1917 2736 2115 2801 etiam
2143 2739 2357 2822 possis

345 2824 597 2908 quidvis
647 2822 891 2887 deferre
940 2822 1020 2886 ad
1067 2824 1363 2903 alterum,
1409 2822 1752 2887 videndum
1790 2828 1891 2888 est
1926 2828 2165 2909 tamen,
2204 2826 2359 2910 quid

343 2914 454 2977 ille
503 2912 710 2996 possit
757 2912 1091 2975 sustinere.
2389 2932 2442 2970 eo

238 3020 303 3068 74
475 3000 750 3065 Omnino
799 3000 1121 3064 amicitiae
1167 2999 1613 3064 conroboratis
1652 3001 1783 3064 iam
1830 3001 2360 3086 confirmatisque

343 3095 406 3154 et
453 3090 728 3174 ingeniis
779 3094 843 3153 et
890 3089 1213 3153 aetatibus
1268 3088 1645 3152 iudicandae
1703 3094 1880 3170 sunt,
1934 3111 2078 3173 nec,
2146 3091 2201 3153 si
2249 3092 2360 3175 qui

340 3179 603 3242 ineunte
652 3181 864 3241 aetate
911 3177 1185 3241 venandi
1234 3180 1347 3241 aut
1393 3176 1563 3260 pilae
1613 3177 1884 3242 studiosi
1921 3177 2201 3262 fuerunt,
2248 3201 2359 3245 eos

339 3267 580 3330 habere
628 3265 1043 3348 necessariOS‚
1091 3286 1251 3348 quos
1298 3269 1440 3328 tum
1488 3264 1714 3329 eodem
1761 3266 1974 3330 studio
2026 3268 2360 3351 praeditos

343 3354 722 3419 dilexerunt.
786 3353 924 3417 Isto
964 3354 1133 3417 enim
1164 3352 1356 3417 modo
1394 3353 1676 3419 nutrices
1717 3360 1782 3418 et
1819 3355 2240 3440 paedagogi
2221 3379 2365 3421 1ure
2394 3373 2449 3413 85

344 3440 690 3503 vetustatis
758 3441 1107 3524 plurimum
1172 3441 1647 3505 benivolentiae
1718 3444 2175 3527 postulabunt3
2250 3445 2365 3529 qui

346 3525 729 3610 neglegendi
776 3529 1030 3609 quidem
1076 3550 1206 3592 non
1254 3534 1435 3608 sunt,
1493 3528 1604 3593 sed
1654 3530 1781 3594 alio
1840 3531 2118 3614 quodam
2167 3532 2363 3597 modo
