2630 3913
381 206 508 268 348
1153 202 1604 256 FRAGMENTA

379 365 586 450 ἔχεις.’
630 403 704 411 -
750 366 1006 447 Quintil.
1047 363 1143 431 VI
1173 370 1231 430 3.
1269 370 1357 431 98
1390 366 1498 429 Ea:
1531 365 1791 430 historia
1825 368 2009 430 etiam
2043 369 2257 431 ducere
2289 389 2397 432 ur-

378 457 709 520 banitatem
751 455 1057 519 cruditum
1095 458 1197 530 est,
1240 458 1314 517 ut
1349 452 1554 518 Cicero
1586 454 1746 533 fecit,
1791 475 1930 518 cum
1974 456 2032 518 ei
2078 460 2281 520 testem
2322 458 2400 521 in

377 545 602 608 iudicio
641 543 848 608 Verris
882 543 1126 625 royanti
1168 542 1425 605 dixisset
1450 542 1852 607 Hortensius:
1899 542 2073 608 ‘Non
2116 545 2401 627 intelleqo

377 633 520 697 haec
563 629 951 713 aeniymata?
1042 629 1246 713 Atqui
1294 629 1516 713 debeS,
1562 632 1791 716 inquit,
1842 653 1986 696 eum
2034 630 2399 718 Sphingem

380 721 553 785 domi
598 720 857 783 habeas.
946 718 1277 800 Acceperat
1329 724 1532 783 autem
1585 720 1689 783 ille
1737 741 1779 784 a
1835 720 2017 785 Verre
2060 720 2401 802 Sphingem
2450 740 2478 780 ⁵

377 815 629 873 ae'neam
682 828 942 889 maynae
989 808 1296 889 pecuniae.
1346 844 1428 852 —
1485 807 1652 872 Ptin.
1706 814 1834 872 nat.
1887 808 2026 874 hist.
2081 809 2410 875 XXXIV

377 902 465 963 48
517 896 752 979 Siynis,
811 916 964 978 quae
1020 900 1236 960 vocant
1286 893 1636 974 Corinthia,
1690 898 1965 979 plerique
2016 899 2086 962 in
2151 903 2402 963 tantum

378 987 720 1067 capiuntur,
765 990 836 1048 ut
865 1004 1066 1050 secum
1099 984 1549 1066 circumferant,
1593 987 1751 1050 sicut
1783 986 2154 1051 Hortensius
2187 992 2401 1051 orator

378 1074 707 1156 Sphinyem
764 1073 941 1138 Verri
994 1094 1095 1137 reo
1149 1073 1447 1149 ablatam,
1489 1079 1743 1154 propter
1794 1095 1982 1157 quam
2026 1074 2231 1141 Cicero
2286 1076 2400 1140 illo

377 1164 604 1228 iudicio
650 1164 718 1226 in
763 1163 1154 1226 altercatione
1195 1163 1446 1242 neyanti
1488 1163 1545 1226 ei
1584 1164 1933 1245 aeniymata
1966 1184 2028 1228 se
2060 1164 2403 1245 intclleyere
2429 1183 2478 1221 ιο

376 1252 688 1332 respondit
732 1250 988 1333 debere,
1035 1248 1340 1334 quoniam
1389 1245 1747 1335 Sphingem
1795 1251 1970 1316 domi
2015 1252 2306 1316 haberet.

512 1364 614 1428 39.
644 1363 962 1429 Plutarch.
991 1364 1111 1429 Cic.
1129 1368 1218 1480 26
1246 1361 1536 1427 Μέλλων
1567 1360 1640 1428 δὲ
1668 1363 1981 1451 Κράσσος
2009 1369 2102 1443 εἰς
2130 1370 2399 1451 Συρίαν

379 1456 688 1545 ἀπαίρειν
737 1457 1046 1543 ἐβούλετο
1092 1457 1212 1526 τὸν
1261 1459 1612 1545 Κικέρωνα
1657 1464 1911 1544 μᾶλλον
1967 1459 2145 1553 αὑτῷ
2193 1469 2402 1547 φίλον

378 1552 419 1642 ἦ
479 1554 729 1642 ἐχθρὸν
786 1554 956 1623 εἶναι
1012 1557 1121 1623 καὶ
1179 1556 1804 1643 φιλοφρονούμενος
1853 1563 1978 1643 ε”φη
2026 1558 2401 1643 βούλεσθαι

379 1657 729 1738 δειπνῆσαι
775 1653 933 1740 παρ’
996 1652 1203 1743 αὐτῷ·
1261 1653 1567 1734 κάκεῖνος
1611 1653 1966 1735 ὑπεδέξατο
2012 1656 2401 1744 προθύμως.
2430 1668 2478 1707 ¹⁵
2578 1728 2579 1745 χ

375 1750 653 1836 Ὀλίγαις
691 1748 753 1816 δ’
786 1748 1073 1838 ὕστερον
1112 1749 1386 1838 ἡμέραις
1420 1753 1569 1839 περὶ
1596 1758 1917 1819 Βατινίου
1945 1759 2164 1839 φίλων
2190 1760 2402 1822 τινῶν

379 1845 923 1933 ἐντυγχανόντων
962 1845 1052 1926 ὥς
1088 1849 1444 1934 μνωμένου
1483 1847 1818 1928 διαλύσεις
1853 1850 1963 1916 καὶ
2011 1856 2246 1936 φιλίαν
2285 1845 2403 1938 (ἦν

376 1944 504 2031 γὰρ
545 1942 813 2034 ἐχθρός)
852 1942 979 2013 ‘013
1019 1943 1237 2031 δήπου
1273 1946 1385 2013 καὶ
1423 1948 1779 2031 Βατίνιος’,
1823 1944 1981 2033 εἷπε,
2021 1949 2401 2036 ’δειπνῆσαι

377 2039 531 2130 παρ’
584 2041 729 2129 ε’μοὶ
776 2043 1143 2127 βούλεται;’
1406 2114 1410 2118 ⁴

509 2154 615 2217 40.
671 2152 838 2218 Plut.
893 2150 1015 2218 Cic.
1059 2158 1148 2217 26
1203 2148 1432 2218 Αὐτὸν
1488 2151 1562 2219 δὲ
1614 2149 1734 2218 τὸν
1788 2157 2105 2219 Βατίνιον
2163 2158 2404 2238 ἔχοντα
2431 2181 2480 2220 20

380 2246 697 2335 χοιράδας
745 2250 815 2314 ἐν
861 2251 951 2339 τῷ
997 2248 1299 2338 τραχήλῳ
1348 2249 1460 2314 καὶ
1511 2250 1788 2334 λέγοντα
1836 2254 2029 2335 δίκην
2077 2254 2405 2319 οἰδοῦντα

378 2344 629 2432 ῥήτορα
685 2358 1057 2432 προσεῖπεν.
1145 2343 1463 2424 Ἀκούσας
1519 2346 1609 2430 δ’,
1675 2344 1775 2413 ὅτι
1839 2349 2191 2433 τέθνηκεν,
2260 2348 2407 2418 εἶτα

379 2439 537 2527 μετὰ
576 2442 816 2527 μικρὸν
853 2441 1241 2527 πυθόμενος
1286 2447 1536 2527 σαφῶς,
1585 2440 1685 2510 ὅτι
1730 2448 1823 2530 ζῇ,
1873 2444 2121 2525 εΚακὸς
2163 2453 2409 2516 τοίνυν

379 2538 695 2607 ἀπόλοιτο
740 2542 955 2618 κακῶς
1002 2537 1037 2606 ὁ
1086 2539 1546 2626 ψευσάμενοςῖ

510 2649 614 2711 41.
653 2646 821 2710 Plut.
862 2645 981 2712 Cic.
1019 2652 1108 2712 26
1139 2643 1314 2713 Ἐπεὶ
1357 2647 1431 2715 δὲ
1468 2653 1761 2735 Καίσαρι
1798 2651 2239 2740 ψηφισαμένῳ
2277 2650 2409 2738 τὴν
2438 2675 2494 2714 25

380 2746 453 2810 ἐν
500 2745 866 2828 Καμπανίᾳ
911 2740 1138 2825 χώραν
1184 2749 1732 2831 κατανεμηθῆναι
1783 2759 1921 2826 τοῖς
1975 2746 2413 2833 στρατιώταις

379 2836 614 2906 πολλοὶ
650 2836 772 2923 μὲν
812 2839 1285 2925 ἐδυσχέραινον
1324 2843 1398 2909 έν
1434 2846 1512 2929 τῇ
1548 2847 1782 2931 βουλῇ,
1823 2841 2106 2922 Λεύκιος
2144 2842 2218 2910 δὲ
2246 2847 2414 2912 Γέλ-

380 2944 521 3014 λιος
568 2932 739 3020 ὁμοῦ
785 2960 848 3000 τι
894 2935 1344 3022 πρεσβύτατος
1392 2934 1488 3006 ὢν
1537 2936 1739 3024 εἶπεν,
1793 2938 1880 3019 ὥς
1926 2938 2009 3008 οὐ
2056 2940 2417 3027 γενήσεται

379 3037 575 3100 τοῦτο
617 3035 857 3111 ζῶντος
896 3029 1129 3118 αὑτοῦ,
1171 3037 1746 3123 (Περιμείνωμενζ
1786 3035 1966 3105 εἶπεν
2006 3034 2041 3104 ὁ
2073 3040 2415 3125 Κικέρων,

382 3127 667 3216 εμακρὰν
712 3126 841 3216 γὰρ
892 3127 1015 3196 οὐκ
1062 3135 1339 3199 αἰτεῖται
1385 3134 1659 3212 Γέλλιος
1703 3131 2110 3222 ὑπέρθεσινῖ
2449 3161 2505 3198 ³0

512 3248 616 3312 42.
664 3247 831 3311 Plut.
880 3245 1002 3312 Cic.
1046 3253 1135 3314 26
1182 3249 1530 3315 Μετέλλου
1588 3246 1663 3315 δὲ
1707 3249 2023 3329 Νέπωτος
2079 3248 2419 3336 εἰπόντος,

382 3337 487 3406 ὅτι
550 3345 860 3419 πλείονας
922 3348 1446 3432 καταμαρτυρῶν
1511 3343 1843 3432 ἀνῄρηκεν
1898 3342 1940 3432 ἢ
2008 3353 2422 3434 συνηγορῶν

383 3438 695 3524 σέσωκεν,
742 3436 1100 3525 “Daoi-oya)
1149 3441 1301 3529 γαρ’
1305 3493 1324 3526 ,
1374 3467 1522 3526 εφη,
1572 3444 1872 3521 ε’ςπιστεω
1909 3446 1981 3511 ἐν
2020 3443 2163 3529 ἐμοὶ
2200 3445 2421 3513 πλέον

384 3532 857 3618 ηδεινότητος
904 3532 1118 3602 εἶναι)
