2630 3913
798 848 896 925 M.
956 849 1241 923 TULLI
1278 815 1791 924 'cmnssoms

324 1015 586 1104 CATO
650 1014 993 1100 MAIOR
1056 1014 1201 1097 DE
1265 1012 1870 1100 SENECTU'I'E
1933 1014 2259 1104 LIBER

664 1200 787 1266 AD
834 1199 905 1265 Τ.
950 1197 1471 1265 ΡοΜΡοΝῙΠΜ
1516 1197 1923 1266 AmonM.

958 1486 1639 1547 ARGUMENTUM.

430 1604 537 1659 Hic
575 1603 735 1670 liber,
773 1602 871 1671 qui
906 1620 941 1657 a
969 1602 1236 1657 Cicerone
1275 1601 1517 1683 scriptus
1554 1605 1614 1658 et
1649 1603 1832 1657 editus
1866 1603 1955 1657 est
1982 1618 2129 1657 anno
2156 1621 2210 1672 p.
2241 1620 2297 1660 u.

288 1692 337 1731 c.
377 1682 480 1730 '110
516 1678 586 1746 (a.
627 1674 752 1732 Chr.
789 1676 896 1743 44),
934 1673 1225 1754 dialogum
1261 1674 1515 1728 continet
1551 1674 1620 1728 de
1658 1675 1946 1728 senectute
1981 1673 2238 1728 habitum
2265 1691 2300 1728 a

287 1745 360 1801 M.
397 1745 597 1801 Porcio
637 1745 846 1800 Catone
886 1743 1151 1799 Censorio
1190 1761 1315 1798 cum
1355 1743 1414 1799 Ο.
1450 1743 1644 1799 Laelio
1684 1748 1743 1799 et
1778 1744 1836 1800 P.
1878 1744 2135 1800 Cornelio
2183 1744 2299 1799 Sci-

286 1816 482 1887 pione,
531 1815 629 1886 qui
662 1817 863 1886 postea
906 1814 1203 1868 Africanus
1248 1816 1431 1869 minor
1474 1815 1795 1885 appellatus
1840 1817 1951 1882 est,
2005 1831 2180 1882 anno,
2234 1818 2301 1871 ut

286 1887 546 1958 fingitur,
592 1906 647 1958 p.
685 1903 738 1940 u.
778 1903 823 1940 c.
863 1893 983 1954 604,
1020 1885 1081 1940 T.
1120 1884 1383 1949 Quinctio
1418 1884 1733 1940 Flaminino
1769 1882 1859 1939 Μ’.
1898 1886 2081 1941 Acilio
2118 1885 2297 1941 Balbo

287 1976 426 2015 coss.
501 1956 805 2029 Appellato
840 1956 1083 2028 primum
1118 1955 1311 2011 Attico
1360 1959 1420 2012 et
1455 1956 1736 2027 explicata
1777 1974 1972 2026 causa,
2020 1974 2187 2027 quam
2225 1959 2297 2014 ob

287 2046 404 2084 rem
457 2030 565 2084 hoc
612 2030 1002 2097 argumentum
1047 2030 1288 2082 tractare
1345 2028 1614 2097 voluerit,
1670 2031 1783 2082 iam
1839 2045 2145 2084 sermonem
2197 2028 2296 2084 ille

290 2100 427 2154 olim
462 2116 498 2154 a
530 2100 604 2154 M.
646 2098 856 2153 Catone
902 2098 1222 2153 institutum
1278 2115 1338 2153 se
1392 2098 1698 2154 relaturum
1742 2116 1866 2154 esse
1911 2098 2195 2169 promittit
2239 2101 2300 2154 et

288 2169 451 2224 illum
487 2169 570 2224 ita
612 2169 935 2238 loquentem
987 2170 1057 2224 de
1112 2170 1400 2223 senectute
1448 2169 1609 2237 facit,
1659 2171 1726 2225 ut
1771 2171 2038 2239 quattuor
2084 2186 2298 2240 causas,

292 2256 435 2321 quae
453 2239 691 2321 ‘adferri-
711 2241 946 2307 soleant,
983 2256 1150 2307 quam
1188 2239 1414 2321 obfem
1448 2241 1688 2294 molesta
1725 2242 1784 2294 et
1809 2239 2027 2322 misera·
2041 2246 2297 2296 senectus

290 2313 406 2437 312.
421 2309 1741 2462 ⁸3ffi2¹233¹¹²pgm0¹²3355252&wass
1756 2310 2296 2451 2⁸Z¹33¹132¹⁵¹2²0122f31¹3

292 2457 434 2525 (cap.
476 2453 654 2520 6—8)‚
701 2452 905 2506 demde
951 2450 1100 2520 quod
1137 2466 1337 2520 corpus
1374 2450 1549 2504 faciat
1593 2451 1862 2505 infirmius
1933 2467 2054 2521 cap.
2103 2458 2293 2506 9—11.

288 2531 319 2591 5
355 2525 609 2592 27-38),
643 2524 767 2577 tum
795 2521 944 2590 quod
1013 2520 1162 2576 rivet
1193 2520 1448 2575 omnibus
1484 2520 1600 2575 fere
1641 2519 1920 2591 voluptati
1960 2538 2024 2576 us
2053 2523 2195 2591 (cap.
2229 2528 2294 2577 12

289 2595 470 2664 -18)‚
508 2592 747 2662 denique
784 2592 933 2660 quod
970 2541 1122 2646 gaud
1166 2592 1364 2661 procul
1399 2591 1550 2646 absit
1584 2609 1619 2646 a
1654 2594 1832 2647 morte
1879 2594 2024 2662 (cap.
2047 2594 2294 2660 19-24).

378 2844 431 2909 Ο
460 2843 663 2924 Tite,
710 2843 775 2906 ei
814 2841 992 2926 quid
1030 2861 1169 2927 ego
1210 2841 1520 2907 adiuero
1571 2864 1930 2908 curamve
1969 2823 2364 2943 levasse,}

378 2932 580 3007 Quae
606 2953 803 2996 nunc
830 2934 907 2995 te
952 2930 1217 3014 coquit
1253 2933 1329 2994 et
1365 2934 1631 2995 versat
1656 2930 1734 2994 in
1770 2933 2081 3014 pectore
2116 2930 2296 3015 fixa,

376 3019 671 3103 Ecquid
717 3019 869 3084 erit
914 3017 1248 3103 praemi?

287 3108 470 3173 Licet
524 3108 694 3171 enim
756 3107 918 3171 mihi
971 3107 1264 3171 versibus
1329 3105 1569 3171 eisdem
1632 3105 1840 3171 adfari
1903 3109 1995 3189 te,
2060 3104 2295 3191 Attice,

290 3197 523 3280 quibus
570 3194 829 3260 adfatur
872 3194 1308 3277 Flamininum

376 3283 525 3348 Ille
560 3283 676 3347 vir
711 3283 912 3349 haud
947 3303 1221 3366 magna
1257 3304 1421 3348 cum
1457 3304 1562 3366 re,
1598 3281 1729 3346 sed
1764 3282 2039 3366 plenus
2073 3279 2294 3366 fidei3

290 3393 680 3457 quamquam
726 3374 902 3436 certo
949 3370 1082 3436 scio
1126 3392 1276 3455 non,
1321 3374 1397 3435 ut
1439 3369 1893 3452 Flamininum,

379 3457 824 3525 Sollicitari
869 3463 973 3542 te,
1020 3458 1231 3543 Tite,
1278 3458 1389 3523 sic
1434 3462 1856 3542 noctesque
1903 3456 2243 3542 diesque3

288 3548 440 3614 novi
512 3547 683 3613 enim
745 3547 1253 3613 moderationem
1327 3546 1524 3611 animi
1596 3547 1694 3612 tui
1758 3549 1825 3611 et
1902 3546 2294 3630 aequitatem

1795 3648 1874 3700 9*
