2630 3913
924 168 1074 222 CAP.
1118 176 1166 236 1,
1206 175 1253 222 2.
1333 174 1361 234 s
1404 175 1552 224 1—6.
2119 169 2249 233 419

231 355 375 397 sum
422 330 667 397 crimen
710 331 899 395 bonis
950 330 1248 395 obiectat.
1323 328 1564 405 Quodsi
1609 330 1746 394 vita
1781 330 1971 394 istius
2012 352 2235 396 memo·

229 423 397 485 riam
442 419 690 501 vicerit,
735 418 939 501 illam,
985 422 1204 503 patres
1244 418 1612 503 conscripti,
1655 441 1789 483 non
1824 441 1900 482 ex
1938 419 2247 503 oratione,

231 510 344 574 sed
383 530 459 573 cx
495 508 785 572 moribus
826 507 959 571 suis
998 510 1291 591 spectare
1321 506 1653 570 debebitis,
1718 506 1858 571 Iam
1898 507 2064 589 dabo
2104 530 2246 592 ope-

229 620 390 681 ram,
438 618 632 681 quam
677 595 957 659 maxime
1002 599 1293 679 potuer0,
1339 595 1534 659 breve
1580 600 1653 660 ut
1697 594 1952 660 faciam.
2019 593 2244 680 Neque

175 712 202 752 5
230 687 391 750 haec
438 683 775 749 altercatio
822 686 1050 748 nostra
1092 683 1278 747 vobis
1325 683 1579 747 inutilis
1627 683 1777 767 erit,
1836 686 2055 767 patres
2102 706 2246 749 con-

232 773 491 857 scripti3
544 773 924 856 plerumque
981 771 1152 836 enim
1207 792 1309 835 res
1367 771 1630 854 publica
1684 772 1959 857 privatis
2016 773 2246 837 crescit

228 860 606 943 inimicitiiS,
651 860 766 925 ubi
810 881 999 924 nemo
1047 858 1205 924 civis
1253 859 1464 943 qualis
1508 859 1595 923 sit
1629 860 1731 924 vir
1766 863 1987 945 potest
2021 861 2242 926 latere.

364 948 655 1013 Primum
700 948 922 1035 igitur,
968 947 1271 1031 quoniam
1320 940 1606 1012 omfiium
1652 948 1930 1014 maiores
1968 947 2036 1014 G.
2066 946 2246 1014 Salu-
2283 928 2323 1053 Ξ

232 1039 398 1103 stius
455 1037 537 1102 ad
590 1058 791 1101 unum
847 1035 1211 1120 exemplum
1263 1039 1330 1100 et
1373 1037 1669 1121 regulam
1716 1037 1996 1121 quaerit,
2051 1038 2246 1102 velim

149 1152 202 1194 w
232 1126 395 1190 mihi
431 1125 837 1210 respondeat,
882 1146 1037 1188 num
1076 1123 1230 1208 quid
1272 1124 1412 1208 hos,
1461 1146 1621 1208 quos
1667 1125 1961 1208 protulit,
2008 1123 2245 1210 Scipio-

230 1235 348 1279 nes
396 1218 462 1279 et
495 1211 797 1278 Metellos
846 1216 995 1276 ante
1031 1211 1078 1294 †
1121 1211 1367 1276 fuerint
1414 1216 1527 1276 aut
1579 1212 1901 1297 opinionis
1950 1218 2063 1277 aut
2109 1214 2247 1298 glo-

230 1302 387 1386 riae,
433 1324 628 1386 quam
675 1323 785 1366 eos
829 1322 933 1365 res
980 1322 1133 1365 suae
1182 1303 1405 1385 gestae
1446 1304 1511 1364 et
1548 1302 1686 1365 vita
1721 1301 2246 1366 innocentissime

231 1394 383 1456 acta
435 1389 926 1456 commendavit.
1017 1387 1258 1464 Quodsi
1311 1388 1437 1453 hoc
1479 1388 1606 1453 fuit
1650 1390 1783 1453 illis
1832 1390 2091 1454 initium
2137 1412 2250 1455 no·

231 1479 425 1543 minis
482 1482 549 1543 et
612 1477 980 1562 dignitatis,
1042 1499 1154 1541 cur
1216 1498 1349 1541 non
1413 1499 1612 1562 aeque
1674 1478 1863 1542 nobis
1928 1479 2249 1543 existime-

150 1591 201 1631 15
233 1572 371 1651 tur,
425 1567 604 1632 cuius
661 1569 725 1630 et
779 1587 882 1630 res
929 1569 1152 1650 gestae
1197 1565 1488 1629 illustres
1537 1570 1602 1629 et
1646 1565 1783 1630 vita
1827 1566 2247 1652 integerrime

233 1656 428 1721 acta?
539 1653 738 1730 Quasi
800 1675 953 1718 vero
1018 1658 1092 1718 tu
1158 1653 1247 1717 sis
1312 1655 1394 1717 ab
1460 1654 1625 1733 illis,
1699 1652 1972 1739 Salusti,
2039 1659 2248 1738 ortus3

234 1744 465 1829 quodsi
503 1764 697 1825 esses,
740 1763 872 1806 non
906 1742 1124 1806 nullos
1162 1742 1294 1805 iam
1331 1746 1482 1806 tuae
1517 1742 1940 1827 turpitudinis
1977 1744 2246 1830 pigeret.

230 1832 379 1918 Ego
422 1831 775 1896 maioribus
822 1829 983 1894 meis
1020 1830 1263 1894 virtute
1299 1853 1444 1895 mea
1479 1832 1790 1915 praeluxi,
1836 1837 1927 1915 ut,
1974 1834 2029 1895 si
2066 1832 2245 1917 prius

230 1921 378 1985 noti
428 1940 561 1984 non
610 1918 897 2003 fuerunt,
959 1941 997 1983 a
1052 1940 1154 1983 me
1210 1919 1529 2003 accipiant
1582 1919 1841 1985 initium
1899 1922 2247 1987 memoriae

145 2034 200 2072 20
235 2030 420 2091 suae3
464 2012 538 2071 tu
573 2008 703 2071 tuis
742 2008 932 2090 vitae,
970 2029 1164 2091 (1113111
1202 2009 1482 2091 turpiter
1524 2009 1735 2093 egisti,
1781 2032 2054 2095 magnas
2094 2011 2249 2075 offu-

234 2096 393 2161 disti
439 2096 756 2179 tenebraS,
800 2099 901 2179 ut,
947 2095 1204 2159 etiamsi
1247 2095 1492 2159 fuerint
1539 2097 1785 2181 egregii
1831 2099 2000 2162 cives
2011 2149 2028 2180 ,
2075 2103 2247 2163 certe

232 2185 531 2251 venerint
592 2183 663 2248 in
725 2183 1135 2249 oblivionem.
1245 2181 1456 2258 Quare
1518 2184 1655 2248 noli
1719 2184 1879 2248 mihi
1945 2186 2245 2269 antiquos

237 2275 410 2339 viros
449 2273 789 2338 obiectare.
864 2269 1079 2336 Satius
1119 2275 1219 2335 est
1256 2271 1425 2335 enim
1464 2293 1565 2335 me
1603 2273 1763 2336 meis
1801 2274 1994 2337 rebus
2041 2275 2245 2359 gestis

232 2362 463 2427 florere
511 2383 705 2445 quam
752 2361 1070 2425 maiorum
1118 2359 1417 2444 opinione
1462 2360 1587 2423 niti
1633 2364 1698 2424 et
1741 2361 1836 2424 ita
1880 2362 2128 2445 vivere,
2175 2366 2247 2426 ut

144 2470 203 2513 25
238 2451 363 2515 sim
407 2449 689 2534 posteris
734 2449 897 2513 meis
941 2448 1305 2512 nobilitatis
1344 2447 1602 2511 initium
1639 2452 1705 2512 et
1741 2449 2003 2514 virtutis
2042 2471 2247 2514 exem-

233 2539 435 2624 plum.
525 2536 752 2621 Neque
798 2559 899 2601 me
946 2559 1090 2602 cum
1136 2537 1215 2600 iis
1262 2535 1539 2601 conferri
1585 2536 1791 2620 decet,
1837 2541 2054 2621 patres
2103 2560 2246 2603 con-

234 2626 489 2710 scripti,
549 2626 659 2709 qui
711 2625 845 2689 iam
901 2625 1309 2689 decesserunt
1365 2626 1664 2708 omnique
1720 2626 1867 2691 odio
1914 2631 2136 2691 carent
2181 2631 2247 2690 et

232 2713 506 2796 invidia,
562 2713 675 2778 sed
729 2735 874 2778 cum
932 2713 1050 2794 eis,
1106 2713 1216 2798 qui
1270 2735 1520 2777 mecum
1576 2736 1705 2778 una
1757 2714 1828 2778 in
1870 2737 1940 2778 re
1987 2715 2247 2799 publica

233 2802 481 2868 versati
516 2806 682 2865 sunt.
758 2798 882 2865 Sed
920 2801 976 2865 si
1010 2801 1245 2865 fuerim
1283 2805 1397 2866 aut
1441 2801 1510 2866 in
1553 2801 1909 2867 honoribus
1953 2803 2246 2887 petendis
2286 2820 2316 2867 6

144 2912 203 2954 ao
232 2891 431 2956 nimis
489 2890 870 2954 ambitiosus
921 2889 1077 2972 (non
1126 2890 1292 2955 hanc
1340 2890 1481 2954 dico
1528 2892 1905 2975 popularem
1952 2891 2248 2955 ambitio-

229 3001 412 3062 nem,
468 2979 646 3043 cuius
702 3000 804 3043 me
850 2978 1207 3063 principem
1261 2978 1597 3062 confiteor,
1652 2980 1765 3043 scd
1810 2980 1993 3043 illam
2039 2981 2248 3063 perni-

233 3070 480 3134 ciosam
536 3071 763 3132 contra
820 3067 1024 3152 legeS,
1080 3066 1257 3132 cuius
1312 3068 1558 3151 primos
1614 3069 1868 3133 ordines
1925 3066 2246 3132 Salustius

233 3154 448 3242 duxit)
497 3158 609 3219 aut
654 3155 725 3218 in
771 3154 1074 3240 gerundis
1121 3154 1615 3241 magistratibus
1655 3161 1768 3222 aut
1811 3157 1881 3221 in
1926 3156 2248 3222 vindican-

234 3245 335 3310 dis
381 3242 718 3308 maleficiis
763 3247 900 3307 tam
949 3264 1205 3307 severus
1254 3248 1368 3307 aut
1406 3243 1478 3307 in
1514 3267 1582 3309 re
1620 3246 1881 3331 publica
1917 3249 2055 3309 tam
2091 3245 2251 3329 vigi-

143 3353 201 3395 35
233 3335 409 3417 lanS,
458 3354 652 3417 quam
698 3336 772 3395 tu
817 3331 1355 3416 proscriptionem
1401 3354 1622 3417 vocaS,
1668 3335 1856 3399 credo
1905 3334 2074 3418 quod
2120 3355 2251 3398 non

233 3442 458 3490 omnes
523 3420 621 3483 tui
688 3419 930 3485 similes
992 3418 1345 3484 incolumes
1409 3420 1478 3484 in
1540 3423 1698 3487 urbe
1770 3423 2109 3487 vixissent:
2183 3427 2251 3485 at

232 3513 481 3597 quanto
531 3508 797 3572 meliore
843 3509 987 3573 loco
1036 3529 1136 3572 res
1183 3508 1446 3593 publica
1493 3514 1724 3594 staret,
1781 3521 1831 3578 si
1892 3516 1965 3575 tu
2011 3533 2130 3596 par
2178 3533 2251 3575 ac

1819 3612 1928 3668 27*

2286 1848 2316 1895 0⁹!
