2630 3913
333 177 461 242 170
929 174 1235 237 LAELIUS
1271 174 1371 229 DE
1407 173 1739 229 AMICITIA

225 354 292 404 22
329 338 439 423 qui
485 337 745 403 omnino
791 359 1113 421 nusquam
1158 336 1586 420 reperiuntur.
1677 334 1855 400 Talis
1910 335 2115 421 igitur
2167 335 2340 401 inter
2429 415 2432 418 Ι

327 427 502 492 viros
541 426 825 491 amicitia
861 429 1080 490 tantas
1119 424 1597 509 oportunitates
1643 424 1861 507 habet,
1909 428 2183 508 quantas
2229 425 2338 490 vix

327 537 504 617 queo·
539 515 765 580 dicere.
834 512 1161 597 Principio
1209 513 1320 597 qui
1364 516 1584 597 potest
1625 534 1763 577 esse
1798 474 1937 577 vita
1983 512 2339 595 ‘vitalis',

326 607 402 668 ut
447 603 541 668 ait
583 602 851 680 Ennius,
899 622 1060 685 quae
1104 622 1238 665 non
1281 601 1352 665 in
1396 599 1587 665 amici
1631 603 1857 665 mutua
1901 600 2339 666 benivolentia

328 691 765 775 conquiescit?
835 651 1007 765 Quid
1043 689 1291 754 dulcius
1322 711 1516 773 quam
1542 688 1799 773 habere,
1837 689 2094 772 quicum
2122 689 2341 754 omnia
2393 706 2418 746 ⁵

329 779 562 845 audeas
611 779 703 844 sic
748 778 928 862 loqui
973 781 1047 841 ut
1090 777 1347 842 tecum?
1438 775 1562 852 Qui
1607 781 1779 841 esset
1823 781 2045 842 tantus
2090 775 2338 842 fructus

328 869 397 932 in
442 866 789 952 prosperis·
816 866 1027 949 rebus,
1071 865 1198 929 nisi
1242 865 1535 948 haberes,
1581 865 1691 949 qui
1736 864 1869 929 illis
1918 886 2117 949 aeque
2154 887 2230 930 ac
2265 869 2340 929 tu

326 956 466 1041 ipse
515 955 870 1041 gauderet?
917 953 1219 1020 adversas
1266 975 1419 1019 vero
1464 953 1632 1018 ferre
1678 952 1939 1018 difficile
1985 957 2155 1018 esset
2201 953 2338 1018 sine

329 1066 432 1127 e0,
476 1044 587 1128 qui
630 1044 780 1108 illas
828 1042 1089 1127 gravius
1138 1042 1338 1106 etiam
1383 1063 1579 1126 quam
1623 1045 1697 1105 tu
1740 1040 1958 1106 ferret.
2047 1040 2339 1125 Denique

328 1136 578 1208 ceterae
624 1153 745 1215 res,
791 1153 954 1215 quae
1002 1133 1407 1214 expetuntur,
1453 1133 1809 1214 oportunae
1856 1133 2007 1194 sunt
2043 1130 2339 1215 singulae
2369 1150 2419 1188 10

328 1221 520 1285 rebus
564 1219 699 1284 fere
746 1219 1040 1304 singulis,
1086 1218 1368 1302 divitiae,
1411 1222 1486 1282 ut
1530 1221 1734 1301 utare,
1780 1239 1954 1302 opes,
1997 1222 2071 1282 ut
2088 1218 2340 1302 colare,

328 1310 626 1392 honores,
668 1311 744 1372 ut
790 1307 1067 1391 laudere,
1112 1307 1501 1390 voluptateS,
1547 1310 1620 1370 ut
1666 1306 1975 1392 gaudeas,
2023 1306 2333 1391 valitudo,

328 1401 404 1462 ut
449 1397 670 1462 dolore
718 1418 935 1461 careas
982 1399 1047 1459 et
1092 1395 1464 1459 muneribus
1509 1393 1781 1479 fungare
1826 1394 2140 1479 corporis;
2185 1395 2341 1459 ami-

330 1485 485 1551 citia
519 1506 622 1550 res
655 1484 966 1570 plurimas
1004 1482 1318 1566 continet3
1357 1505 1613 1566 quoquo
1651 1488 1717 1548 te
1752 1483 2042 1567 verteris,
2076 1488 2337 1568 praesto

332 1579 450 1656 est,
477 1574 659 1638 nullo
689 1573 831 1637 loco
862 1571 1236 1649 excluditur,
1271 1592 1626 1655 numquam
1652 1571 2126 1656 intempestiva,
2161 1589 2419 1636 num-1⁵
2489 1568 2495 1576 ’

332 1684 527 1747 quam
564 1660 841 1725 molesta
878 1664 1004 1742 est3
1041 1660 1259 1742 itaque
1295 1681 1427 1724 non
1459 1681 1646 1743 aqua,
1680 1680 1813 1723 non
1848 1658 2003 1745 igni,
2039 1663 2113 1724 ut
2141 1660 2342 1743 aiunt,

330 1750 490 1815 locis
528 1748 823 1832 pluribus
862 1748 1104 1811 utimur
1140 1769 1336 1830 quam
1373 1747 1674 1812 amicitia
1747 1746 1973 1849 Neque
2011 1769 2131 1833 ego
2171 1770 2341 1814 nunc

332 1838 409 1902 de
455 1836 713 1922 vulgari
758 1839 872 1900 aut
917 1835 994 1900 de
1035 1834 1358 1919 mediocri,
1405 1857 1567 1919 quae
1604 1840 1822 1900 tamen
1858 1835 2002 1920 ipsa
2038 1840 2105 1900 et
2140 1836 2341 1902 delec-

331 1929 433 1991 tat
480 1928 546 1990 et
590 1923 873 2010 prodest,
920 1923 1031 1989 sed
1077 1923 1154 1989 de
1189 1945 1344 1989 vera
1390 1928 1456 1989 et
1501 1923 1788 2009 perfecta
1833 1924 2081 2008 loquor,
2128 1924 2339 2009 qualis

333 2036 573 2097 eorum,
620 2013 730 2097 qui
773 2013 963 2098 pauci
1006 2012 1442 2096 nominantur,
1485 2012 1628 2078 fuit.
1699 2013 1872 2077 Nam
1919 2016 1985 2077 et
2030 2014 2339 2078 secundas
2368 2031 2421 2071 ὀ

332 2124 435 2167 res
492 2101 955 2186 splendidiores
1007 2100 1167 2166 facit
1221 2101 1507 2166 amicitia
1562 2105 1627 2165 et
1690 2100 1993 2166 adversas
2051 2101 2340 2186 partiens

334 2190 937 2275 communicansque
982 2189 1275 2255 leviores.

467 2279 803 2380 Quomque
849 2278 1162 2362 plurimas
1192 2281 1258 2341 et
1294 2277 1609 2341 maximas
1647 2277 2139 2343 commoditates
2186 2279 2341 2342 ami·

335 2367 489 2433 citia
542 2366 895 2450 contineat,
951 2370 1091 2431 tum
1144 2366 1263 2431 illa
1314 2365 1622 2430 nimirum
1676 2369 1968 2448 praestat
2022 2364 2340 2450 omnibus,

336 2456 506 2541 quod
551 2456 789 2521 bonam
835 2476 1018 2539 spem
1063 2454 1396 2538 praelucet
1439 2454 1508 2517 in
1560 2457 1895 2537 posterum
1948 2475 2065 2520 nec
2119 2453 2341 2518 debili·
2368 2470 2422 2511 25

332 2544 463 2609 tari
509 2543 756 2609 animos
805 2547 919 2633 aut
963 2542 1187 2608 cadere
1232 2542 1498 2626 patitur.
1559 2539 1802 2606 Verum
1848 2541 2018 2606 enim
2063 2541 2342 2643 amicum

336 2632 446 2716 qui
490 2631 795 2714 intuetur,
839 2634 1174 2713 tamquam
1219 2630 1548 2713 exemplar
1593 2629 1854 2714 aliquod
1898 2629 2187 2696 intuetur
2223 2629 2340 2695 sui.

335 2718 651 2795 Quocirca
704 2723 771 2783 et
825 2719 1124 2783 absentes
1181 2716 1417 2781 adsunt
1470 2721 1535 2781 et
1590 2722 1853 2803 egentes
1900 2718 2230 2783 abundant
2276 2723 2343 2783 et

333 2806 622 2872 inbecilli
675 2806 896 2871 valent
949 2810 1041 2889 et,
1096 2804 1267 2889 quod
1322 2804 1645 2871 difficilius
1696 2806 1871 2871 dictu
1918 2810 2044 2890 est,
2101 2806 2342 2871 mortui

334 2896 588 2979 vivunt3
633 2897 855 2959 tantus
904 2915 1012 2959 eos
1057 2893 1283 2977 honos,
1330 2894 1658 2977 memoria,
1705 2894 2086 2959 desiderium
2127 2915 2343 2979 prose—
2370 2910 2426 2952 ω

337 2984 558 3068 quitur
613 2982 980 3048 amicorum.
1070 2980 1169 3046 Ex
1225 3003 1352 3066 quo
1401 2982 1665 3048 illorum
1710 2983 1906 3047 beata
1949 3004 2125 3048 mors
2171 2982 2342 3048 vide-

334 3077 460 3151 tur,
504 3071 737 3136 horum
774 3071 912 3135 vita
948 3069 1311 3135 laudabilis.
1386 3068 1628 3145 Quodsi
1665 3070 1973 3136 exemeris
2013 3092 2092 3135 ex
2128 3093 2344 3135 rerum

333 3165 570 3226 natura
623 3158 1099 3224 benivolentiae
1155 3159 1696 3242 coniunctionem,
1755 3181 1869 3224 nec
1924 3159 2150 3224 domus
2206 3160 2347 3224 ulla

333 3270 452 3313 nec
506 3249 663 3313 urbs
721 3251 893 3312 stare
947 3245 1216 3332 poterit,
1277 3268 1360 3311 ne
1425 3247 1568 3333 agri
1628 3247 1885 3332 quidem
1939 3248 2151 3313 cultus
2207 3269 2346 3331 per-

336 3336 641 3401 manebit.
729 3334 807 3398 Id
854 3335 910 3400 si
954 3335 1166 3399 minus
1211 3334 1643 3420 intellegitur,
1698 3340 1942 3420 quanta
1984 3336 2084 3401 vis
2131 3336 2346 3402 amici-
2373 3351 2427 3393 ³⁵

336 3423 467 3486 tiae
504 3423 1003 3507 concordiaeque
1042 3423 1147 3505 sit,
1193 3444 1269 3487 ex
1315 3422 1822 3488 dissensionibus
1861 3429 2054 3508 atque
2101 3446 2177 3487 ex
2226 3424 2348 3488 dis-

337 3508 570 3572 cordiis
607 3511 885 3593 perspici
922 3513 1157 3594 potest.
1221 3508 1397 3585 Quae
1436 3510 1606 3576 enim
1645 3511 1870 3576 domus
1905 3515 2042 3577 tam
2071 3512 2349 3596 stabilis,

229 2332 297 2382 2³
