2630 3913
669 209 1090 265 POEMATUM.
1128 209 1195 264 Η.
1234 209 1311 263 IV
1346 209 1384 263 b
1420 227 1471 264 v.
1511 215 1805 265 «ως-276.
2116 206 2245 272 389

241 372 561 454 Increpuit
602 373 868 436 crociens
911 372 1113 436 densis
1156 373 1449 436 exercitus
1492 373 1630 436 alis.
1661 428 1668 434 .
2142 386 2246 434 240

247 461 415 524 Tunc
458 465 813 524 mansuetae
855 465 1091 537 anates,
1136 465 1317 542 atque
1360 462 1532 524 intra
1576 459 1800 523 limina
1841 459 2054 541 doyens

246 548 553 614 Graculus
597 548 866 612 assiduis
908 550 1200 629 quatiunt
1239 548 1621 630 suyyrundia
1651 548 1909 629 pennis:

248 637 416 701 Tunc
455 637 686 716 fulicae
728 637 972 718 maynis
1004 641 1268 718 poscunt
1308 637 1676 700 clamoribus
1717 636 1934 701 undas.

243 725 415 789 Haec
455 744 561 807 ne,
603 725 661 789 si
692 724 948 805 pluviae
990 725 1190 805 cupies
1234 744 1574 807 cognoscere
1615 729 1862 808 sortm,

244 813 596 894 Despicias‚
638 831 747 876 nec
790 833 928 876 cum
972 813 1147 876 solito
1190 813 1526 877 maioribus
1569 814 1742 877 ausis
2147 826 2249 874 245

242 901 635 982 Purpureum
678 920 920 965 muscae
963 905 1197 965 certant
1236 901 1490 964 haurire
1532 921 1836 964 cruorem:

242 990 376 1054 Aut
417 994 587 1053 nocte
631 989 939 1069 incipiunt
967 994 1184 1070 putres
1229 1009 1591 1053 concrescere
1630 990 1832 1071 smmi,

243 1077 511 1141 Ardenti
552 1077 623 1140 in
668 1081 851 1141 testa:
890 1077 1126 1159 qelidae
1167 1078 1259 1141 vel
1303 1083 1563 1159 tempore
1606 1077 1886 1160 brumae,

244 1166 431 1230 Nunc
472 1185 535 1230 se
577 1165 863 1229 submisit
902 1166 1189 1230 sublimes
1231 1167 1419 1230 ardor
1461 1167 1531 1228 in
1574 1184 1792 1246 auras,

242 1254 334 1318 Et
373 1273 538 1317 nunc
582 1254 860 1318 deciduos
902 1255 1071 1335 iynes
1113 1273 1391 1318 vomuere
1435 1255 1713 1318 lucernae
2149 1267 2250 1317 250

243 1341 560 1422 Ampullis
602 1343 859 1424 similes,
904 1347 1174 1406 tenuesve
1216 1362 1259 1404 a
1304 1343 1534 1407 lumine
1576 1362 1812 1406 summo

242 1429 599 1495 Dimanant
640 1430 835 1506 radii,
880 1449 988 1494 seu
1027 1431 1185 1510 forte
1228 1435 1454 1494 aestate
1496 1449 1708 1494 serena

246 1517 601 1618 Conspicias
643 1520 863 1583 densas
907 1524 1166 1582 anatum
1209 1518 1463 1582 volitare
1507 1523 1810 1582 catervas:

242 1606 383 1670 Aut
422 1606 557 1686 iyni
598 1607 911 1688 affositas
954 1607 1144 1670 multo
1188 1627 1327 1670 cum
1373 1607 1602 1670 lumine
1644 1606 1840 1670 cernis

244 1693 600 1760 Scintillare
643 1694 823 1773 ollas,
867 1699 926 1758 et
966 1695 1156 1759 multo
1201 1715 1275 1759 ex
1317 1715 1455 1758 aere
1501 1695 1736 1759 lebetes:
2149 1709 2252 1758 255

241 1782 330 1846 In
376 1783 636 1846 cinerive
677 1783 841 1848 violes
883 1783 1108 1848 rutilas
1151 1784 1407 1847 carbone
1451 1785 1670 1864 tepenti

243 1869 557 1949 Effervere
598 1875 803 1952 notas,
845 1871 1053 1950 forma
1094 1892 1220 1936 non
1263 1873 1507 1952 dispare
1551 1871 1831 1936 cenchris.

241 1960 421 2024 Haec
465 1964 637 2023 catus
681 1960 949 2042 observa,
993 1965 1052 2024 et
1079 1962 1367 2043 pluviam
1409 1981 1655 2042 sperare
1697 1964 2005 2025 memento.

239 2048 482 2127 Infima
524 2048 583 2111 si
625 2049 850 2112 montis
892 2050 1098 2112 videas
1141 2050 1274 2113 sola
1318 2053 1534 2112 cuncta
1579 2049 1835 2113 tenebris

238 2135 338 2201 Et
380 2156 553 2200 caeca
599 2136 827 2200 obvolvi
869 2137 1113 2213 nebula,
1156 2156 1579 2216 summumque
1621 2156 1906 2200 cacumen
2048 2152 2053 2158 ·
2152 2151 2255 2200 260

241 2223 448 2289 Nulla
490 2224 646 2288 nube
678 2226 909 2306 premi,
954 2226 1238 2289 candent-i
1279 2224 1400 2305 fide
1442 2244 1665 2287 seren0.

238 2312 407 2376 Fide
449 2332 655 2377 sereno
701 2314 912 2392 etiam,
945 2314 1130 2395 ponti
1170 2333 1354 2394 super
1397 2332 1663 2392 aequora
1702 2312 1859 2391 ferri

241 2400 485 2464 Nubila
526 2402 585 2464 si
627 2420 863 2484 cernas,
906 2403 1013 2465 sed
1052 2403 1328 2465 nondum
1371 2420 1606 2482 veryere
1647 2400 1717 2463 in
1759 2400 1957 2463 altum

241 2487 372 2551 Ceu
408 2488 622 2570 pelayo
666 2489 970 2554 eminulas
1012 2490 1218 2554 videas
1261 2508 1614 2590 consumere
1654 2508 1850 2568 rupes.

241 2575 405 2639 Cum
446 2579 663 2641 renitet
702 2579 951 2660 sudum,
994 2582 1315 2642 venturam
1359 2578 1601 2659 inquire
1631 2575 1998 2677 procellam:
2153 2590 2254 2640 265

241 2662 517 2745 Cumque
538 2666 810 2746 procella
842 2666 1005 2745 furit
1036 2667 1290 2730 sudum:
1337 2671 1516 2746 atque
1549 2670 1691 2729 ante
1725 2666 1937 2729 omnia
1971 2662 2257 2728 Phatnen

237 2752 495 2835 Aspice,
540 2773 695 2834 quae
739 2754 909 2817 curvi
952 2756 1233 2819 conclusa
1276 2760 1366 2819 est
1406 2755 1598 2818 sidere
1643 2751 1896 2836 Cancri,

237 2839 536 2903 Primum
581 2842 728 2905 adeo
773 2841 1055 2906 abstersis
1099 2863 1236 2906 cum
1275 2843 1471 2924 fulget
1500 2862 1672 2923 pura
1716 2842 2005 2906 tenebris:

236 2926 393 2993 Hac
425 2949 599 3010 pura
641 2930 838 2993 subito
885 2935 1200 3011 tempestas
1243 2930 1498 2995 horrida
1542 2931 1710 2994 cedit.

235 3016 420 3080 Hinc
445 3019 663 3081 tacitae
688 3019 759 3081 in
778 3017 1010 3099 lychnis
1026 3020 1332 3102 flammae,
1360 3019 1766 3099 blandumque
1781 3037 2118 3082 susurrans
2154 3033 2258 3082 270

236 3104 493 3169 Noctua
534 3106 646 3169 sub
691 3108 954 3170 mediam
999 3112 1255 3190 noctem,
1299 3126 1659 3171 marcescere
1700 3107 1926 3171 sensim

233 3193 634 3258 Horrisonas
677 3200 1025 3259 monstrant
1066 3159 1326 3278 hyem'es,
1373 3200 1431 3259 et
1471 3214 1705 3275 vespere
1746 3214 1878 3258 sero

246 3281 408 3346 Voce
452 3301 675 3346 canens
718 3284 899 3346 varia
930 3284 1251 3363 placidum
1296 3283 1607 3349 cornicula
1650 3302 1910 3347 carmen.

235 3369 467 3434 Rauca
511 3371 697 3433 etiam
729 3372 1013 3452 primum
1056 3373 1173 3435 soli
1218 3378 1362 3436 tunc
1406 3392 1734 3435 murmura
1777 3371 1940 3435 corvi

233 3458 672 3541 Inyeminant,
717 3464 775 3522 et
815 3478 878 3524 se
920 3480 1143 3541 mayno
1177 3466 1324 3541 post
1364 3461 1607 3542 aymine
1648 3460 1938 3542 iunyunt,
2156 3474 2259 3523 275

229 3547 450 3630 Atque
494 3546 694 3611 alacri
736 3546 992 3612 subeunt
1032 3553 1334 3613 nocturna
1378 3548 1605 3612 cubilia
1651 3553 1857 3612 turma
