2630 3913
358 177 487 239 334
1133 172 1585 227 FRAGMENTA

358 335 736 418 Crantorem,
780 338 954 400 cuius
987 336 1265 400 volumen
1299 336 1388 399 ad
1419 334 1853 415 confovendum
1888 335 2151 400 dolorem
2193 354 2385 398 suum

357 429 593 490 secutus
636 428 725 489 est
767 423 989 490 Cicero.

491 513 549 577 8.
585 512 868 576 Lactant.
907 513 1047 575 inst.
1093 512 1212 575 div.
1248 510 1385 575 III
1412 515 1512 574 18.
1548 515 1633 575 18
1672 509 1837 589 Quid
1871 508 2149 575 Ciceroni
2190 510 2382 589 facie-
2582 569 2583 584 1

357 599 539 664 mus?
598 602 707 682 qui
759 620 896 664 cum
948 600 1020 663 in
1066 600 1378 680 principio
1424 597 1870 663 Consolationis
1923 618 2071 662 suae
2124 598 2388 662 dixisset
2580 595 2583 694 l

361 690 721 753 luendorum
783 687 1076 751 scelerum
1143 706 1334 751 causa
1393 688 1567 751 nasci
1636 685 1935 767 homines,
2004 687 2252 750 iteravit
2314 687 2388 750 id
2443 705 2471 744 5

361 778 562 857 ipsum
603 779 817 857 postea
868 776 1052 856 quasi
1103 775 1435 856 obiuryans
1487 794 1651 855 eum,
1714 775 1822 856 qui
1874 776 2067 837 vitam
2108 793 2385 855 poenam

358 884 485 928 non
528 882 651 928 esse
682 867 872 944 putet.
945 862 1126 927 Recte
1167 882 1304 944 erqo
1340 862 1668 943 praefatus
1711 867 1800 925 est
1840 881 2043 925 errore
2086 881 2159 925 ac
2202 861 2383 925 mise-

359 950 547 1015 rabili
579 952 853 1015 veritatis
887 951 1243 1033 iynorantia
1276 969 1341 1014 se
1377 950 1582 1013 teneri.
1620 985 1702 994 —
1741 948 1840 1013 Id.
1877 950 1955 1014 ib.
1991 948 2127 1013 III
2152 953 2254 1011 14.
2292 953 2386 1013 20

359 1039 537 1103 Idem
572 1040 640 1103 in
678 1037 1116 1121 Consolatione,
1161 1039 1231 1102 id
1265 1042 1356 1103 cst
1397 1038 1466 1101 in
1510 1057 1682 1118 opere
1724 1057 1847 1100 non
1894 1037 2172 1118 ioculari,
2218 1037 2386 1101 hanc

359 1128 432 1191 de
471 1126 863 1208 philosophia
914 1127 1274 1192 sententiam
1330 1126 1558 1190 tulisti:
1624 1122 1748 1188 Sed
1806 1125 2024 1189 nescio
2091 1123 2203 1207 qui
2256 1146 2381 1188 nos
2416 1145 2466 1183 ιο

364 1218 585 1279 teneat
632 1236 810 1279 error
857 1236 932 1280 ac
976 1212 1366 1277 miserabilis
1411 1212 1741 1297 ignoratio
1787 1213 1940 1276 veri.

494 1303 553 1367 9.
599 1303 698 1368 Id.
741 1304 820 1368 ib.
864 1303 999 1366 III
1026 1309 1124 1366 19.
1161 1308 1244 1366 13
1287 1302 1462 1364 Hinc
1506 1307 1661 1364 nata
1702 1306 1790 1365 est
1832 1302 2040 1381 inepta
2084 1300 2201 1365 illa
2243 1319 2382 1365 sen-

363 1392 568 1473 tentia,
612 1390 772 1456 hanc
806 1411 931 1456 esse
965 1395 1235 1473 mortem,
1270 1409 1458 1470 quam
1493 1409 1605 1454 nos
1639 1390 1832 1453 vitam
1855 1394 2161 1470 putemus,
2198 1388 2385 1452 illam

361 1481 570 1562 vitam,
604 1500 793 1561 quam
826 1499 939 1544 nos
959 1498 1076 1559 pro
1102 1482 1292 1541 morte
1330 1478 1682 1553 timeamus;
1719 1477 1813 1540 ita
1834 1477 2118 1558 primum
2154 1476 2386 1540 bonum

361 1586 483 1632 esse
526 1587 652 1631 non
694 1568 894 1643 nasci,
947 1566 1275 1630 secundum
1330 1566 1510 1629 citius
1562 1566 1724 1630 mori
1731 1585 1752 1640 ,·
1808 1585 1964 1646 quae
2006 1570 2078 1627 ut
2120 1564 2385 1629 maioris
2419 1584 2468 1623 15

361 1656 443 1718 sit
494 1655 903 1735 auctoritatis,
967 1653 1175 1718 Sileno
1237 1654 1616 1717 attribuitur.
1707 1650 1910 1717 Cicero
1964 1653 2037 1716 in
2090 1650 2385 1717 Consola-

363 1743 553 1806 tione:
608 1739 761 1806 Non
804 1740 1011 1824 nasci,
1063 1742 1291 1822 inquit,
1346 1741 1542 1825 longe
1597 1739 1915 1824 optimum
1971 1761 2087 1803 nec
2142 1739 2212 1803 in
2256 1739 2387 1804 hos

364 1830 663 1912 scopulos
705 1828 983 1892 incidere
1019 1828 1210 1910 vitae,
1256 1827 1623 1912 proximum
1663 1831 1897 1909 autem,
1945 1828 2001 1891 si
2035 1830 2231 1890 natus
2272 1828 2386 1911 sie,

364 1938 557 2000 quam
612 1916 894 2001 primum
939 1919 1282 2001 tamquam.
1323 1937 1399 1982 ex
1443 1916 1737 1981 incendio
1782 1915 2009 2002 fugere
2056 1914 2384 1981 fortunae.

364 2004 702 2070 Credidisse
755 2006 936 2069 illum
987 2007 1320 2070 vanissimo
1378 2006 1535 2069 dicto
1599 2006 1814 2069 exinde
1874 2009 2156 2085 apparet,
2220 2007 2392 2086 quod
2416 2024 2471 2063 20

362 2094 583 2158 adiecit
632 2094 874 2175 aliquid
923 2095 995 2157 de
1045 2113 1180 2171 suo,
1233 2097 1306 2156 ut
1357 2098 1618 2157 ornaret.
1665 2128 1745 2139 —
1797 2091 1892 2172 Cf.
1951 2093 2126 2156 Tusc.
2180 2091 2234 2156 I
2280 2098 2385 2158 18.

365 2186 504 2263 114,
547 2181 718 2245 Plut.
763 2182 979 2246 consol.
1026 2182 1113 2245 ad
1153 2181 1438 2262 Apollon.
1484 2201 1531 2246 c.
1577 2184 1669 2245 27
1699 2201 1767 2262 p.
1813 2184 1934 2245 115
1982 2180 2187 2260 Bsqq.

503 2271 599 2333 10.
629 2268 750 2335 Cic.
776 2270 949 2334 Tusc.
968 2269 1131 2334 126.
1152 2272 1232 2333 65
1240 2289 1327 2350 sq.
1346 2267 1464 2332 Sin
1491 2273 1694 2331 autem
1722 2274 1810 2332 est
1833 2269 2052 2348 quinta
2077 2268 2387 2349 quaedam

362 2363 595 2422 natura
645 2358 724 2421 ab
778 2357 1103 2422 Aristotele
1159 2357 1413 2421 inducta
1452 2358 1760 2438 primum,
1824 2355 1968 2419 haec
2020 2361 2077 2418 et
2128 2357 2387 2419 deorum

363 2451 451 2510 est
490 2451 548 2510 et
589 2447 959 2510 animorum.
1048 2444 1239 2508 Hanc
1281 2464 1396 2509 nos
1438 2444 1799 2508 sententiam
1850 2445 2038 2508 secuti
2080 2441 2179 2507 his
2222 2444 2387 2523 ipsis
2415 2461 2473 2501 25

362 2535 556 2599 verbis
599 2536 668 2597 in
705 2532 1128 2598 Consolatione
1165 2533 1602 2612 expressimus:
1652 2530 2035 2595 Animorum
2081 2530 2264 2593 nulla
2312 2531 2388 2594 in

364 2622 554 2686 terris
602 2621 788 2706 origo
832 2619 1110 2684 inveniri
1153 2622 1400 2702 potest3
1452 2618 1617 2681 nihil
1665 2618 1833 2682 enim
1883 2623 1981 2682 est
2027 2618 2096 2681 in
2141 2618 2386 2682 animis

364 2710 639 2773 mixtum
698 2711 891 2791 atque
947 2711 1343 2790 concretum,
1399 2709 1512 2769 aut
1568 2706 1739 2790 quod
1795 2727 1871 2769 ex
1925 2710 2103 2770 terra
2146 2710 2387 2770 natum

365 2801 559 2880 atque
605 2796 827 2860 fictum
876 2816 1015 2859 esse
1061 2794 1371 2875 videatur,
1416 2793 1581 2857 nihil
1627 2815 1707 2857 ne
1756 2797 1869 2857 aut
1913 2794 2205 2857 umidum
2245 2816 2387 2877 qul-

364 2886 509 2949 dem
573 2888 685 2948 aut
749 2883 967 2947 flabile
1033 2885 1145 2947 aut
1208 2882 1490 2966 igneum.
1580 2881 1702 2945 His
1769 2882 1941 2945 enim
1994 2882 2064 2945 in
2124 2883 2389 2946 naturis
2422 2901 2478 2940 so

362 2973 527 3037 nihil
573 2972 767 3053 inest,
817 2971 989 3055 quod
1033 2970 1163 3035 vim
1213 2969 1588 3052 memoriae,
1642 2969 1904 3051 mentia,
1961 2969 2389 3055 cogitationis

364 3061 620 3143 habeat,
672 3059 844 3142 quod
890 3063 956 3123 et
1001 3058 1354 3142 praeterita
1400 3061 1620 3121 teneat
1667 3062 1732 3121 et
1776 3057 1998 3121 futura
2042 3057 2430 3142 provideat'

363 3152 429 3212 et
475 3147 817 3231 complecti
863 3147 1073 3232 possit
1117 3145 1505 3230 praesentia,
1551 3167 1714 3228 quae
1753 3146 1894 3209 sola
1939 3145 2155 3209 divina
2203 3149 2394 3227 sunt3

361 3258 479 3300 nec
514 3235 877 3299 invenietur
914 3256 1239 3318 umquam,
1283 3234 1452 3297 unde
1490 3233 1573 3297 ad
1607 3233 1933 3297 hominem
1972 3232 2191 3297 venire
2236 3255 2395 3318 pos-

363 3322 496 3385 sint
540 3322 668 3385 nisi
715 3344 753 3385 a
799 3323 935 3387 deo.
1010 3320 1373 3407 Singularis
1413 3323 1514 3385 est
1548 3320 1752 3405 igitur
1790 3321 2102 3404 quaedam
2144 3325 2395 3385 natura.
2424 3336 2481 3377 ³⁵

364 3412 557 3490 atque
605 3409 702 3472 vis
751 3409 951 3473 animi
997 3410 1287 3474 seiuncta
1333 3408 1414 3471 ab
1460 3407 1564 3471 his
1619 3408 1879 3472 usitatis
1923 3408 2226 3491 notisque
2272 3431 2394 3472 na-

364 3494 544 3556 buriS.
616 3494 739 3578 Ita,
787 3497 1090 3579 quicquid
1136 3497 1237 3560 est
1276 3495 1460 3578 illud,
1508 3496 1678 3576 quod
1715 3495 1933 3578 sentit,
1980 3496 2151 3578 quod
2191 3497 2399 3580 sapit,
