2630 3913
755 191 886 246 ΜΒ.
926 193 967 247 1.
1025 192 1178 247 CAP.
1217 199 1302 261 23,
1341 200 1425 248 24.
1482 199 1513 259 ς
1551 199 1774 248 *ee-84.
2183 194 2268 256 29

256 353 539 439 reperias
587 354 874 436 multos,
914 354 1147 437 quibus
1203 354 1567 438 periculosa
1622 358 1688 419 et
1741 355 1952 420 calida
1997 355 2270 420 consilia

257 442 491 526 quietis
540 446 605 506 et
649 442 955 527 cogitatis
1015 443 1451 527 splendidiora
1504 447 1571 509 et
1616 443 1866 508 maiora
1908 442 2268 508 videantur.

255 530 627 615 Numquam
683 532 944 595 omnino
1010 532 1276 616 periculi
1341 531 1500 618 fuga
1563 531 2095 596 committendum
2152 535 2291 614 est,⁹
2306 546 2372 598 83

255 623 329 684 ut
381 619 654 684 inbelles
712 619 1049 703 timidique
1105 620 1463 702 videamur,
1518 620 1630 685 sed
1681 620 2059 707 fugiendum
2106 619 2268 684 illud

202 724 228 766 ⁵
255 707 482 791 etiam*
515 729 595 772 ne
634 708 977 772 offeramus
1013 729 1132 772 nos
1170 709 1474 792 periculis
1511 709 1648 774 sine
1696 730 1907 791 causa,
1955 730 2081 792 quo
2128 729 2268 773 esse

253 796 418 861 nihil
455 799 675 880 potest
710 796 995 861 stultius.
1067 794 1476 882 Quapropter
1510 797 1579 861 in
1617 796 1921 862 adeundis
1964 796 2266 882 periculis

254 884 648 950 consuetudo
686 884 1003 949 imitanda
1038 885 1432 950 medicorum
1468 889 1587 970 est,
1633 886 1743 969 qui
1780 887 2011 950 leviter
2048 906 2267 971 aegro-

256 977 471 1038 tantes
518 973 752 1037 leniter
797 977 1042 1056 curant,
1095 973 1502 1058 gravioribus
1549 978 1766 1038 autem
1813 974 2058 1038 morbis
2104 974 2269 1058 peri-

255 1063 507 1127 culosas
528 1062 890 1127 curationes
912 1066 977 1126 et
998 1062 1310 1146 ancipites
1340 1061 1644 1126 adhibere
1672 1066 2009 1148 coguntur.
2056 1060 2268 1138 Quare

183 1169 230 1208 ιο
256 1151 325 1214 111
369 1150 725 1233 tranquillo
773 1154 1229 1235 tempestatem
1285 1150 1623 1215 adversam
1680 1155 1907 1235 optare
1955 1149 2266 1215 dementis

257 1242 373 1321 est,
420 1238 760 1302 subvenire
798 1243 1016 1303 autem
1051 1239 1429 1323 tempestati
1468 1238 1694 1322 quavis
1733 1240 1984 1303 ratione
2022 1238 2269 1323 sapien-

256 1327 362 1410 tis,
407 1348 609 1410 eoque
656 1327 899 1413 magisr
931 1327 987 1390 si
1034 1327 1181 1411 plus
1229 1327 1586 1412 adipiscare
1631 1349 1701 1391 re
1748 1326 2069 1410 explicata
2115 1326 2269 1390 boni

258 1437 450 1500 quam
488 1414 870 1479 addubitata
906 1415 1081 1479 mali.
1139 1415 1545 1480 Periculosae
1584 1420 1798 1480 autem
1829 1437 2043 1479 rerum
2072 1415 2268 1481 actio-

254 1525 368 1569 nes
407 1503 647 1588 partim
683 1503 763 1567 iis
803 1507 993 1587 sunt„
1019 1504 1128 1587 qui
1166 1526 1274 1569 eas
1313 1505 1690 1588 suscipiunt,
1734 1503 1976 1589 partim
2027 1503 2120 1567 rei
2157 1526 2269 1587 pu-

180 1609 229 1649 15
258 1592 481 1657 blicae.
570 1591 865 1675 Itemque
922 1592 1034 1656 alii
1091 1592 1166 1656 de
1222 1593 1385 1677 vita,
1445 1594 1557 1657 alii
1604 1593 1680 1656 de
1728 1592 1940 1678 gloria
1985 1595 2051 1655 et
2095 1591 2268 1655 beni·

255 1680 543 1746 volentia
592 1680 825 1744 civium
881 1680 948 1744 in
1005 1680 1350 1746 discrimen
1403 1684 1733 1746 vocantur.
1823 1679 2267 1763 Promptiores

255 1769 460 1855 igitur
497 1768 802 1833 debemus
840 1789 979 1833 esse
1019 1768 1100 1833 ad
1137 1773 1364 1834 nostra
1399 1769 1687 1855 pericula
1734 1791 1928 1853 quam
1975 1769 2054 1832 ad
2103 1790 2269 1833 com-

257 1857 478 1922 munia
486 1856 942 1940 dimicareque
979 1858 1270 1941 paratius
1310 1857 1387 1923 de
1424 1859 1667 1923 honore
1706 1862 1772 1922 et
1817 1856 2027 1944 gloria
2076 1878 2270 1940 quam

259 1948 335 2012 de
383 1940 611 2012 ceteris
660 1944 1032 2011 commodis.

179 2053 230 2092 ιο
389 2034 644 2099 Inventi
682 2039 898 2100 autem
945 2036 1133 2100 multi
1172 2040 1361 2120 sunt„
1379 2036 1487 2121 qui
1524 2059 1654 2102 non
1693 2035 1884 2102 modo
1914 2036 2269 2120 pecuniam,
2307 2051 2374 2103 84

258 2124 371 2189 sed
417 2123 614 2187 etiam
658 2124 862 2189 vitam
917 2124 1304 2208 profundere
1350 2147 1469 2210 pro
1514 2125 1730 2211 patria
1773 2125 1988 2210 parati
2037 2129 2268 2204 essent,

255 2213 452 2277 iidem
507 2211 754 2298 gloriae
812 2213 1131 2277 iacturam
1186 2234 1267 2277 ne
1334 2214 1669 2278 minimam
1737 2213 1994 2297 quidem
2059 2213 2268 2277 facere

255 2301 528 2383 vellent,
589 2321 670 2364 ne
723 2322 792 2365 re
845 2301 1106 2386 publica
1162 2300 1420 2384 quidem
1478 2301 1882 2386 postulante3
1945 2304 2020 2364 ut
2076 2299 2270 2366 Calli·

257 2388 558 2473 cratidas,
605 2389 714 2472 qui
760 2410 904 2453 cum
948 2388 1603 2454 Lacedaemoniorum
1650 2389 1777 2452 dux
1820 2388 2051 2452 fuisset
2087 2387 2267 2452 Pelo·

177 2495 229 2536 25
257 2477 645 2563 ponnesiaco
690 2477 862 2541 bello
910 2479 1243 2562 multaque
1288 2476 1549 2542 fecisset
1603 2477 1890 2562 egregie,
1944 2476 2143 2540 vertit
2189 2476 2268 2540 ad

258 2570 616 2632 extremum
663 2565 896 2648 omnia,
941 2588 1085 2631 cum
1133 2566 1404 2631 consilio
1450 2588 1578 2632 non
1616 2565 1836 2651 paruit
1872 2586 2126 2646 eorum*
2160 2565 2270 2648 qui

257 2656 530 2720 classem
570 2654 650 2717 ab
689 2653 1037 2740 Arginusis
1082 2653 1538 2720 removendam
1583 2677 1700 2720 nec
1737 2676 1880 2719 cum
1920 2653 2269 2717 Athenien-

260 2743 437 2808 sibus
467 2741 897 2807 dimicandum
933 2744 1280 2828 putabant3
1319 2743 1552 2827 quibus
1580 2744 1689 2808 ille
1718 2741 2053 2828 respondit
2079 2741 2270 2808 Lace·

260 2831 630 2896 daemonios
687 2832 893 2896 classe
948 2832 1067 2896 illa
1113 2832 1355 2896 amissa
1401 2832 1598 2897 aliam
1644 2854 1875 2918 parare
1920 2852 2138 2917 posse,
2200 2852 2269 2895 se

176 2935 229 2975 ⁸0
257 2919 482 3006 fugere
531 2920 668 2983 sine
716 2941 831 2984 suo
881 2919 1184 2985 dedecore
1228 2942 1361 2985 non
1405 2941 1613 3005 posse.
1686 2921 1903 3004 Atque
1940 2920 2099 2984 haec
2137 2919 2270 3002 qui·

259 3007 403 3073 dem
430 3007 954 3073 Lacedaemoniis
982 3010 1182 3093 plaga
1214 3008 1571 3094 mediocris;
1606 3009 1726 3072 illa
1759 3008 2089 3094 pestifera,
2125 3028 2270 3091 qua,

257 3118 402 3162 cum
450 3094 902 3161 Cleombrotus
956 3096 1267 3162 invidiam
1322 3097 1559 3162 timens
1615 3100 1856 3162 temere
1911 3118 2056 3161 cum
2102 3093 2270 3179 Epa·

257 3184 562 3249 minonda
589 3184 1000 3270 conflixisset,
1025 3185 1678 3251 Lacedaemoniorum
1700 3206 1851 3270 opes
1874 3187 2269 3249 corruerunt.

257 3271 515 3348 Quanto
562 3271 634 3348 Q.
680 3272 1003 3338 Maximus
1051 3275 1308 3339 melius!
1359 3272 1435 3338 de
1484 3296 1609 3357 quo
1657 3273 1932 3337 Ennius.

175 3374 229 3416 ³⁶
345 3359 555 3426 Unus
601 3361 825 3425 homo
870 3362 1094 3426 nobis
1142 3363 1569 3427 cunctando
1617 3361 1974 3426 restituit
2017 3382 2188 3425 rem.

344 3445 687 3514 Noenum
731 3471 1078 3515 rumores
1124 3451 1452 3536 ponebat
1498 3454 1674 3515 ante
1721 3451 2069 3515 salutem.

343 3536 549 3622 Ergo
578 3541 906 3622 postque
927 3539 1328 3624 magisque
1349 3539 1713 3603 virinunc
1733 3538 2270 3624 gloriaclaret.
