2630 3913
309 208 437 271 396
1082 204 1534 259 FRAGMENTA

394 369 701 433 Partibus
747 367 1032 431 intonuit
1076 367 1237 432 caeli
1284 371 1472 451 pater
1517 368 1656 451 ipse
1705 366 2005 430 sinistri&

395 456 500 523 Sic
547 457 801 540 aquilae
848 456 1092 520 clarum
1137 455 1423 519 firmavit
1464 455 1760 539 Iuppiter
1806 476 2011 519 omen.

439 547 499 610 3.
545 546 770 610 Isidor.
810 543 977 625 Oriy.
1014 544 1198 607 XIX
1229 550 1284 607 1.
1326 549 1414 608 20
1444 545 1513 625 p.
1550 548 1675 608 583
1714 542 1851 608 Otto
1889 542 2104 608 ‘Paro'
2150 544 2325 608 navi·

305 636 477 716 yium
501 635 864 714 piratarum
896 633 1042 696 usui
1077 637 1289 712 aptum
1328 636 1387 696 et
1409 652 1484 696 ex
1510 633 1590 696 iis
1616 633 1709 695 ita
1734 637 2027 696 vocatum.
2080 630 2289 697 Cicero
2299 654 2323 697 .·

484 721 662 786 Tunc
709 742 777 786 se
821 720 1156 805 fluctigero
1204 720 1408 784 tradit
1453 719 1844 804 mandatque
1892 720 2139 804 paroni.
2388 737 2414 776 ⁵

441 812 500 874 4.
549 809 669 875 Cic.
714 809 846 873 Att.
890 808 981 872 ΙΙ
1017 812 1113 872 15.
1158 813 1201 873 3
1243 809 1381 890 Eyo
1424 829 1562 873 vero

482 896 560 961 In
606 897 847 961 montis
892 897 1141 981 patrios
1188 900 1255 960 et
1301 896 1383 960 ad
1427 897 1820 961 incunabula
1864 899 2091 960 nostra

482 985 778 1071 Pergam.

818 1203 891 1262 X.
953 1201 1061 1259 DE
1110 1199 1588 1260 CONSULATU
1635 1199 1804 1260 SUO.

309 1336 358 1374 a.
409 1316 854 1373 TESTIMONIA
889 1310 984 1371 ET
1010 1315 1463 1370 FRAGMENTA
1492 1314 2001 1370 COMMENTARII
2032 1316 2321 1373 GRAECI.
2358 1314 2412 1353 ¹⁰

447 1430 502 1493 1.
549 1426 672 1494 Cic.
715 1427 847 1491 Att.
888 1426 936 1489 I
964 1431 1063 1490 19.
1107 1431 1188 1490 10
1233 1425 1753 1491 Commentarium
1806 1425 2158 1491 consulatus
2203 1429 2328 1491 mei

312 1516 543 1582 Graece
577 1516 971 1596 compositum
1006 1515 1152 1579 misi
1185 1514 1273 1579 ad
1304 1519 1375 1591 te,
1420 1515 1490 1577 in
1533 1533 1651 1595 quo
1694 1515 1753 1578 si
1795 1515 1947 1595 quid
1987 1516 2120 1596 erit,
2163 1517 2331 1596 quod

310 1605 546 1671 homini
579 1603 786 1668 Attico
823 1604 1030 1668 minus
1067 1599 1372 1667 Graecum
1406 1603 1827 1683 eruditumque
1859 1603 2155 1679 videatur,
2198 1623 2327 1668 non

310 1696 530 1776 dicam,
574 1693 736 1774 quod
778 1692 903 1775 tibi,
945 1696 1018 1755 ut
1059 1692 1301 1773 opinor,
1347 1690 1691 1754 Panhormi
1733 1690 2032 1755 Lucullus
2075 1692 2149 1755 de
2190 1693 2327 1756 suis

309 1782 584 1848 historiis
628 1782 895 1860 dixerat,
942 1799 1029 1862 se,
1081 1799 1200 1860 quo
1239 1779 1494 1859 facilius
1536 1778 1684 1843 illas
1718 1779 2007 1859 probaret
2047 1778 2327 1844 Romani
2358 1800 2410 1838 ιε,

311 1870 579 1935 hominis
622 1887 761 1951 esse,
803 1868 1027 1932 idcirco
1068 1866 1335 1931 barbara
1378 1868 1676 1949 quaedam
1721 1872 1781 1931 et
1820 1867 2047 1931 soloeca
2091 1869 2323 1949 disper—

310 1961 490 2034 sisse,·
544 1956 715 2038 apud
763 1976 858 2020 me
908 1956 966 2020 si
1016 1956 1169 2036 quid
1216 1956 1336 2020 erit
1381 1956 1511 2021 eius
1562 1956 1753 2034 modi,
1807 1977 1902 2020 me
1944 1958 2328 2037 imprudente

311 2049 430 2112 erit
470 2050 529 2110 et
570 2046 777 2108 invito.
840 2044 1141 2109 Latinum
1184 2046 1243 2109 si
1273 2044 1599 2128 perfecero,
1642 2046 1728 2109 ad
1763 2049 1816 2109 te
1850 2046 2108 2109 mittam.
2178 2046 2325 2109 Ter-

314 2138 469 2200 tium
502 2137 726 2216 poe’ma
769 2138 1118 2217 exspectate,
1161 2154 1238 2198 ne
1279 2134 1444 2215 quod
1477 2153 1669 2215 yenus
1714 2153 1757 2196 a
1799 2153 1894 2210 me
1937 2134 2070 2214 ipso
2117 2133 2326 2198 laudis

313 2244 481 2289 meae
513 2223 1060 2305 praetermittatur.
2355 2244 2411 2282 20

443 2313 503 2376 2.
558 2310 680 2377 Cic.
732 2310 864 2374 Att.
917 2310 968 2374 I
1011 2314 1116 2376 20.
1168 2315 1210 2373 6
1261 2308 1364 2373 De
1424 2310 1574 2373 meis
1633 2311 1878 2390 scriptis
1934 2310 2080 2374 misi
2132 2311 2220 2375 ad
2271 2315 2327 2374 te

315 2401 545 2466 Graece
569 2399 906 2481 perfectum
941 2398 1322 2463 consulatum
1357 2417 1589 2474 meum,·
1634 2418 1771 2462 eum
1810 2398 2034 2462 librum
2067 2397 2145 2462 L.
2182 2397 2324 2463 Cos-

311 2491 473 2555 sinio
517 2489 672 2553 dedi.
761 2487 922 2552 Puto
977 2492 1033 2551 te
1075 2487 1327 2550 Latinis
1369 2487 1519 2550 meis
1571 2486 1884 2568 delectari,
1933 2486 2076 2550 huic
2118 2492 2327 2551 autem

315 2577 547 2641 Graeco
592 2575 897 2641 Graecum
940 2575 1221 2639 invidere.
1309 2572 1452 2638 Alii
1494 2574 1551 2638 si
1585 2576 1972 2656 scripserint,
2014 2575 2326 2640 mittemus

312 2667 397 2730 ad
439 2670 508 2742 te,
553 2665 671 2746 sed,
716 2663 870 2726 mihi
913 2663 1096 2745 crede,
1141 2662 1331 2727 simul
1365 2667 1543 2744 atque
1576 2662 1686 2726 hoc
1720 2667 2000 2727 nostrum
2037 2663 2323 2746 leyerunt,
2353 2684 2411 2724 25

311 2754 506 2818 nescio
550 2772 667 2833 quo
699 2754 882 2833 pacto
926 2752 1341 2815 retardantur.

446 2841 506 2906 3.
544 2839 666 2906 Cic.
703 2839 833 2905 Att.
870 2838 958 2903 ΙΙ
980 2844 1036 2903 1.
1063 2846 1199 2920 Isq.
1227 2839 1378 2903 Kal.
1414 2838 1626 2903 Iuniis
1662 2841 1831 2903 eunti
1865 2838 2021 2903 mihi
2055 2839 2325 2903 Antium

312 2936 369 2994 et
405 2930 779 3013 ¹qladiatores
814 2926 910 2993 M.
939 2928 1174 2993 Metelli
1217 2928 1431 3009 cwpide
1472 2928 1836 3009 relinquenti
1878 2928 2042 2993 venit
2083 2928 2326 2991 obviam

313 3024 454 3083 tuus
486 3038 677 3099 puer;
721 3018 780 3081 is
823 3015 978 3080 mihi
1022 3017 1254 3081 litteras
1297 3016 1407 3081 abs
1450 3021 1506 3080 te
1540 3020 1599 3080 et
1639 3017 2139 3081 commentarium
2184 3036 2325 3080 con-

310 3108 550 3172 sulatus
601 3106 721 3169 mei
775 3104 1004 3170 Graece
1054 3106 1350 3186 scriptum
1401 3105 1668 3170 reddidit
1675 3125 1697 3181 ;
1759 3106 1831 3169 in
1889 3125 2008 3187 quo
2062 3105 2325 3168 laetatus
2355 3124 2408 3164 30

309 3214 450 3260 sum
493 3215 588 3258 me
622 3194 939 3274 aliquanto
974 3197 1117 3257 ante
1149 3194 1223 3258 de
1254 3194 1447 3257 isdem
1481 3193 1658 3258 rebus
1694 3192 1922 3258 Graece
1954 3194 2099 3257 item
2134 3194 2324 3274 scrip-

313 3287 442 3347 tum
481 3283 705 3346 librum
739 3281 814 3345 L.
852 3280 1127 3347 Cossinio
1160 3283 1249 3346 ad
1289 3287 1345 3345 te
1375 3282 1821 3363 perferundum
1863 3282 2126 3358 dedisse‚·
2171 3300 2325 3345 nam

309 3371 367 3433 si
400 3389 502 3451 eqo
540 3374 715 3433 tuum
749 3375 892 3434 ante
928 3371 1211 3452 leyissem,
1245 3370 1529 3449 furatum
1564 3390 1660 3434 me
1692 3371 1801 3435 abs
1837 3375 1893 3434 te
1925 3390 2050 3435 esse
2083 3370 2323 3434 diceres.

320 3489 396 3499 -—
429 3491 510 3503 —-
541 3457 725 3521 Meus
750 3462 954 3522 autem
983 3458 1131 3522 liber
1167 3463 1359 3522 totum
1384 3458 1648 3524 Isocrati
1683 3458 2117 3541 myrothecium
2144 3463 2325 3539 atque

310 3542 510 3603 omnis
544 3544 674 3606 eius
708 3544 1146 3625 discipulorum
1181 3547 1429 3611 arculas
1463 3567 1536 3611 ac
1576 3566 1705 3611 non
1748 3545 1908 3611 nihil
1952 3548 2138 3611 etiam
2172 3547 2323 3610 Ari·
2351 3563 2404 3602 ω
