2630 3913
337 209 460 272 124
1110 206 1209 261 DE
1247 207 1544 262 OFFICIIS

326 369 580 435 videtur
623 369 994 453 honestum,
1039 368 1458 434 conservandi
1502 368 1662 433 iuris
1707 368 1961 434 iurandi
2005 391 2201 435 causa
2247 371 2328 435 ad

326 458 680 523 cruciatum
716 457 1091 540 revertisse3
1136 457 1248 522 sed
1282 457 1360 521 fit
1394 477 1525 522 non
1561 456 1924 540 honestum,
1963 458 2130 542 quia,
2159 459 2328 542 quod

327 567 443 630 per
478 547 610 611 vim
647 545 934 610 hostium
972 548 1143 610 esset
1189 547 1423 629 actum,
1467 548 1683 609 ratum
1721 566 1861 610 esse
1895 567 2026 610 non
2066 545 2326 610 debuit'.

326 633 590 699 Addunt
636 634 849 718 etiam,
895 632 1196 717 quicquid
1240 633 1428 697 valde
1471 632 1633 696 utile
1679 633 1793 717 sit,
1839 632 1908 697 id
1951 634 2092 698 fieri
2136 634 2327 699 hone-

326 726 518 804 stum,
564 721 821 786 etiamsi
865 724 1056 786 antea
1099 742 1229 786 non
1273 720 1614 786 videretur.
1702 720 1881 786 Haec
1914 720 2050 786 fere
2101 726 2327 788 contra
2378 740 2408 781 ε

326 810 667 895 Regulum.
757 807 882 874 Sed
925 810 1137 894 prima
1179 809 1527 874 videamus,

459 896 633 962 ‘Non
664 897 792 962 fuit
825 896 1118 983 Iuppiter
1154 897 1531 962 metuendus
1556 918 1639 961 ne
1665 896 1871 962 iratus
1899 901 2178 982 noceret,
2215 900 2325 983 qui

324 1007 530 1069 neque
565 986 757 1050 irasci
787 986 954 1050 solet
988 1006 1105 1050 nec
1139 984 1410 1050 nocere?
1483 984 1660 1050 Haec
1697 985 1953 1069 quidem
1989 985 2156 1051 ratio
2193 1008 2323 1052 non

325 1075 537 1159 magis
582 1077 808 1139 contra
854 1073 1090 1160 Reguli
1128 1095 1321 1157 quam
1359 1076 1585 1138 contra
1622 1094 1810 1138 omne
1846 1073 1946 1138 ius
1983 1073 2323 1139 iurandum

324 1162 518 1227 valet.
607 1160 731 1227 Sed
775 1162 843 1226 in
888 1162 1026 1226 iure
1070 1161 1340 1226 iurando
1385 1183 1516 1227 non
1563 1161 1673 1245 qui
1717 1165 1956 1246 metus,
2002 1163 2114 1227 sed
2160 1184 2323 1246 quae
2353 1182 2407 1222 ιο

324 1250 423 1315 vis
469 1251 574 1334 sit,
620 1249 812 1315 debet
854 1250 1177 1335 intellegi3
1230 1253 1331 1315 est
1384 1249 1555 1315 enim
1608 1249 1708 1314 ius
1754 1212 2094 1314 iuran’dum
2141 1251 2325 1314 adfir-

327 1339 526 1404 matio
556 1339 891 1425 religiosa3
938 1337 1108 1423 quod
1145 1342 1363 1403 autem
1400 1337 1738 1403 adfirmate
1777 1338 1963 1422 quasi
2002 1338 2118 1403 deo
2156 1343 2323 1403 teste
2390 1381 2401 1392 ·

323 1426 716 1511 promiseriS,
760 1426 827 1490 id
873 1424 1216 1490 tenendum
1262 1430 1379 1491 est.
1466 1424 1607 1492 Iam
1654 1424 1824 1490 enim
1869 1447 1999 1491 non
2043 1426 2177 1490 ad
2159 1449 2321 1491 1ram

325 1515 606 1599 deorum,
650 1536 814 1598 quae
858 1515 1040 1579 nulla
1085 1518 1204 1598 est,
1248 1513 1360 1578 sed
1405 1512 1487 1578 ad
1531 1513 1848 1578 iustitiam
1895 1517 1962 1578 et
2005 1513 2088 1579 ad
2133 1515 2324 1579 fidem

321 1604 620 1690 pertinet.
708 1600 880 1666 Nam
925 1603 1254 1687 praeclare
1297 1600 1571 1666 Ennius:
2354 1620 2407 1660 15

412 1675 466 1757 O
519 1689 752 1754 Fides
816 1691 1019 1755 alma
1074 1690 1260 1775 apta
1312 1689 1575 1773 pinnis
1631 1691 1707 1754 et
1750 1689 1867 1754 ius
1921 1690 2322 1756 iurandum

1825 1777 2056 1844 Iovis!

322 1865 500 1941 Qui
482 1888 581 1930 ius
618 1866 823 1951 igitur
856 1865 1196 1931 iurandum
1232 1864 1520 1949 violat,
1500 1887 1556 1930 1s
1592 1865 1813 1930 Fidem
1851 1866 2080 1951 violat,
2129 1889 2319 1951 quam

320 1955 390 2019 in
443 1952 768 2039 Capitolio
838 1953 1146 2020 ‘vicinam
1208 1952 1383 2019 Iovis
1452 1953 1684 2040 optimi
1737 1953 2001 2020 maximi
2011 1954 2052 2039 ',
2114 1960 2189 2021 ut
2254 1956 2321 2021 in

322 2043 589 2109 Catonis
648 2042 941 2108 oratione
995 2046 1120 2127 est,
1182 2043 1460 2107 maiores
1512 2042 1722 2107 nostri
1777 2064 1915 2107 esse
1959 2044 2320 2109 voluerunt.

222 2148 318 2198 105
347 2131 441 2195 At
486 2130 656 2195 enim
701 2152 782 2195 ne
824 2132 1030 2196 iratus
1074 2130 1331 2215 quidem
1373 2129 1667 2215 Iuppiter
1718 2131 1866 2216 plus
1912 2130 2164 2217 Regulo
2209 2154 2320 2197 no·
2348 2149 2404 2188 2⁰

322 2219 576 2304 cuisset,
616 2241 809 2303 quam
844 2219 971 2285 sibi
1010 2220 1230 2285 nocuit
1265 2220 1403 2304 ipse
1439 2219 1745 2304 Regulus.
1809 2217 2018 2303 Certe,
2063 2220 2121 2285 si
2155 2220 2316 2287 nihil

321 2308 565 2373 malum
611 2311 783 2373 esset
825 2308 953 2373 nisi
998 2308 1229 2372 dolere.
1319 2307 1395 2372 Id
1440 2311 1656 2373 autem
1708 2329 1841 2372 non
1886 2307 2076 2372 modo
2135 2310 2317 2390 [non]

321 2418 643 2461 summum
688 2397 951 2480 malum,
996 2396 1108 2461 sed
1149 2418 1232 2460 ne
1278 2396 1522 2461 malum
1565 2395 1822 2479 quidem
1859 2416 2000 2460 esse
2037 2396 2318 2461 maxima

321 2485 707 2550 auctoritate
750 2484 1125 2570 philosophi
1170 2484 1530 2549 adfirmant.
1603 2482 1888 2558 Quorum
1934 2483 2191 2568 quidem
2228 2490 2316 2549 te-

321 2577 487 2637 stem
531 2594 663 2637 non
707 2573 1119 2657 mediocrem,
1172 2571 1284 2637 sed
1328 2571 1501 2636 haud
1554 2571 1686 2636 scio
1734 2593 1818 2636 an
1862 2572 2316 2674 gravissimum
2347 2588 2401 2629 2⁵

318 2659 644 2745 Regulum
687 2660 908 2745 nolite,
956 2680 1211 2745 quaeso,
1255 2660 1639 2743 vituperare
1713 2657 1916 2735 Quem
1945 2659 2114 2726 enim
2149 2662 2317 2727 locu-

317 2747 660 2833 pletiorem
706 2748 1071 2831 quaerimus
1118 2769 1310 2831 quam
1355 2747 1709 2831 principem
1753 2747 1979 2832 populi
2023 2748 2318 2833 Romani,

320 2835 430 2920 qui
475 2835 794 2900 retinendi
842 2835 1038 2901 officii
1082 2857 1299 2901 causa
1320 2834 1672 2901 cruciatum
1719 2836 1990 2900 subierit
2024 2838 2315 2902 volunta-

319 2922 531 2989 rium?
576 2922 747 2988 Nam
797 2924 966 3008 quod
1011 2923 1219 2989 aiunt.
1268 2922 1559 2988 ‘minima
1604 2922 1681 2988 de
1727 2923 1941 2988 malis'
1942 2974 1960 3008 ,
2004 2923 2072 2989 id
2108 2930 2208 2990 est
2242 2931 2317 2990 ut

318 3011 598 3097 turpiter
642 3012 857 3096 potius
906 3034 1099 3097 quam
1146 3012 1539 3096 calamitose,
1585 3034 1670 3076 an
1715 3016 1814 3076 est
1858 3012 2065 3076 ullum
2105 3013 2314 3078 maius
2344 3029 2400 3070 ³⁰

282 3100 564 3165 ·malum
609 3101 1052 3186 turpitudine?
1116 3122 1279 3185 quae
1338 3100 1395 3165 si
1439 3100 1508 3163 in
1562 3098 1972 3165 deformitate
2026 3102 2314 3186 corporis

318 3189 517 3253 habet
580 3188 825 3273 aliquid
880 3188 1277 3273 offensionis,
1343 3192 1585 3274 quanta
1641 3188 1760 3253 illa
1814 3188 2189 3273 depravatio
2249 3193 2315 3254 et

219 3293 313 3341 106
344 3275 621 3341 foeditas
667 3277 1021 3363 turpificati
1065 3277 1264 3343 animi
1309 3276 1502 3342 debet
1535 3276 1765 3341 videri!
1819 3276 2048 3360 Itaque
2091 3299 2315 3343 nervo-

318 3364 450 3428 sius
498 3366 608 3448 qui
661 3365 791 3430 ista
845 3366 1192 3450 disserunt,
1252 3366 1464 3431 solum
1517 3364 1755 3430 audent
1807 3365 2052 3430 malum
2109 3365 2314 3431 dicere

317 3450 400 3532 id,
446 3451 615 3533 quod
661 3455 848 3537 turpe
894 3454 997 3537 sit,
1044 3453 1153 3537 qui
1199 3458 1414 3520 autem
1455 3452 1803 3538 remissius,
1846 3453 1895 3517 ii
1931 3457 2149 3518 tamen
2183 3475 2315 3519 non
2344 3471 2399 3511 ³⁵

318 3536 619 3601 dubitant
664 3560 984 3605 summum
1030 3542 1274 3606 malum
1321 3540 1543 3605 dicere.
1606 3539 1778 3605 Nam
1823 3540 1986 3605 illud
2032 3541 2313 3625 quidem.

221 870 305 934 29

222 959 322 1009 104
