2630 3913
783 188 917 243 LIB.
955 189 1027 245 II.
1091 188 1243 244 CAP.
1286 194 1509 244 11—13.
1574 193 1604 253 ἓ
1641 195 1867 242 40-45.
2235 189 2312 252 71

307 352 493 417 81311316
541 356 640 416 6813
685 374 831 417 611111
877 352 1021 436 ipsa
1065 373 1182 436 per
1228 373 1368 415 sese
1425 351 1605 436 (nam
1653 351 1844 415 aliter
1888 351 2142 415 iustitia
2185 373 2319 416 non

304 439 528 527 esset),
565 444 706 504 tum
734 445 1001 525 propter
1036 439 1610 523 amplificationem
1645 439 1910 504 honoris
1948 444 2014 504 et
2051 439 2318 525 gloriae.

306 529 432 594 Sed
459 533 535 593 ut
561 529 870 613 pecuniae
898 550 1031 593 non
1059 527 1461 612 quaerendae
1491 528 1702 592 solum
1737 527 1907 592 ratio
1944 532 2064 611 est,
2092 549 2318 592 verum

307 618 507 682 etiam
543 616 983 700 collocandae,
1020 638 1181 717 quae
1218 619 1568 701 perpetuos
1606 620 1902 700 sumptus
1931 616 2318 717 suppeditet,

252 724 280 762 ⁶
305 728 425 770 nec
472 706 684 770 solum
730 705 1155 788 necessarios,
1202 704 1315 768 sed
1363 704 1559 769 etiam
1607 704 1939 787 liberales,
1977 704 2068 770 sic
2106 704 2318 789 gloria

306 801 374 858 et
420 793 784 877 quaerenda
839 798 905 858 et
960 793 1337 858 collocanda
1389 793 1641 857 ratione
1697 797 1813 857 6813.
1911 792 2315 877 Quamquam
2354 809 2423 858 43

305 883 636 967 praeclare
682 880 982 947 Socrates
1036 881 1205 946 hanc
1258 882 1435 945 viam
1490 882 1572 946 ad
1627 882 1906 983 gloriam
1951 882 2317 967 proximam

307 975 374 1034 et
411 971 599 1054 quasi
635 970 1181 1055 compendiariam
1219 969 1474 1034 dicebat
1510 990 1669 1052 esse,
1700 969 1756 1033 si
1794 969 1935 1053 quis
1974 970 2039 1034 id
2076 975 2318 1072 ageret,

306 1063 407 1142 ut,
464 1059 675 1142 qualis
730 1060 960 1123 haberi
1013 1059 1238 1140 vellet,
1294 1058 1450 1122 talis
1506 1061 1695 1122 esset.
1785 1057 2028 1132 Quodsi
2075 1059 2184 1142 qui
2231 1060 2317 1123 si-

226 1165 279 1203 ιο
307 1147 666 1212 mulationc
732 1151 798 1210 et
858 1147 1037 1211 inani
1092 1146 1531 1210 ostentatione
1596 1149 1661 1210 et
1722 1147 1875 1211 ficto
1938 1168 2070 1211 non
2124 1147 2316 1212 modo

308 1257 629 1319 sermone,
683 1236 794 1300 sed
850 1235 1049 1299 etiam
1102 1235 1283 1299 voltu
1349 1234 1653 1298 stabilem
1710 1256 1777 1297 se
1834 1234 2113 1319 gloriam
2168 1258 2319 1301 con-

309 1324 491 1407 sequi
542 1346 734 1409 posse
787 1328 1037 1407 rentur,
1089 1322 1507 1387 vehementer
1561 1326 1797 1387 errant.
1886 1321 2060 1387 Vera
2106 1324 2318 1408 gloria

307 1412 552 1477 radices
608 1413 747 1498 agit
803 1415 996 1496 atque
1051 1411 1248 1475 etiam
1295 1414 1715 1496 propagatur,
1759 1411 1915 1476 ficta
1960 1411 2178 1475 omnia
2222 1434 2318 1476 66-

306 1501 528 1566 16111361
572 1504 908 1584 tamquam
948 1499 1201 1564 flosculi
1248 1499 1565 1581 decidunt,
1608 1521 1726 1564 1166
1763 1499 2141 1564 8111111161311111
2177 1505 2319 1584 pot·

223 1605 277 1645 1⁵
306 1593 407 1654 est
454 1589 797 1673 quicquam
844 1611 984 1653 esse
1039 1589 1430 1652 diuturnum.
1519 1587 1747 1652 Testes
1803 1592 1956 1652 sunt
2009 1589 2335 1671 permulti,

303 1679 374 1742 in
417 1681 760 1761 utramque
804 1680 1086 1763 partem,
1124 1677 1237 1741 sed
1271 1676 1613 1742 brevitatis
1651 1697 1846 1741 661186
1879 1677 2132 1740 familia
2168 1698 2317 1741 con·

303 1766 471 1831 tenti
526 1766 762 1830 erimus
818 1788 965 1830 una.
1063 1764 1158 1829 Ti.
1206 1764 1378 1830 enim
1425 1764 1752 1830 Gracchus
1798 1764 1867 1828 P.
1914 1765 1959 1827 f.
2015 1769 2153 1829 tam
2208 1765 2317 1830 diu

302 1854 695 1937 laudabitur,
731 1854 883 1919 dum
920 1854 1233 1919 memoria
1268 1876 1484 1918 rerum
1521 1853 1962 1919 Romanarum
1999 1854 2319 1937 manebit3

304 1948 376 2009 at
441 1943 577 2009 61118
639 1942 761 2008 11111
823 1965 943 2008 1166
996 1943 1128 2009 vivi
1182 1942 1628 2028 probabantur
1691 1942 1880 2008 bonis
1947 1946 2012 2007 et
2077 1943 2317 2008 mortui

223 2049 278 2087 80
305 2054 645 2098 numerum
693 2032 993 2116 optinent
1026 2032 1165 2097 iure
1203 2053 1554 2096 caesorum
1628 2030 1751 2106 Qui
1795 2031 2000 2116 igitur
2046 2032 2316 2116 adipisci
2342 2034 2420 2098 13

305 2143 523 2186 veram
580 2121 859 2206 gloriam
911 2120 1115 2204 volet,
1169 2120 1458 2184 iustitiae
1511 2119 1824 2220 fungatur
1879 2119 2128 2185 officiis
2217 2120 2317 2185 Ea

311 2230 472 2291 quae
517 2213 759 2293 essent,
807 2209 1049 2273 dictum
1094 2211 1197 2272 6813
1240 2208 1310 2271 111
1355 2208 1522 2272 libro
1569 2208 1915 2292 superiore.

484 2295 605 2363 Sed
650 2302 725 2362 ut
768 2297 1097 2381 facillime,
1144 2296 1367 2397 quales
1416 2295 1634 2378 81111118,
1678 2296 1846 2359 136168
1885 2316 2025 2359 6886
2061 2296 2278 2361 videa·
2292 2278 2421 2403 (1434)

310 2407 471 2469 mur,
514 2386 637 2451 etsi
680 2386 750 2449 in
796 2407 870 2450 60
917 2386 1060 2469 ipso
1106 2385 1205 2449 vis
1253 2384 1534 2449 maxima
1580 2386 1705 2466 est,
1750 2387 1824 2447 ut
1861 2382 2061 2446 simus
2100 2384 2164 2466 ii,
2204 2406 2314 2468 qul

225 2488 278 2528 8⁵
307 2474 533 2538 haberi
567 2474 875 2557 velimu8,
911 2478 1132 2538 tamen
1169 2473 1482 2556 quaedam
1518 2474 1863 2555 praecepta
1901 2469 2111 2535 danda
2147 2477 2317 2537 sunt,

301 2561 474 2627 Nam
522 2563 578 2627 si
623 2563 767 2646 quis
814 2562 897 2626 ab
943 2563 1203 2627 ineunte
1251 2564 1465 2625 aetate
1508 2560 1709 2624 habet
1745 2580 2005 2624 causam
2051 2560 2318 2624 celebri-

301 2651 463 2716 tatis
511 2656 577 2715 et
622 2651 902 2716 nominis
951 2655 1065 2715 aut
1111 2674 1150 2715 a
1194 2654 1380 2735 patre
1419 2651 1774 2733 acceptam,
1822 2647 1993 2731 quod
2038 2648 2179 2732 tibi,
2225 2649 2316 2714 mi

303 2738 556 2824 Cicero,
595 2741 879 2804 arbitror
926 2739 1305 2825 contigisse,
1344 2743 1457 2801 aut
1503 2738 1720 2821 aliquo
1760 2758 1915 2801 casu
1952 2740 2147 2821 atque
2182 2737 2318 2802 for-

301 2833 489 2912 tuna,
550 2828 621 2892 in
692 2829 863 2893 hunc
928 2828 1097 2892 oculi
1171 2827 1461 2891 omnium
1525 2825 1927 2891 coniciuntur
1991 2829 2185 2909 atque
2247 2826 2317 2890 in

217 2933 273 2973 ³0
302 2939 476 3000 eum,
524 2916 678 3000 quid
724 2919 906 3002 agat,
955 2937 1143 3000 quem
1184 2915 1265 2979 ad
1301 2915 1562 2980 modum
1601 2914 1799 2995 vivat,
1835 2913 2188 2997 inquiritur
2233 2919 2315 2997 et,

299 3009 640 3089 tamquam
692 3005 762 3069 in
808 3004 1172 3070 clarissima
1217 3005 1357 3068 luce
1403 3006 1720 3085 versetur,
1765 3002 1862 3066 ita
1905 3002 2158 3066 nullum
2205 3002 2313 3066 ob·

301 3116 560 3157 scurum
604 3098 825 3178 potest
868 3115 985 3158 nec
1024 3092 1264 3157 dictum
1304 3093 1439 3157 eius
1486 3113 1627 3155 esse
1663 3112 1779 3154 nec
1814 3089 2079 3155 factum.
2145 3088 2313 3165 Quo-
2351 3108 2421 3157 45

299 3203 445 3246 rum
502 3186 720 3246 autem
776 3182 990 3267 prima
1045 3185 1223 3245 aetas
1278 3184 1548 3266 propter
1600 3178 2040 3243 humilitatem
2088 3182 2153 3242 et
2200 3179 2312 3243 ob-

300 3270 678 3335 scuritatem
723 3272 793 3334 in
835 3270 1172 3335 hominum
1207 3269 1618 3354 ignoratione
1655 3270 1970 3351 versatur,
2007 3266 2082 3350 ii,
2119 3266 2313 3331 simul

219 3374 271 3413 ³⁵
300 3380 375 3423 ac
427 3358 691 3424 iuvenes
748 3380 887 3423 6886
941 3362 1318 3443 coeperunt,
1363 3377 1604 3442 magna
1660 3360 1951 3440 spectare
1999 3359 2065 3419 et
2111 3356 2192 3420 ad
2238 3377 2315 3421 ea

297 3446 492 3511 rectis
558 3446 791 3512 studiis
866 3446 1102 3512 debent
1166 3445 1574 3528 contendere3
1644 3443 1815 3529 quod
1888 3464 1962 3508 60
2027 3444 2313 3509 firmiore

299 3534 517 3601 animo
562 3535 828 3620 facient,
886 3536 1038 3620 quia
1091 3556 1224 3600 non
1267 3533 1459 3599 modo
1513 3554 1647 3598 non
1690 3532 2014 3598 invidetur
2060 3533 2162 3597 illi
2208 3556 2313 3597 ae-
