2630 3913
336 187 462 247 238
1101 185 1553 240 FRAGMENTA

813 370 947 428 VII.
1029 369 1181 429 PRO
1238 369 1303 430 O.
1360 369 1758 431 CORNELIO
1814 369 1862 432 Ι.

861 502 1024 556 ARG
1038 502 1468 557 UMENTUM
1503 502 1816 557 ASCONI.

467 610 655 675 Hanc
716 612 1051 675 orationem
1109 613 1270 675 dixit
1328 612 1403 677 L.
1467 611 1644 677 Cotta
1697 612 1772 676 L.
1831 612 2139 693 Torquato
2203 632 2348 679 coss.

331 703 469 780 post
510 720 746 762 annum
789 719 976 780 quam
1018 702 1371 781 superiores,

377 831 388 842 ·
468 786 532 851 C.
587 786 904 853 Cornelius
963 788 1138 852 homo
1200 809 1326 852 non
1389 789 1698 869 improbus
1757 791 1888 853 vita
1939 788 2184 852 habitus
2245 794 2344 853 est.
2405 809 2436 849 ⁵

334 875 572 938 Fuerat
612 881 891 956 quaestor
936 875 1045 941 Gn.
1082 876 1350 958 Pompei,
1395 878 1536 941 dein
1581 878 1864 941 tribunus
1900 877 2097 958 plebis
2134 877 2198 941 C.
2237 878 2349 941 Pi·

333 984 475 1027 sone
518 964 607 1027 M
605 962 622 994 ²
626 1014 641 1028 .
690 964 1023 1029 Glabrione
1066 985 1212 1029 coss.
1256 966 1497 1029 biennio
1543 971 1709 1043 ante,
1763 986 1952 1047 quam
1996 965 2142 1029 haec
2184 967 2348 1029 dicta

333 1056 495 1115 sunt.
566 1052 652 1115 In
687 1073 751 1116 eo
787 1056 1153 1134 maqistratu
1188 1055 1280 1117 ita
1313 1073 1378 1118 se
1414 1056 1615 1135 qessit‚
1660 1058 1733 1117 ut
1774 1055 1933 1118 iusto
1971 1055 2349 1136 pertinacior

334 1141 651 1204 videretur.
739 1142 1068 1206 Alienatus
1119 1147 1208 1206 est
1256 1146 1463 1205 autem
1507 1163 1549 1205 a
1592 1146 1809 1206 senatu
1853 1162 1929 1207 ex
1982 1142 2098 1205 hac
2140 1162 2346 1207 causa.

333 1228 676 1293 Rettulerat
717 1231 803 1293 ad
841 1236 1135 1312 senatum,
1179 1234 1265 1307 ut,
1309 1231 1603 1311 quoniam
1638 1236 1985 1294 exterarum
2019 1232 2345 1294 nationum
2378 1252 2431 1290 ιο

336 1318 549 1398 leqatis
579 1320 845 1398 pecunia
881 1339 1110 1400 maqna
1144 1320 1396 1382 daretur
1430 1339 1624 1382 usura
1661 1321 1981 1400 turpiaque
2017 1323 2074 1382 et
2102 1319 2347 1397 famosa

333 1426 408 1470 ea·
450 1427 516 1470 eo
564 1407 737 1470 lucra
778 1408 1013 1488 fierent,
1074 1426 1150 1470 ne
1191 1408 1329 1487 quis
1375 1407 1588 1488 leqatis
1631 1412 1979 1471 exterarum
2023 1408 2345 1471 nationum

329 1495 650 1574 pecuniam
704 1515 1025 1575 expensam
1075 1495 1277 1575 ferret.
1370 1493 1562 1559 Cuius
1605 1496 1960 1560 relationem
2002 1495 2349 1575 repudiavit

331 1588 579 1647 senatus
631 1588 688 1646 et
739 1585 992 1647 decrevit
1043 1584 1196 1647 satis
1250 1588 1497 1646 cautum
1551 1584 1744 1648 videri
1799 1604 1864 1647 eo
1917 1582 1982 1647 S.
2041 1581 2126 1660 0„
2186 1586 2349 1664 quod

332 1676 474 1735 ante
507 1691 703 1735 annos
745 1677 967 1753 septem
1002 1676 1060 1734 et
1093 1671 1233 1734 XX
1261 1671 1337 1734 L.
1373 1670 1651 1735 Domitio
1689 1670 1754 1737 G.
1792 1671 1991 1737 Coelio
2031 1692 2178 1736 coss.
2212 1672 2339 1751 fac·
2374 1690 2427 1730 15

334 1764 462 1822 tum
498 1763 645 1840 erat,
688 1779 827 1822 cum
869 1765 1116 1823 senatus
1161 1765 1303 1823 ante
1336 1761 1637 1842 pauculos
1670 1781 1865 1824 annos
1903 1810 1916 1823 .
1946 1810 1960 1823 .
1989 1811 2003 1825 .
2040 1760 2147 1824 illo
2176 1759 2240 1823 S.
2278 1760 2342 1825 C.

331 1848 700 1929 decrevisset,
743 1868 819 1912 ne
861 1849 999 1929 quis
1044 1847 1424 1913 Cretensibus
1454 1850 1784 1930 pecuniam
1829 1854 2110 1912 mutuam
2154 1850 2340 1913 daret.

333 1933 649 2000 Cornelius
701 1955 774 1999 ea
824 1937 1072 2017 repulsa
1127 1936 1393 2016 offensus
1445 1940 1688 2002 senatui
1738 1943 1978 2019 questus
2027 1941 2117 2002 est
2157 1938 2228 2001 de
2270 1958 2343 2001 ea

330 2044 397 2086 re
432 2025 502 2087 in
550 2025 835 2103 contione,
882 2025 1203 2090 exhauriri
1235 2027 1592 2107 provincias
1634 2029 1875 2103 usu-ris;
1908 2027 2238 2108 provideri,
2273 2031 2344 2090 ut

329 2112 616 2176 haberent
659 2113 856 2196 leqati‚
899 2115 1063 2178 unde
1093 2115 1449 2195 praesentia
1492 2135 1750 2178 munera
1785 2114 2032 2191 darent,·
2067 2114 2337 2195 promul·
2369 2133 2423 2172 20

326 2202 606 2282 qavitque
643 2202 840 2283 leqem‚
876 2222 1002 2283 qua
1036 2204 1457 2266 auctoritatem
1491 2208 1738 2267 senatus
1764 2203 2088 2284 minuebat,
2123 2223 2199 2266 ne
2233 2204 2341 2284 qui

330 2290 457 2354 nisi
484 2310 597 2370 per
618 2292 921 2372 populum
959 2291 1181 2373 leqibus
1215 2290 1556 2355 solveretur.
1623 2290 1796 2371 Quod
1827 2293 2080 2372 antiquo
2112 2310 2341 2371 quoque

329 2379 463 2442 iure
496 2384 629 2442 erat
661 2384 932 2456 cautum,
925 2399 939 2413 ·
976 2381 1181 2460 itaque
1214 2381 1284 2442 in
1312 2379 1592 2444 omnibus
1618 2380 1681 2442 S.
1713 2379 1795 2456 G„
1831 2380 2048 2460 quibus
2075 2381 2340 2459 aliquem

332 2466 557 2547 leqibus
590 2467 743 2531 solvi
768 2468 1066 2550 placebat,
1109 2468 1277 2531 adici
1319 2472 1454 2531 erat
1494 2468 1758 2544 solitum,
1804 2472 1872 2530 ut
1915 2469 1988 2531 de
2031 2489 2104 2531 ea
2147 2488 2214 2531 re
2257 2469 2342 2531 ad

326 2556 619 2656 populum
649 2556 746 2635 fer
746 2561 950 2633 retur;
995 2557 1100 2620 sed
1121 2556 1434 2636 paulatim
1465 2556 1623 2635 ferri
1656 2561 1789 2619 erat
1820 2557 2096 2639 desitum,
2131 2576 2418 2636 resqueo
2366 2574 2418 2614 25

329 2646 459 2706 iam
493 2644 563 2706 in
589 2664 723 2707 eam
751 2645 1235 2709 consuetudinem
1261 2649 1521 2722 venerat,
1555 2649 1628 2708 ut
1648 2650 1953 2725 postremo
1978 2665 2056 2708 ne
2080 2645 2338 2708 adicere-

331 2739 431 2795 tur
474 2732 715 2812 quidem
759 2733 829 2795 in
863 2738 1109 2796 senatus
1143 2733 1434 2797 consultis
1468 2733 1541 2796 de
1574 2733 1886 2814 roqatione
1921 2734 2008 2796 ad
2037 2733 2339 2817 populum

325 2820 594 2901 ferenda,
639 2841 823 2901 eaque
867 2823 1005 2900 ipsa
1041 2819 1105 2885 S.
1141 2818 1203 2885 Ο.
1231 2841 1348 2902 per
1380 2821 1682 2903 pauculos
1726 2823 2054 2885 admodum
2097 2821 2338 2902 fiebant.

328 2909 592 2990 Indiqne
662 2929 798 2972 eam
859 2908 1104 2973 Corneli
1169 2910 1545 2990 roqationem
1613 2910 1881 2974 tulerant
1927 2910 2340 2991 potentissimi

327 2998 546 3078 quique
590 3019 663 3062 ecc
705 3003 937 3078 senatu,
982 3018 1243 3077 quorum
1280 2999 1493 3079 ,qratia
1527 3019 1883 3079 maqnopere
1918 2998 2305 3062 minuebatur
2315 3019 2336 3073 ‚·
2365 3016 2420 3056 so

328 3089 531 3167 itaque
567 3086 639 3150 P.
669 3085 966 3150 Servilius
994 3085 1293 3150 Globulus
1330 3087 1613 3150 tribunus
1647 3087 1842 3166 plebis
1878 3089 2157 3150 inventus
2191 3093 2339 3168 erat,

326 3177 433 3255 qui
488 3173 555 3238 0.
610 3174 887 3239 Cornelio
941 3175 1258 3239 obsisteret.
1349 3175 1446 3254 Is,
1508 3175 1616 3238 ubi
1670 3175 1815 3256 leqis
1865 3176 2164 3255 ferundae
2214 3177 2340 3239 dies

326 3265 492 3326 venit
531 3268 590 3326 et
628 3283 852 3343 praeco
904 3263 1228 3327 subiciente
1279 3264 1480 3327 scriba
1523 3263 1703 3327 verba
1749 3264 1895 3346 leqis
1937 3264 2194 3327 recitare
2224 3284 2337 3345 po·

324 3352 468 3430 pulo
515 3354 717 3433 coepit,
762 3357 822 3415 et
862 3352 1123 3415 scribam
1167 3352 1430 3415 subicere
1465 3357 1524 3415 et
1542 3373 1905 3433 praeconem
1926 3354 2339 3433 pronuntiare

325 3458 543 3515 passus
594 3460 721 3502 non
775 3444 877 3503 est.
972 3441 1132 3503 Tum
1187 3439 1506 3504 Cornelius
1558 3441 1687 3521 ipse
1738 3442 1997 3504 codicem
2049 3441 2336 3508 recitavit.
2366 3458 2419 3497 ³5

330 3523 505 3600 Quod
546 3546 683 3588 cum
726 3528 996 3607 improbe
1036 3529 1175 3609 fieri
1220 3527 1284 3592 C.
1332 3529 1482 3593 Piso
1532 3529 1745 3593 consul
1794 3529 2159 3592 veliementer
2202 3549 2338 3609 que-
