2630 3913
205 727 270 852 εἰ

201 1742 268 1790 26

200 3152 264 3201 27

315 155 398 220 10
1095 155 1192 209 DE
1232 154 1534 210 ormcns

306 315 816 402 proficiscuntur,
861 338 1006 381 cum
1041 316 1133 407 iss
1165 317 1274 400 qui
1309 338 1539 381 nocere
1578 318 1771 382 alteri
1807 318 2073 403 cogitat,
2111 319 2336 405 timet&

306 427 419 556 ple,
465 405 594 506 nisi
638 405 705 468 id
748 404 1015 556 fecerit„
1036 405 1194 556 riipse
1250 405 1467 556 aliiquo
1526 405 1849 557 afficiiatur
1893 407 2316 558 icrlicommiodo.

421 515 592 556 xima
738 515 914 556 uem
998 515 1035 556 a
1101 515 1279 556 ema
1359 516 1659 558 miuriam
1727 516 2255 559 ainamaor

308 515 737 664 diilntunmuss
780 517 1218 664 adipigcantur
1272 603 1402 665 eas
1438 604 1601 664 quae
1657 515 2220 667 conzdpiverunt?
2249 518 2318 649 g

309 691 434 752 quo
481 669 641 733 vitio
687 669 1007 733 latissime
1052 672 1235 753 patet
1282 669 1574 733 avaritia.
2368 689 2397 730 5

438 757 848 841 Expetuntur
895 761 1111 821 autem
1157 757 1421 820 divitiae
1476 780 1621 822 cum
1668 757 1750 821 ad
1794 780 1948 822 usus
1995 759 2167 823 vitae
2213 782 2316 823 ne-

309 845 648 928 cessari08‚
702 850 844 909 tum
891 847 972 909 ad
1016 845 1433 929 perfruendas
1480 847 1871 929 voluptates.
1958 845 2037 910 In
2084 848 2316 930 quibus

310 939 524 997 autem
588 934 796 997 maior
860 937 960 997 est
1024 933 1303 1016 animus,
1366 933 1437 996 in
1497 934 1578 997 iis
1637 934 1942 1017 pecuniae
1998 936 2315 1019 cupiditas

309 1025 561 1104 spectat
597 1022 678 1085 ad
717 1043 870 1105 opes
909 1025 974 1085 et
1010 1023 1092 1084 ad
1128 1021 1537 1106 gratificandi
1571 1022 1968 1107 facultatem,
2005 1028 2079 1087 ut
2113 1045 2317 1107 nuper

307 1109 393 1175 M.
448 1107 720 1174 Crassus
775 1109 1061 1194 negabat
1114 1110 1319 1173 ullam
1384 1110 1543 1174 satis
1609 1131 1914 1195 magnam
1978 1113 2317 1195 pecuniam
2345 1130 2397 1170 ιο

308 1219 448 1261 esse
494 1198 596 1281 ei*
635 1197 746 1280 qui
789 1198 859 1260 in
903 1219 972 1261 re
1017 1197 1279 1281 pub‘lica
1324 1199 1621 1282 princeps
1666 1199 1865 1263 vellet
1912 1221 2077 1283 esse,
2137 1201 2315 1264 cuius

305 1285 623 1350 fructibus
663 1285 1010 1350 exercitum
1050 1286 1221 1349 alere
1258 1307 1391 1349 non
1425 1290 1664 1369 posset.
1735 1286 2082 1352 Delectant
2118 1290 2316 1352 etiam

306 1374 634 1460 magnifici
681 1378 1032 1458 apparatus
1078 1374 1377 1457 vitaeque
1425 1375 1635 1438 cultus
1682 1397 1827 1439 cum
1877 1376 2205 1461 elegantia
2251 1382 2317 1440 et

306 1462 518 1546 copia3
565 1462 797 1545 quibus
843 1462 1035 1526 rebus
1084 1462 1382 1526 effectum
1429 1467 1527 1525 est
1591 1466 1665 1525 ut
1706 1463 1963 1527 infinita
2008 1465 2313 1548 pecuniae

306 1551 624 1634 cupiditas
680 1555 867 1613 esset.
956 1548 1094 1614 Nec
1145 1571 1299 1614 vero
1356 1550 1451 1614 rei
1503 1506 1844 1615 familiaris
1892 1553 2327 1636 amplificatio.
2345 1572 2397 1612 1⁵

304 1638 548 1702 nemini
601 1659 836 1702 nocens
891 1638 1319 1721 vituperanda
1373 1642 1499 1721 est,
1554 1639 1665 1702 sed
1707 1640 2015 1725 fugienda
2061 1662 2315 1726 semper

306 1727 542 1790 iniuria
589 1731 706 1789 est.
793 1724 1092 1789 Maxume
1140 1730 1358 1789 autem
1413 1726 1813 1791 adducuntur
1867 1729 2202 1812 plerique?
2240 1734 2315 1793 ut

306 1836 416 1878 eos
461 1814 750 1878 iustitiae
790 1812 1005 1897 capiat
1042 1814 1303 1898 oblivio,
1351 1836 1495 1880 cum
1530 1815 1601 1878 in
1635 1815 2071 1901 imperiorum,
2115 1816 2313 1882 hono-

304 1924 476 1986 rum,
531 1902 778 1986 gloriae
834 1901 1254 1987 cupiditatem
1296 1902 1674 1969 inciderunt.
1765 1903 1949 1980 Quod
1995 1905 2166 1970 enim
2212 1913 2313 1972 est

307 1991 477 2074 apud
522 1990 832 2055 Ennium:
1985 2032 1991 2038 -
2340 2014 2394 2053 20

939 2079 1177 2144 Nulla
1223 2086 1492 2146 sancta
1538 2081 1875 2145 societas

437 2165 595 2232 Nec
639 2167 844 2231 fides
890 2169 1111 2254 regni
1157 2171 1306 2252 est‚‘

303 2255 371 2319 id
415 2256 614 2319 latius
660 2260 860 2340 patet.
932 2256 1105 2321 Nam
1151 2257 1452 2341 quicquid
1499 2258 1633 2322 eius
1680 2258 1855 2322 modi
1901 2263 2037 2346 ests
2067 2259 2137 2323 in
2183 2259 2321 2343 quo¹

303 2365 436 2408 non
470 2345 725 2429 possint
760 2346 980 2429 plures
1018 2346 1345 2429 excellere,
1380 2346 1451 2410 in
1486 2367 1560 2409 eo
1597 2346 1673 2409 fit
1708 2346 2087 2430 plerumque
2124 2352 2311 2412 tanta

305 2434 669 2517 contentio*
697 2437 770 2497 ut
817 2433 1269 2499 difficillimum
1315 2434 1402 2499 sit
1448 2456 1703 2499 servare
1752 2434 2067 2499 ‘sanctam
2115 2437 2310 2500 socie·
2337 2454 2389 2495 2⁵

304 2521 554 2587 tatem'.
651 2521 1026 2587 Declaravit
1086 2521 1154 2586 id
1216 2522 1408 2586 modo
1473 2523 1805 2586 temeritas
1870 2522 1939 2587 O.
1996 2522 2310 2608 CaesariS‚

306 2609 417 2692 qui
472 2609 690 2673 omnia
742 2610 885 2674 iura
933 2610 1148 2673 divina
1202 2613 1268 2673 et
1321 2610 1604 2675 humana
1665 2612 1981 2695 pervertit
2043 2617 2310 2696 propter

305 2718 470 2779 eum,
518 2718 706 2779 quem
755 2697 879 2760 sibi
923 2698 1062 2782 ipse
1109 2698 1429 2781 opinionis
1476 2720 1691 2763 errore
1734 2699 2048 2783 finxerat,
2077 2702 2312 2784 princi-

302 2788 546 2868 patum.
617 2785 742 2849 Est
789 2789 1003 2849 autem
1048 2786 1117 2849 in
1163 2785 1284 2850 hoc
1331 2807 1562 2871 genere
1609 2787 1973 2871 molestum,
2025 2788 2197 2871 quod
2240 2790 2311 2852 in

303 2872 602 2936 maximis
651 2873 882 2937 animis
921 2874 1580 2957 splendidissimisque
1614 2875 1894 2959 ingeniis
1929 2877 2308 2961 plerumque
2336 2895 2390 2935 30

304 2961 590 3025 existunt
617 2960 902 3045 honoris,
939 2962 1212 3046 imperii,
1248 2964 1596 3047 potentiae,
1630 2964 1877 3049 gloriae
1906 2965 2309 3049 cupiditates

304 3048 444 3124 Quo
491 3050 701 3135 magis
748 3051 1100 3116 cavendum
1145 3055 1273 3134 est,
1330 3074 1409 3115 ne
1457 3052 1609 3135 quid
1652 3052 1722 3114 in
1767 3074 1841 3117 eo
1890 3073 2123 3138 genere
2167 3076 2311 3138 pec-

305 3141 500 3202 cetur.
551 3136 676 3202 Sed
701 3139 770 3202 in
799 3140 975 3203 omni
1001 3140 1324 3204 iniustitia
1350 3140 1744 3224 permultum
1772 3141 2061 3226 interest,
2089 3148 2310 3207 utrum

302 3227 791 3309 perturbatione
829 3228 1047 3311 aliqua
1085 3228 1302 3312 animi,
1349 3250 1511 3312 quae
1542 3229 1922 3313 plerumque
1957 3231 2172 3296 brevis
2210 3235 2311 3295 est

304 3319 370 3379 et
426 3314 507 3378 ad
559 3319 848 3401 tempus,
911 3339 996 3380 an
1059 3317 1353 3382 consulto
1420 3321 1484 3381 et
1542 3317 1832 3403 cogitata
1885 3318 2003 3382 fiat
2055 3320 2307 3384 iniuria.
2336 3337 2388 3378 85

302 3401 577 3467 Leviora
633 3403 802 3467 enim
863 3409 1014 3468 sunt
1067 3427 1169 3487 ea,
1233 3427 1397 3488 quae
1461 3407 1795 3489 repentino
1854 3407 2073 3490 aliquo
2127 3412 2310 3472 motu

305 3489 637 3575 accidunt„
684 3514 874 3574 quam
930 3515 1033 3576 ea„
1088 3515 1250 3577 quae
1305 3494 1619 3558 meditata
1669 3499 1733 3558 et
1779 3500 2166 3580 praeparata
2218 3496 2310 3560 in-
