2630 3913
396 239 525 301 244
1165 236 1613 291 FRAGMENTA

533 401 630 463 11.
674 401 841 464 Acro
873 400 1032 464 Hor.
1067 404 1180 464 sat.
1216 399 1347 463 12.
1385 405 1471 463 67
1508 399 1869 463 Notandum
1906 397 2112 478 ‘fores’
2147 420 2397 465 numero

392 490 715 571 sinyulari.
756 525 839 534 —
878 488 1079 553 Cicero
1104 508 1225 569 pro
1262 487 1540 551 Cornelio
1556 508 1577 549 .·
1627 487 1902 570 Aperuit
1946 486 2156 551 forem
2205 489 2397 556 scala-

394 601 556 642 rum.
620 576 743 642 Sed
774 598 847 640 ex
881 576 1075 640 verbis
1109 577 1479 640 accusatoris
1512 576 1810 659 videntur,
1853 581 1925 639 ut
1958 577 2023 639 in
2057 576 2400 641 Flacciana

396 663 899 749 ‘strangulavit’.

533 755 629 817 12.
676 751 871 817 Schol.
916 752 1052 816 Iuv.
1100 752 1244 816 VII
1278 757 1402 816 118
1439 750 1643 816 Cicero
1687 754 1759 816 in
1803 750 2206 817 Corneliana:
2254 752 2399 818 Cor·
2452 778 2478 817 ⁵

395 843 628 927 repsit,
673 843 899 922 inquit,
944 840 1011 904 in
1060 841 1287 904 scalas,

534 931 631 994 13.
676 929 1115 994 Fortunatian.
1150 929 1282 992 III
1310 932 1351 993 5
1375 949 1442 1010 p.
1479 932 1622 992 123.
1659 933 1745 992 17
1779 927 1867 991 H.
1904 928 2068 993 Sunt
2104 931 2401 1010 quaedam

391 1025 597 1102 partes
641 1039 859 1083 causae
891 1022 1244 1099 perpetuae,
1299 1037 1456 1098 quae
1506 1017 1685 1081 verba
1736 1015 2002 1081 humilia
2045 1018 2401 1096 desiderant,

394 1114 493 1173 ut:
539 1106 732 1171 Latet
777 1106 846 1169 in
893 1105 1083 1170 scalis
1131 1103 1493 1169 tenebrosis
1542 1102 1887 1168 Cominius,

534 1196 631 1260 14.
686 1195 987 1259 Arusian.
1033 1195 1219 1258 Mess.
1262 1214 1330 1275 p.
1375 1197 1502 1257 ,213
1545 1193 1730 1257 Isind.
1786 1192 1905 1257 Cio.
1949 1213 2069 1275 pro
2125 1193 2402 1259 Cornelio
2434 1222 2485 1258 10

399 1286 497 1350 lib.
551 1283 625 1348 I:
691 1282 827 1347 Das
883 1282 1053 1346 enim
1109 1282 1270 1346 mihi
1322 1280 1701 1345 facultatem
1757 1302 1894 1365 eOS,
1950 1282 2060 1365 qui
2110 1286 2251 1346 tum
2297 1284 2402 1347 ad-

396 1372 640 1437 fuerint
687 1370 1015 1454 CorneliO,
1062 1370 1453 1434 nominandi.

537 1461 633 1525 15.
679 1461 868 1524 Arus.
910 1481 978 1541 p.
1022 1462 1155 1523 226
1202 1456 1324 1523 Cio.
1365 1478 1486 1540 pro
1534 1457 1811 1523 Cornelio
1856 1458 1930 1521 I:
1988 1456 2179 1541 Quid,
2236 1461 2405 1542 quod

396 1573 476 1614 ne
523 1571 669 1613 oum
715 1547 806 1611 eis
854 1547 1109 1631 quidem
1147 1549 1448 1630 expertus
1488 1568 1573 1629 eS,
1621 1568 1782 1630 quos
1829 1546 2016 1612 duces
2065 1569 2405 1630 operarum

396 1638 596 1702 fuisse
643 1635 907 1699 dixisti?
2435 1661 2485 1698 15

537 1726 635 1789 16.
681 1725 902 1789 Asoon.
940 1745 1002 1804 Ρ.
1039 1726 1140 1787 57.
1184 1726 1269 1788 21
1321 1724 1451 1787 Ver.
1497 1744 1538 1787 a
1572 1724 1783 1803 primo
1819 1721 2100 1788 DCCCL
2143 1725 2293 1788 dicit
2336 1727 2407 1789 de

398 1816 599 1880 eodem
642 1812 882 1876 Manili
927 1812 1278 1876 tribunatu:

530 1899 703 1965 Nam
748 1922 894 1966 oum
931 1906 1004 1965 tr.
1029 1901 1119 1982 pl.
1153 1900 1356 1980 faetus
1393 1900 1550 1963 duas
1587 1900 1766 1985 leges
1803 1898 1875 1963 in
1911 1920 1985 1963 eo
2015 1900 2404 1986 magistratu

399 1991 685 2073 tulisset,
737 2009 931 2054 unam
975 1989 1432 2071 perniciosam,
1489 1989 1762 2052 alteram
1817 1988 2172 2072 egregiam,
2238 1989 2400 2072 quod

399 2080 635 2144 malum
678 2080 878 2142 visum
923 2082 1031 2160 est,
1076 2099 1203 2141 rem
1247 2101 1307 2161 p.
1354 2099 1486 2141 non
1529 2077 1747 2159 laesit,
1795 2077 1906 2140 sed
1953 2077 2034 2140 ab
2081 2077 2198 2141 illo
2242 2077 2397 2160 ipso,
2427 2098 2478 2136 20

399 2170 508 2250 qui
540 2171 900 2248 paraverat,
956 2165 1279 2230 abiectum
1336 2169 1461 2248 est,
1514 2165 1757 2229 bonum
1814 2167 2030 2229 autem
2087 2165 2256 2248 quod
2306 2185 2401 2229 ex-

400 2257 683 2339 ooyitavit
722 2256 794 2320 de
840 2277 1091 2319 summa
1136 2276 1204 2317 re
1250 2277 1331 2337 p.,
1376 2257 1594 2317 manet
1640 2256 1705 2316 et
1741 2253 1965 2334 inperii
2001 2253 2202 2317 vestri
2240 2253 2406 2317 ordi-

401 2346 613 2410 narios
656 2344 850 2409 hostes
896 2343 1180 2427 dispulit.

621 2432 878 2498 Dictum
930 2438 1019 2496 est
1069 2433 1200 2495 iam
1242 2451 1436 2512 supra
1479 2432 1552 2494 de
1594 2429 1692 2494 his
1738 2430 1986 2512 leyibuS,
2039 2450 2196 2510 quas
2246 2450 2413 2493 nune

492 2523 688 2603 tanyit
700 2542 721 2597 ,·
785 2521 981 2584 altera
1039 2520 1169 2599 fuit
1226 2520 1298 2583 de
1362 2519 1784 2583 libertinorum
1842 2517 2193 2600 suffrayiis,
2257 2539 2414 2599 quae
2442 2540 2497 2579 25

491 2631 628 2674 eum
680 2607 745 2674 S.
800 2607 865 2674 C.
918 2610 1218 2672 damnata
1278 2611 1452 2689 esset,
1517 2606 1593 2671 ab
1655 2608 1788 2688 ipso
1850 2626 2083 2687 quoque
2134 2607 2414 2671 Manilio

490 2718 617 2763 non
658 2698 827 2761 ultra
870 2696 1119 2776 defensa
1162 2699 1264 2778 est,
1308 2696 1506 2759 altera
1549 2696 1622 2759 de
1665 2695 1811 2759 bela
1843 2694 2271 2760 Mithridatico
2300 2693 2413 2759 Cn.

493 2785 780 2866 Pompeio
834 2790 1007 2848 extra
1059 2785 1333 2848 ordinem
1384 2784 1761 2865 mandando,
1820 2804 1894 2848 ex
1946 2804 2070 2864 qua
2116 2784 2236 2865 leye
2281 2789 2416 2848 tum

491 2874 768 2956 Maynus
811 2872 1139 2955 Pompeius
1182 2872 1402 2936 bellum
1442 2871 1697 2954 yerebat.

492 2963 669 3028 Dicit
710 2962 781 3026 de
825 2961 1159 3061 disturbato
1204 2961 1431 3024 iudicio
1482 2964 1869 3030 Maniliano.
1859 2985 1875 3000 ·
2453 2980 2510 3019 so

543 3053 640 3115 17.
686 3049 855 3113 Aliis
901 3050 1015 3113 ille
1058 3048 1130 3112 in
1172 3049 1361 3112 illum
1404 3047 1690 3112 furorem
1736 3052 1990 3133 magnis
2039 3047 2418 3112 hominibus

408 3139 777 3205 auctoribus
815 3138 1131 3222 impulsus
1171 3140 1287 3220 est,
1325 3137 1434 3221 qui
1473 3136 1732 3220 aliquod
1762 3136 2021 3201 institui
2048 3135 2421 3220 exemplum

306 3224 319 3236 ’
407 3227 975 3292 disturbandorum
1047 3225 1429 3290 iudiciorum
1491 3227 1581 3289 rei
1640 3247 1708 3308 p.
1776 3224 2422 3308 perniciosissimum,

406 3315 808 3400 temporibus
866 3315 997 3378 suis
1053 3313 1814 3395 accommodatissimum,
1881 3313 2042 3378 meis
2099 3313 2421 3378 alienissi-

407 3425 584 3466 mum
629 3402 993 3466 rationibus
1041 3403 1394 3487 cupierunt.
2465 3422 2522 3461 85

627 3490 703 3554 L.
759 3487 1097 3556 Catilinam
1149 3495 1207 3554 et
1258 3490 1370 3555 Cn.
1425 3489 1713 3555 Pisonem
1767 3491 2006 3554 videtur
2058 3491 2430 3574 siqnificare.

497 3575 654 3639 Fuit
706 3581 908 3639 autem
953 3576 1227 3642 Catilina
1275 3580 1578 3659 patricius
1630 3583 1688 3642 et
1738 3579 1939 3643 eodem
1990 3579 2100 3643 illo
2162 3584 2436 3661 tempore
