2630 3913
684 235 1133 292 ORATIONUM.
1171 236 1238 291 A.
1276 237 1382 291 XII
1418 237 1653 291 3—XIII
1689 238 1820 307 Arg.
2144 238 2267 301 271

259 398 495 483 vocari,
541 399 869 478 custodiri,
916 399 996 463 ad
1043 401 1339 463 senatum
1387 399 1615 463 adduci
1660 400 1837 482 iussi,
1882 398 1930 481 †
1975 404 2271 464 senatum

264 488 318 553 si
360 486 739 571 interposui.
829 488 920 550 Et
965 492 1120 551 totus
1163 487 1262 551 hic
1306 487 1470 551 locus
1516 489 1660 552 talis
1702 493 1806 553 est.

400 576 497 641 10.
534 576 660 640 Iul.
700 576 916 640 Victor.
955 580 1011 639 6.
1054 578 1102 639 2
1134 596 1202 656 p.
1237 581 1382 641 398.
1419 581 1500 640 10
1535 576 1751 640 Halm.
1796 576 1972 640 Haec
2014 577 2274 656 inferior

261 663 593 749 (definitio)
638 665 927 728 oratoriis
979 663 1319 728 actionibus
1370 664 1671 728 dilatatur
1714 669 1771 729 et
1812 666 2011 747 maqis
2053 666 2272 730 descri-

210 772 233 811 5
254 752 567 834 ptionibus
617 757 676 816 et
724 752 1021 816 eiusmodi
1064 752 1516 834 definitionibus
1569 753 1932 835 emplicatur,
1994 773 2150 835 quae
2201 775 2274 818 ex

251 840 541 922 pluribus
580 840 879 921 speciebus
922 860 1051 904 rem
1093 844 1318 917 notent,
1362 846 1433 903 ut
1466 841 1562 904 M.
1595 841 1838 905 Tullius
1882 847 2092 905 contra
2132 862 2272 906 con-

265 931 486 993 tionem
516 928 584 1008 Q.
613 929 883 993 Metelli:
922 927 1031 1012 qui
1070 927 1357 992 animum
1393 927 1702 993 hostilem
1738 928 1956 1006 habet,
1993 933 2059 994 ct
2093 931 2274 995 cuius

265 1018 437 1082 faeta
481 1016 752 1081 hostilia
798 1020 951 1080 sunt
995 1021 1051 1080 et
1093 1021 1303 1080 cetera.

1057 1231 1478 1239 ———

488 1390 649 1449 XIII.
713 1391 801 1450 IN
843 1390 910 1449 P.
957 1389 1313 1451 CLODIUM
1360 1391 1463 1450 E'r
1510 1390 1573 1451 C.
1622 1390 2049 1450 CURIONEM.

192 1538 244 1576 ιο
418 1522 582 1579 ABG
593 1524 649 1579 U
647 1523 840 1577 ΜΕΝ
843 1522 1025 1577 TUM
1057 1523 1626 1578 SCHOLIASTAE
1658 1524 1863 1578 BOBI
1863 1525 2068 1579 ENSI
2067 1525 2122 1579 S.

399 1632 592 1711 Apud
642 1631 908 1698 Graecos
968 1632 1154 1697 huius
1205 1634 1372 1697 modi
1419 1653 1642 1715 yenera
1696 1635 2042 1698 orationum
2100 1632 2273 1698 ἐπαι-

270 1720 520 1785 νοῦντα
562 1718 673 1785 καὶ
717 1720 1009 1804 ψέγοντα
1051 1722 1456 1785 nominantur
1499 1723 1870 1786 continentia
1909 1721 2101 1802 ferme
2146 1722 2276 1785 lau-

265 1809 367 1873 des
412 1813 469 1874 et
509 1811 994 1892 vituperationes.
1058 1810 1205 1873 Non
1244 1810 1409 1873 enim
1441 1811 1534 1874 rei
1556 1810 1955 1891 postulantur
1989 1830 2031 1873 a
2073 1810 2276 1875 Tullio

265 1898 356 1963 vel
403 1896 468 1965 C.
513 1896 700 1964 Curio
743 1899 835 1964 vel
880 1898 953 1964 P.
1000 1897 1279 1982 Clodius,
1323 1899 1443 1982 sed,
1488 1899 1781 1980 quoniam
1823 1898 2167 1963 habuerant
2210 1901 2277 1964 in

191 2003 241 2043 15
265 1992 484 2050 senatu
525 1990 840 2068 quandam
882 1988 1219 2068 iuryiosam
1254 1988 1725 2070 decertationem,
1768 1989 1968 2052 visum
2004 1987 2278 2053 Ciceroni

268 2079 355 2137 est
387 2073 548 2138 hanc
582 2077 917 2139 orationem
952 2074 1315 2139 conscribere
1339 2076 1593 2156 plenam
1626 2077 1759 2140 sine
1802 2076 1981 2140 dubio
2016 2082 2074 2140 ct
2106 2097 2278 2158 aspe-

268 2162 477 2226 ritatis
520 2167 577 2226 ct
622 2163 1013 2242 facetiarum,
1066 2163 1283 2244 quibus
1335 2184 1530 2229 mores
1584 2166 1895 2244 utriusque
1936 2166 2279 2245 proscindit

272 2253 330 2312 et
370 2250 443 2313 de
482 2250 867 2332 sinyulorum
909 2251 1077 2315 vitiis
1117 2271 1304 2331 quam
1338 2257 1538 2333 potest
1578 2253 1957 2316 acerbissime
1992 2253 2276 2332 loquitur.

272 2335 396 2401 Sed
443 2338 608 2402 enim
640 2338 1024 2419 principium
1075 2338 1260 2403 huius
1310 2340 1576 2441 offensae
1623 2340 1824 2419 fertur
1876 2359 1918 2402 a
1970 2339 2043 2403 P.
2096 2339 2278 2405 Clodi

191 2442 246 2482 20
271 2429 448 2489 reatu
472 2426 868 2503 descendisse;
894 2446 1044 2490 nam
1069 2427 1237 2491 visus
1261 2429 1352 2492 est
1390 2429 1461 2493 in
1486 2430 1661 2493 domo
1676 2428 1991 2509 pontificis
2015 2430 2278 2492 maximi

271 2512 339 2578 C.
395 2510 679 2579 Caesaris
739 2515 1114 2596 eiusdemque
1161 2518 1471 2595 praetoris
1530 2518 1821 2581 incestum
1878 2515 2087 2594 fecisse
2139 2537 2278 2580 cum

269 2602 402 2666 cius
434 2622 623 2667 uxore
654 2601 951 2684 Pompeia
984 2624 1049 2667 eo
1086 2609 1361 2684 tempore,
1405 2625 1521 2685 quo
1556 2625 1672 2685 per
1708 2604 1972 2669 Vestales
2014 2605 2279 2686 virgines

269 2694 328 2754 et
368 2695 686 2756 matronas
725 2690 1180 2757 honestissimas
1224 2693 1293 2755 in
1337 2698 1536 2774 operto
1572 2691 1795 2757 Bonae
1832 2692 2004 2757 Deae
2044 2694 2277 2775 sacrifi·

270 2779 433 2842 cium
467 2779 622 2844 viris
653 2779 934 2844 omnibus
966 2781 1338 2845 inaccessum
1370 2781 1581 2862 fiebat3
1625 2782 1788 2846 unde
1829 2781 2031 2863 elapso
2076 2786 2279 2846 tamen

188 2883 243 2923 2⁵
271 2864 482 2931 Clodio
533 2886 763 2950 mayna
814 2868 1056 2932 invidia
1087 2869 1430 2950 percrebuit
1469 2873 1526 2933 et
1566 2870 1836 2949 infamia
1879 2870 2278 2934 caerimonia-

268 2974 432 3032 rum,
475 2960 548 3019 ut
586 2959 834 3020 senatus
875 2957 1182 3021 decernere
1223 2961 1525 3039 coyeretur
1567 2958 1737 3021 omni
1779 2958 2098 3039 diliyentia
2139 2976 2277 3022 con-

267 3043 475 3107 sulum
507 3044 1056 3128 pervestiyandum‚
1098 3046 1156 3109 si
1197 3046 1360 3126 q‘uod
1398 3050 1548 3110 esset
1575 3046 1842 3127 publicis
1884 3044 2279 3126 reliqionibus

270 3131 515 3195 illatum
574 3131 900 3215 flaqitium.
1005 3132 1340 3198 Accedebat
1396 3132 1515 3197 huc
1580 3133 1764 3197 etiam
1823 3133 2279 3214 praeiudicium

268 3220 574 3299 quoddam
618 3219 685 3286 C.
730 3219 1013 3287 Caesaris
1053 3222 1247 3302 ipsius
1279 3222 1611 3303 pontificis,
1654 3222 1762 3302 qui
1804 3241 2055 3285 uxorem
2099 3242 2279 3285 suam

192 3326 243 3364 30
271 3308 412 3371 ilico
454 3309 831 3389 repudiavit,-
878 3314 1023 3391 post
1064 3311 1226 3390 quod
1266 3329 1408 3374 reus
1450 3311 1522 3374 de
1563 3310 1784 3373 incesto
1824 3309 2029 3390 factus
2073 3314 2160 3373 est
2203 3309 2277 3373 P.

271 3394 526 3461 Clodius
559 3402 879 3462 accusante
911 3397 986 3461 L.
1011 3396 1288 3479 Lentulo,
1325 3397 1669 3477 defendente
1696 3395 1760 3461 C.
1791 3395 2054 3462 Curione
2078 3401 2277 3480 patre.

272 3483 443 3547 Nam
488 3490 607 3548 tres
649 3485 780 3550 illis
814 3484 1176 3566 temporibus
1209 3484 1503 3551 Curiones
1545 3486 1798 3549 inlustri
1840 3487 2086 3549 nominc
2128 3487 2278 3551 exti-

269 3575 474 3637 terunt
522 3576 703 3654 atque
753 3573 844 3637 ita
896 3573 964 3637 iu
1020 3573 1193 3637 libris
1244 3572 1445 3637 adhuc
1484 3573 1804 3653 feruntur:
1865 3572 2054 3639 Curio
2110 3594 2275 3643 avus,
