2630 3913
232 1688 298 1739 53

228 2922 294 2971 54

344 188 469 251 150
813 186 999 242 CATO
1037 187 1275 242 MAIOR
1309 186 1407 239 DE
1446 185 1869 242 SENEOTUTE

339 371 484 414 rum
511 370 765 414 morsus
793 349 1081 413 munitur
1117 348 1292 413 vallo
1323 348 1686 413 aristarum.
1756 347 1921 424 Quid
1959 371 2081 435 ego
2118 350 2350 416 vitium

340 440 541 523 ortus,
588 442 788 521 satus,
825 437 1223 502 incrementa
1258 437 1798 502 commemorem?
1873 435 2112 502 Satiari
2150 438 2350 504 delec-

337 525 587 591 tatione
631 548 763 592 non
805 547 1100 611 possum,
1156 528 1231 588 ut
1284 546 1464 589 meae
1512 525 1860 590 senectutis
1905 526 2194 628 requiem
2241 527 2352 591 ob-

338 615 923 697 lectamentumque
984 613 1289 678 noscatis.
1394 612 1642 678 Omitto
1708 613 1880 678 enim
1943 614 2077 679 vim
2139 615 2352 699 ipsam

341 702 653 786 emnium,
709 723 871 786 quae
928 705 1320 803 generantur
1374 723 1409 765 e
1463 705 1665 785 terra3
1720 723 1883 786 quae
1940 723 2016 766 ex
2061 703 2167 767 fici
2211 708 2352 768 tan-
2404 721 2432 762 5

339 791 480 855 tulo
545 811 749 876 grano
815 794 928 855 aut
991 812 1068 854 ex
1132 788 1299 855 acini
1361 789 1625 854 vinaceo
1689 793 1804 854 aut
1858 812 1935 854 ex
1991 794 2350 856 ceterarum

337 877 600 963 frugum
657 882 770 943 aut
830 878 1131 963 stirpium
1193 877 1646 942 minutissimis
1711 878 2065 943 seminibus
2128 883 2350 946 tan-tos

337 971 602 1031 truncos
665 988 1008 1051 ramosque
1070 970 1382 1051 procreet.
1480 965 1798 1050 Malleoli,
1860 966 2151 1051 plantae,
2218 989 2350 1032 sar-

338 1059 576 1138 menta,
612 1055 1010 1139 viviradices,
1045 1054 1436 1139 propagines
1464 1076 1675 1119 nonne
1704 1053 2009 1138 efficiunt,
2035 1059 2111 1120 ut
2137 1077 2351 1141 quem-

337 1143 436 1207 vis
484 1166 628 1208 cum
676 1142 1103 1208 admiratione
1160 1142 1523 1208 delectent?
1611 1141 1787 1206 Vitis
1844 1143 2127 1228 quidem,
2182 1165 2348 1227 quae
2379 1164 2431 1203 10

335 1236 572 1296 natura
616 1231 855 1297 caduca
899 1235 1000 1296 est
1045 1234 1128 1315 et,
1171 1230 1299 1295 nisi
1342 1230 1514 1295 fulta
1557 1234 1676 1313 est,
1719 1230 1927 1295 fertur
1968 1231 2050 1296 ad
2087 1236 2349 1317 terram,

338 1321 586 1404 eadem,
649 1323 724 1384 ut
778 1341 846 1385 se
902 1319 1139 1405 erigat,
1204 1318 1536 1384 claviculis
1602 1318 1734 1384 suis
1791 1319 1976 1402 quasi
2029 1320 2349 1406 manibus,

338 1408 638 1493 quicquid
676 1412 775 1472 est
809 1412 1020 1492 nacta,
1057 1407 1534 1492 complectitur3
1572 1429 1765 1490 quam
1794 1413 2163 1493 serpentem
2189 1411 2348 1473 mul-

336 1496 546 1581 tiplici
600 1496 789 1581 lapsu
843 1500 910 1561 et
964 1495 1236 1560 erratico
1290 1494 1465 1560 ferro
1531 1500 1874 1579 amputans
1933 1500 2186 1562 coercet
2240 1519 2347 1562 ars

338 1585 789 1670 agricolarum,
825 1606 905 1648 ne
944 1584 1247 1648 silvescat
1284 1583 1627 1648 sarmentis
1666 1587 1732 1647 et
1766 1584 1836 1649 in
1865 1606 2086 1649 omnes
2121 1589 2347 1670 partes
2376 1603 2429 1644 ιο

334 1674 538 1738 nimia
580 1672 904 1737 fundatur.
994 1672 1224 1755 Itaque
1268 1671 1528 1736 ineunte
1573 1693 1723 1736 vere
1768 1672 1837 1736 in
1880 1672 1989 1757 iis,
2044 1695 2207 1757 quae
2252 1695 2348 1739 re·

335 1761 492 1826 licta
538 1765 706 1844 sunt,
753 1760 971 1825 existit
1016 1764 1353 1844 tamquam
1399 1760 1480 1824 ad
1522 1760 1829 1826 articulos
1868 1766 2347 1827 sarmentorum

337 1871 430 1931 ea,
474 1870 639 1932 quae
686 1869 944 1934 gemma
985 1848 1234 1926 dicitur,
1281 1870 1323 1912 a
1359 1870 1487 1932 qua
1524 1848 1735 1913 oriens
1773 1871 1900 1913 uva
1938 1872 2006 1914 se
2045 1850 2347 1934 ostendit,

338 1960 500 2022 quae
549 1940 613 2002 et
660 1958 811 2003 suco
856 1940 1069 2002 terrae
1121 1940 1186 2002 et
1241 1937 1456 2002 calore
1510 1936 1669 2002 solis
1725 1958 2076 2023 augescens
2131 1940 2344 2024 primo

337 2030 438 2089 est
473 2026 824 2110 peracerba
859 2030 1145 2111 gustatu,
1180 2025 1408 2090 deinde
1446 2030 1774 2091 maturata
1808 2026 2119 2092 dulcescit
2155 2028 2347 2092 vesti·
2373 2046 2428 2085 20

335 2118 531 2198 taque
584 2114 907 2198 pampinis
971 2136 1088 2179 nec
1150 2113 1401 2180 modico
1466 2118 1690 2198 tepore
1752 2119 1931 2180 caret
1985 2119 2052 2180 et
2108 2116 2344 2181 nimios

336 2202 493 2267 solis
559 2201 842 2266 defendit
905 2203 1181 2268 ardores.
1292 2201 1433 2278 Qua
1496 2202 1649 2287 quid
1711 2207 1930 2287 potest
1996 2225 2134 2268 esse
2198 2226 2342 2270 cum

331 2290 547 2356 fructu
593 2291 846 2376 laetiuS,
891 2295 1031 2355 tum
1078 2295 1342 2376 aspectu
1386 2291 1767 2375 pulchrius?
1841 2289 2038 2357 Cuius
2085 2292 2342 2376 quidem

333 2401 465 2445 non
509 2379 760 2444 utilitas
807 2401 909 2444 me
957 2381 1194 2463 solum,
1247 2383 1324 2444 ut
1377 2383 1527 2444 ante
1584 2380 1740 2463 dixi,
1796 2379 1907 2444 sed
1962 2380 2159 2445 etiam
2216 2382 2343 2446 cul-

333 2472 485 2532 tura
529 2471 596 2532 et
637 2472 873 2532 natura
918 2469 1060 2554 ipsa
1114 2468 1421 2551 delectat,
1476 2468 2012 2533 adminiculorum
2067 2468 2343 2553 ordines,
2371 2486 2424 2526 2⁵

334 2555 619 2640 capitum
662 2556 940 2641 iugati0,
993 2556 1296 2642 religatio
1347 2559 1411 2620 et
1455 2557 1843 2642 propagatio
1890 2557 2151 2641 vitium,
2211 2578 2342 2623 sar-

333 2648 698 2708 mentorum
745 2665 838 2728 ea,
885 2665 1079 2727 quam
1127 2644 1274 2728 dixi,
1322 2645 1597 2709 aliorum
1636 2645 2015 2729 amputatio,
2062 2608 2341 2712 aliorum

331 2730 642 2794 inmissio.
735 2729 902 2805 Quid
957 2752 1077 2817 ego
1131 2732 1573 2817 irrigationes,
1635 2732 1787 2816 quid
1831 2732 2149 2799 fossiones
2197 2735 2341 2821 agri

331 2818 1002 2903 repastinationesque
1065 2819 1283 2905 profer
1285 2842 1419 2904 am,
1484 2820 1715 2904 quibus
1769 2821 1846 2885 fit
1900 2822 2109 2886 multo
2164 2827 2341 2887 terra

330 2906 705 2972 fecundior?
763 2907 915 2991 quid
965 2908 1040 2972 de
1086 2908 1374 2973 utilitate
1428 2909 1659 2992 loquar
1706 2909 2150 2975 stercorandi?
2211 2911 2343 2975 dixi
2371 2928 2426 2968 ³0

330 2996 399 3059 in
445 3017 520 3060 eo
576 2996 772 3079 libro,
828 3018 1019 3080 quem
1074 2996 1149 3061 de
1202 2998 1397 3061 rebus
1452 2997 1711 3062 rusticis
1767 2998 2024 3083 scripsi3
2084 2997 2160 3063 de
2216 3021 2343 3082 qua
2415 3022 2416 3025 ¹

332 3083 556 3148 doctus
603 3046 926 3149 Hesiodus
970 3106 1051 3149 ne
1088 3085 1358 3150 verbum
1397 3086 1655 3170 quidem
1698 3085 1873 3170 fecit,
1918 3109 2063 3151 cum
2100 3086 2177 3152 de
2215 3088 2343 3151 cul·

330 3175 481 3236 tura
526 3173 670 3258 agri
716 3173 1044 3238 scriberet.
1117 3173 1210 3237 At
1245 3172 1588 3256 Homerus,
1636 3174 1747 3258 qui
1783 3174 2027 3259 multis,
2070 3178 2146 3239 ut
2182 3175 2344 3240 mihi

329 3259 600 3344 videtur,
647 3265 796 3325 ante
843 3261 1116 3327 saeculis
1160 3262 1312 3346 fuit,
1358 3262 1662 3327 Laertam
1707 3263 2055 3328 lenientem
2103 3263 2342 3329 deside·

330 3346 526 3431 rium,
581 3348 751 3432 quod
798 3350 1096 3434 capiebat
1141 3373 1175 3414 e
1220 3314 1384 3434 filio,
1439 3350 1758 3416 colentem
1803 3372 2034 3438 agrum
2081 3355 2147 3416 et
2192 3373 2341 3417 eum
2367 3369 2423 3411 es

331 3437 795 3500 stercorantem
831 3437 1004 3501 facit.
1075 3437 1212 3504 Nec
1248 3460 1401 3503 vero
1440 3439 1771 3524 segetibus
1801 3441 2011 3506 solum
2041 3445 2107 3504 et
2133 3441 2341 3523 pratis

331 3522 397 3582 et
423 3521 626 3585 vineis
663 3526 727 3586 et
765 3524 1046 3590 arbustis
1084 3548 1188 3590 res
1225 3528 1505 3593 rusticae
1543 3529 1753 3592 laetae
1783 3532 1952 3602 sunt,
1990 3527 2101 3592 sed
2126 3528 2340 3594 hortis
