2630 3913
254 2862 357 2990 {³}ss

363 179 449 242 46
1145 177 1243 231 DE
1280 176 1581 244 ormcns

361 340 461 403 uti
505 341 730 425 lingua
773 340 1008 405 Latina
1050 341 1473 424 putabantu13
1528 361 1722 404 sonus
1778 343 1918 405 erat
1972 339 2203 423 dulcis,
2262 341 2367 406 lit-

361 433 539 493 terae
582 450 789 512 neque
835 450 1171 512 expressae
1205 449 1411 511 neque
1449 449 1812 512 oppressae,
1856 449 1939 492 ne
1984 431 2098 492 aut
2144 429 2367 494 obscu-

361 537 507 581 rum
571 520 741 581 esset
804 520 917 580 aut
988 515 1309 601 putidum,
1380 515 1517 580 sine
1588 515 1997 580 contentione
2060 537 2187 581 vox
2248 538 2366 582 nec

363 605 676 689 languens
734 625 850 670 nec
904 618 1156 669 canora.
1243 603 1523 669 Uberior
1577 603 1786 668 oratio
1840 603 1910 667 L.
1966 602 2187 669 Crassi
2247 625 2366 670 nec

363 693 575 756 minus
610 691 839 775 faceta,
886 693 998 757 sed
1032 692 1194 757 bene
1231 691 1535 776 loquendi
1572 691 1649 756 de
1686 690 1934 756 Catulis
1972 692 2189 777 opinio
2234 714 2366 757 non
2421 710 2447 750 ⁵

362 779 590 844 minor.
688 778 836 845 Sale
897 802 1050 845 vero
1114 784 1180 845 et
1240 780 1493 845 facetiis
1552 778 1815 864 Caesar,
1878 778 2097 845 Catuli
2158 781 2366 865 patris

360 866 590 949 frater,
650 868 807 934 vicit
870 890 1119 952 omneS,
1182 872 1257 932 ut
1315 870 1387 932 in
1446 867 1564 932 illo
1628 867 1771 952 ipso
1834 867 2077 933 forensi
2133 889 2366 954 genere

364 955 611 1020 dicendi
673 957 1115 1021 contentiones
1180 956 1453 1021 aliorum
1518 976 1811 1020 sermone
1878 955 2179 1021 vinceret.
2286 955 2366 1021 In

363 1045 661 1109 omnibus
715 1044 917 1130 igitur
970 1044 1073 1109 his
1127 1044 1587 1109 elaborandum
1643 1047 1768 1126 est,
1830 1043 1886 1108 si
1938 1043 2008 1108 in
2062 1044 2241 1109 omni
2293 1066 2363 1109 re

260 1148 360 1197 134
389 1131 542 1215 quid
588 1133 809 1197 deceat
855 1132 1263 1216 exquirimus.
1347 1130 1446 1197 Sit
1491 1152 1647 1218 ergo
1692 1131 1799 1197 hic
1845 1152 2074 1216 sermo,
2117 1133 2189 1196 in
2234 1154 2360 1216 quo
2394 1151 2447 1190 ιο

364 1217 672 1285 Socratici
718 1221 996 1286 maxime
1042 1221 1380 1305 excellunt,
1424 1220 1589 1285 lenis
1625 1218 2012 1303 minimeque
2048 1220 2364 1305 pertinax,

361 1308 519 1373 insit
554 1309 624 1372 in
660 1331 734 1374 eo
773 1310 982 1394 lepos3
1025 1331 1143 1374 nec
1187 1331 1357 1392 vero,
1402 1312 1736 1391 tamquam
1781 1307 1851 1372 in
1889 1309 2362 1392 possessionem

363 1418 545 1461 suam
582 1397 849 1481 venerit,
886 1397 1182 1463 excludat
1218 1397 1401 1479 alioS,
1437 1396 1550 1461 sed
1585 1418 1731 1460 cum
1765 1395 2032 1479 reliquis
2059 1397 2127 1460 in
2155 1397 2376 1493 rebus!

361 1489 501 1549 tum
546 1485 615 1549 in
660 1507 954 1550 sermone
999 1485 1322 1550 communi
1366 1483 1872 1549 vicissitudinem
1907 1505 2038 1549 non
2074 1484 2364 1568 iniquam

359 1576 574 1657 putet3
620 1594 694 1638 ac
729 1573 946 1638 videat
984 1573 1056 1637 in
1099 1573 1326 1657 primis
1392 1572 1622 1656 quibus
1670 1571 1747 1636 de
1792 1573 1984 1637 rebus
2031 1573 2444 1657 loquatur31⁵

362 1660 417 1725 si
463 1660 665 1742 seriis,
711 1661 1123 1725 severitatem
1169 1661 1319 1725 adhi
1370 1664 1492 1744 eat,
1538 1660 1592 1724 si
1638 1659 1889 1742 iocosis,
1933 1661 2245 1745 leporem3
2296 1662 2365 1726 in

359 1748 710 1833 primisque
755 1749 1090 1833 provideat
1096 1781 1122 1851 7
1161 1770 1241 1812 ne
1287 1770 1498 1813 sermo
1545 1748 1775 1813 vitium
1821 1748 2084 1831 aliquod
2127 1749 2366 1815 indicet

359 1836 568 1900 inesse
621 1837 689 1899 in
744 1837 1059 1920 moribus;
1120 1835 1290 1920 quod
1343 1858 1639 1901 maxume
1693 1840 1833 1900 tum
1880 1837 2048 1901 solet
2093 1838 2363 1920 evenire,

361 1945 504 1990 cum
552 1923 837 1990 studiose
884 1924 961 1990 de
1005 1925 1382 1991 absentibus
1429 1924 1805 1990 detrahendi
1850 1945 2044 1991 causa
2090 1929 2203 1991 aut
2245 1948 2363 2011 per

359 2012 701 2077 ridiculum
736 2017 851 2078 aut
887 2035 1104 2079 severe
1140 2014 1449 2078 maledice
1485 2013 2072 2097 contumelioseque
2109 2014 2359 2080 dicitur.
2390 2033 2445 2072 2⁰

257 2115 359 2165 135
386 2099 729 2165 Habentur
782 2105 999 2167 autem
1051 2102 1431 2187 plerumque
1486 2122 1811 2166 sermones
1866 2106 1980 2167 aut
2029 2102 2105 2168 de
2150 2103 2361 2167 dome·

361 2188 541 2254 sticis
585 2190 865 2273 negotiis
914 2194 1026 2255 aut
1071 2190 1148 2255 de
1184 2212 1253 2255 re
1290 2190 1552 2274 publica
1589 2193 1702 2255 aut
1739 2190 1816 2254 de
1855 2190 2093 2254 artium
2129 2191 2360 2255 studiis

361 2281 554 2360 atque
600 2276 908 2342 doctrina.
997 2278 1229 2344 Danda
1271 2278 1475 2364 igitur
1519 2300 1715 2363 opera
1769 2281 1896 2376 est,
1951 2283 2046 2361 ut,
2105 2278 2363 2344 etiamsi

361 2366 660 2431 aberrare
714 2365 797 2430 ad
852 2367 983 2432 alia
1035 2368 1343 2452 coeperit,
1397 2366 1479 2431 ad
1532 2366 1691 2431 haec
1744 2370 2079 2431 revocetur
2135 2367 2360 2451 oratio;

360 2454 471 2519 sed
525 2457 869 2537 utcumque
925 2455 1228 2539 aderunt5
1281 2475 1489 2538 neque
1553 2455 1722 2519 enim
1780 2454 1982 2519 isdem
2038 2454 2114 2519 de
2167 2455 2358 2520 rebus
2389 2471 2442 2514 2⁵

358 2563 475 2607 nec
521 2542 696 2607 omni
741 2547 1032 2627 tempore
1076 2565 1195 2608 nec
1239 2543 1541 2607 similiter
1577 2542 1984 2607 delectamur.
2056 2542 2361 2608 Animad-

358 2629 736 2694 vertendum
790 2634 891 2695 est
944 2631 1180 2728 etiam,
1231 2634 1546 2713 quatenus
1602 2651 1810 2695 sermo
1870 2630 2360 2696 delectationem

360 2717 616 2869 habdeat,
662 2721 755 2813 εξ,
790 2722 865 2782 ut
907 2717 1253 2803 incipiendi
1295 2718 1464 2783 ratio
1508 2717 1723 2801 fuerit,
1767 2719 1862 2783 ita
1907 2718 1995 2782 sit
2030 2717 2355 2784 desinendi

361 2826 466 2869 mo
512 2826 604 2869 us.
1970 2868 1974 2872 ⁴

492 2892 615 2958 Sed
663 2915 788 2977 quo
835 2894 1025 2958 modo
1063 2894 1132 2958 in
1170 2894 1347 2959 omni
1381 2895 1520 2960 vita
1555 2894 1909 2960 rectissime
1949 2896 2367 2989 praecipitur,
2385 2911 2439 2952 ³⁰

358 2986 433 3047 ut
460 2982 980 3067 perturbationes
1017 2982 1364 3068 fugiamus,
1398 2983 1465 3047 id
1502 2986 1602 3047 est
1637 2987 1852 3048 motus
1890 2984 2088 3048 animi
2123 2984 2356 3049 nimios

358 3070 596 3135 rationi
657 3092 790 3134 non
853 3073 1407 3156 optemperanteS,
1482 3071 1573 3135 sic
1638 3071 1772 3135 eius
1836 3072 2012 3136 modi
2073 3072 2357 3137 motibus

358 3180 569 3223 sermo
617 3158 806 3223 debet
848 3180 1103 3242 vacare,
1155 3180 1236 3224 ne
1290 3164 1404 3224 aut
1456 3159 1555 3223 ira
1600 3159 1836 3223 existat
1883 3164 1996 3224 aut
2040 3160 2356 3245 cupiditas

359 3247 578 3329 aliqua
622 3250 736 3311 aut
778 3247 1049 3332 pigritia
1095 3250 1207 3311 aut
1250 3247 1514 3333 ignavia
1560 3250 1673 3311 aut
1717 3247 1850 3311 tale
1886 3248 2130 3332 aliquid
2167 3270 2358 3332 appa-

356 3338 517 3417 reat,
561 3334 963 3418 maximeque
999 3335 1352 3400 curandum
1388 3338 1504 3424 est,
1539 3338 1614 3398 ut
1649 3356 1758 3399 eos
1819 3336 2195 3419 quibuscum
2233 3357 2356 3400 ser·
2384 3352 2434 3394 ³⁵

357 3442 612 3485 monem
668 3420 1096 3506 conferemus,
1159 3427 1225 3487 et
1278 3423 1486 3489 vereri
1550 3426 1617 3487 et
1678 3380 1947 3509 dil’igere
2009 3423 2356 3489 videamur.

353 3505 857 3595 Obiurgationes
913 3505 1110 3574 etiam
1162 3532 1295 3576 non
1342 3532 1695 3597 numquam
1738 3512 2028 3577 incidunt
2069 3532 2358 3577 necessa-
