2630 3913
343 203 428 264 92
1125 200 1222 254 DE
1260 200 1559 256 ormcns

345 362 533 427 modo
581 384 657 426 ea
703 362 978 427 discerni
1025 366 1372 446 oporteret,
1419 363 1496 427 de
1543 363 1792 427 duobus
1839 363 2183 449 generibus
2229 363 2356 449 pri·

345 450 467 515 mis
522 450 733 514 tribus
788 449 975 514 libris
1031 450 1404 534 explicavit,
1465 451 1542 516 de
1596 451 1792 515 tertio
1849 455 2068 516 autem
2122 472 2355 537 genere

345 539 641 623 deinceps
697 560 766 603 se
822 537 1083 621 scripsit
1139 537 1460 603 dicturum
1513 561 1630 604 nec
1690 539 1966 604 exsolvit
2029 539 2136 622 id,
2187 541 2355 624 quod

273 643 306 693 8
343 627 749 712 promiserat.
842 624 1027 700 Quod
1073 647 1147 689 eo
1196 626 1406 711 magis
1463 626 1690 710 miror,
1751 627 1903 711 quia
1957 628 2272 712 scriptum
2319 652 2358 693 a

344 714 659 799 discipulo
726 714 861 778 eius
924 712 1270 779 Posidonio
1338 718 1437 778 est
1519 715 1795 799 triginta
1868 716 2053 780 annis
2118 716 2355 782 vixisse
2412 736 2438 776 ε

341 803 774 885 Panaetium*
805 804 1233 886 posteaquam
1287 803 1438 866 illos
1486 803 1690 868 libros
1739 804 2061 869 edidisset.
2153 803 2355 880 Quem

343 892 557 956 locum
594 891 794 955 miror
832 913 870 954 a
905 889 1254 955 Posidonio
1302 890 1586 955 breviter
1633 913 1771 956 esse
1817 895 2068 957 tactum
2111 891 2182 957 in
2223 894 2356 977 qui-

343 979 617 1044 busdam
664 979 1163 1061 commentariiS,
1207 980 1594 1063 praesertim
1638 1001 1783 1044 cum
1826 981 2069 1045 scribat
2104 981 2355 1046 nullum

273 1085 304 1132 9
344 1089 483 1132 esse
513 1067 978 1132 locumintota
1001 1067 1419 1152 philosophia
1437 1071 1576 1132 tam
1592 1069 2042 1133 necessarium.
2089 1068 2356 1134 Minime

343 1177 495 1220 vero
544 1155 865 1220 assentior
909 1155 1041 1234 iis?
1066 1155 1176 1239 qui
1219 1159 1464 1241 negant
1510 1178 1656 1220 eum
1702 1157 1915 1222 locum
1962 1180 2000 1221 a
2043 1156 2356 1223 Panaetio
2389 1181 2441 1219 10

345 1243 889 1330 praetermissum,
927 1243 1039 1307 sed
1077 1244 1371 1308 consulto
1409 1244 1725 1322 relictum,
1761 1266 1879 1310 nec
1916 1245 2177 1310 omnino
2207 1247 2356 1310 scri·

345 1331 625 1397 bendum
660 1331 877 1415 fuisse,
917 1332 1067 1415 quia
1101 1354 1454 1415 numquam
1491 1337 1713 1416 posset
1757 1333 2010 1398 utilitas
2055 1355 2201 1398 cum
2247 1335 2357 1399 ho-

344 1424 600 1485 nestate
646 1441 953 1505 pugnare.
1025 1419 1123 1483 De
1170 1442 1296 1503 quo
1335 1421 1613 1484 alterum
1649 1424 1866 1505 potest
1902 1421 2142 1486 habere
2180 1422 2355 1487 dubi·

346 1509 687 1591 tationem,
752 1507 1264 1573 adhibendumne
1326 1507 1523 1573 fuerit
1576 1509 1699 1574 hoc
1763 1531 2007 1595 genus,
2057 1511 2228 1594 quod
2289 1511 2357 1574 in

347 1597 658 1661 divisione
712 1595 984 1660 Panaeti
1039 1595 1307 1659 tertium
1362 1600 1500 1679 est,
1542 1619 1627 1661 an
1670 1598 1863 1681 plane
1910 1597 2356 1681 omittendum,
2387 1620 2439 1659 ιο

346 1686 624 1749 alterum
670 1682 955 1747 dubitari
999 1704 1131 1747 non
1174 1687 1411 1768 potest,
1459 1685 1615 1767 quin
1662 1707 1701 1749 a
1745 1685 2056 1750 Panaetio
2104 1708 2356 1771 suscep·

345 1778 485 1836 tum
532 1771 657 1855 sit*
684 1771 796 1835 sed
842 1771 1156 1835 relictum.
1202 1770 1402 1835 -Nam
1441 1773 1551 1856 qui
1587 1794 1621 1836 e
1668 1773 1980 1839 divisione
2025 1775 2357 1859 tripertita

346 1861 503 1924 duas
548 1862 767 1943 partes
828 1858 1208 1942 absolverit,
1264 1859 1414 1924 huic
1465 1882 1725 1925 necesse
1781 1866 1879 1925 est
1932 1867 2179 1927 restare
2232 1869 2356 1928 ter-

345 1948 534 2031 tiam3
592 1950 928 2032 praeterea
972 1947 1039 2012 in
1086 1951 1372 2013 extremo
1419 1949 1588 2014 libro
1636 1950 1832 2015 tertio
1880 1950 1957 2015 de
2002 1951 2124 2017 hac
2170 1955 2355 2036 parte

248 2055 307 2101 ιο
345 2036 690 2186 ΡοΙῌοεῖω·
736 2057 806 2186 sti>
854 2036 1151 2187 deIipceps
1200 2058 1340 2137 esse
1387 2037 1723 2138 dicturum.
1814 2038 2101 2191 Accgdit·
2132 2041 2355 2105 eodem
2384 2062 2442 2103 zo

344 2128 533 2277 &22¹³
550 2145 951 2296 033231512.
974 2146 1330 2277 ⁰353}ssss
1382 2130 1930 2280 {ssffissmffioess‘zn
1946 2132 2182 2299 Βῗιθῗὲ,
2207 2152 2354 2301 Ἓξ

345 2301 726 2366 Panaetium
764 2300 1072 2384 audierat,
1109 2305 1182 2365 ut
1216 2323 1407 2366 nemo
1444 2303 1654 2386 pictor
1692 2307 1861 2367 esset
1888 2303 2218 2392 inventus,
2246 2306 2355 2389 qui

345 2390 413 2454 in
458 2388 593 2455 Coa
632 2388 882 2453 Venere
930 2411 1071 2453 eam
1118 2393 1408 2484 partem,
1437 2412 1630 2473 quam
1674 2389 1942 2475 Apelles
1985 2393 2353 2458 inchoatam

345 2478 750 2561 reliquisset,
761 2477 1129 2542 absolveret
1150 2477 1309 2561 (oris
1331 2477 1501 2542 enim
1520 2479 1933 2563 pulchritudo
1962 2480 2195 2565 reliqui
2221 2503 2356 2547 cor·
2384 2502 2443 2545 κ

345 2566 521 2650 poris
558 2564 857 2629 imitandi
894 2587 1075 2649 spem
1113 2562 1495 2653 auferebat),
1543 2567 1635 2631 sic
1676 2589 1781 2650 ea,
1809 2590 1971 2651 quae
2006 2568 2355 2635 Panaetius

343 2652 886 2738 praetermisisset
916 2655 1009 2733 [et
1034 2674 1166 2717 non
1197 2652 1600 2737 perfecisset]
1629 2658 1898 2740 propter
1924 2678 2173 2742 eorum,
2193 2680 2356 2743 quae

266 2799 306 2860 3
344 2740 754 2825 perfecisset,
788 2740 1258 2825 praestantiam
1301 2742 1624 2806 neminem
1669 2748 2095 2827 persecutum.

248 2875 303 2921 11
477 2825 685 2902 Quam
741 2828 824 2891 ob
889 2850 1025 2892 rem
1095 2828 1172 2892 de
1235 2829 1470 2894 iudicio
1533 2830 1806 2895 Panaeti
1879 2832 2163 2898 dubitari
2224 2856 2357 2900 non

345 2919 590 3000 potest3
639 2919 893 2980 rectene
940 2920 1157 2981 autem
1203 2916 1370 2982 hanc
1415 2919 1678 2983 tertiam
1723 2924 1977 3003 partem
2022 2923 2106 2987 ad
2143 2923 2358 3006 exqui-
2383 2944 2443 2985 so

345 3004 616 3069 rendum
663 3003 947 3069 officium
994 3004 1358 3069 adiunxerit
1412 3028 1498 3070 an
1550 3028 1761 3091 secus,
1815 3008 1893 3073 de
1947 3030 2023 3075 eo
2078 3009 2357 3075 fortasse

347 3091 665 3176 disputari
709 3096 944 3176 potest.
1034 3091 1225 3177 Nam,
1272 3093 1408 3158 sive
1453 3094 1801 3160 honestum
1855 3097 2068 3162 solum
2115 3098 2357 3164 bonum

348 3184 463 3258 est,
510 3184 584 3245 ut
629 3178 863 3245 Stoicis
908 3180 1143 3266 placet,
1189 3181 1344 3265 sive,
1391 3182 1562 3265 quod
1606 3183 1953 3249 honestum
1989 3189 2109 3270 est,
2151 3186 2220 3251 id
2262 3187 2361 3252 ita

344 3289 667 3333 summum
722 3268 965 3333 bonum
1020 3273 1146 3353 est,
1207 3291 1397 3353 quem
1452 3270 1534 3335 ad
1589 3272 1852 3338 modum
1907 3272 2358 3358 Peripateticis

342 3356 580 3420 vestris
625 3355 897 3440 videtur,
946 3360 1020 3420 ut
1058 3357 1275 3422 omnia
1311 3379 1391 3422 ex
1426 3358 1634 3424 altera
1670 3364 1856 3443 parte
1892 3361 2217 3428 collocata
2250 3364 2359 3429 vix
2388 3381 2444 3423 sa

345 3442 595 3507 minimi
643 3444 956 3508 momenti
1001 3444 1210 3509 instar
1254 3445 1558 3530 habeant,
1604 3446 2029 3514 dubitandum
2073 3472 2206 3516 non
2243 3456 2370 3538 est,
2517 3445 2525 3450 ἱ

346 3528 503 3610 quin
545 3550 899 3613 numquam
953 3532 1164 3615 possit
1207 3533 1462 3597 utilitas
1508 3556 1655 3599 cum
1707 3535 2048 3601 honestate
2102 3542 2351 3604 conten·
