2630 3913
815 206 1262 262 ORATIONUM.
1302 210 1367 261 A.
1406 206 1506 260 XV
1544 207 1726 261 9-B.
1772 214 1815 260 l.
2191 207 2320 270 285

312 368 417 434 Sic
447 370 640 450 petivi
676 389 718 433 a
753 370 1070 447 iudicibus,
1112 374 1201 447 ut,
1243 369 1536 450 quoniam
1579 370 1833 451 quidam
1868 368 2094 433 nobiles
2129 368 2319 433 homi·

310 478 415 522 nes
468 463 527 522 et
574 459 649 522 de
710 479 805 522 me
866 459 1086 539 optime
1145 459 1351 521 meriti
1412 458 1604 522 nimis
1662 463 1945 522 amarent
2000 458 2321 522 inimicum

310 566 510 610 meum
563 566 769 627 meque
819 547 1189 627 inspectante
1236 565 1410 626 saepe
1453 566 1589 610 eum
1635 547 1706 609 in
1757 551 1973 610 senatu
2018 547 2192 610 modo
2235 566 2320 611 se-

309 655 442 700 vere
483 637 839 718 seducerent,
883 636 1059 699 modo
1099 634 1504 713 familiariter
1547 639 1727 715 atque
1769 633 1967 698 hilare
2010 635 2320 716 amplexa-

259 743 284 781 5
310 727 551 804 rentur,
603 724 1007 804 quoniamque
1050 722 1149 787 illi
1192 722 1477 787 haberent
1517 743 1698 787 suum
1744 722 2061 804 Publium,
2105 724 2323 787 darent

308 811 464 875 mihi
509 813 630 892 ipsi
675 813 872 876 alium
909 811 1220 888 Publium,
1264 813 1335 874 in
1378 832 1494 892 quo
1519 830 1760 892 possem
1795 811 2044 876 illorum
2079 814 2322 875 animos

310 900 690 964 mediocriter
736 901 1047 964 lacessitus
1091 900 1293 963 leviter
1337 919 1681 981 repunyere.

442 988 501 1052 2.
548 986 743 1053 Schol.
781 988 935 1052 Bob.
979 990 1049 1052 in
1087 987 1290 1052 Vatin.
1330 993 1385 1051 6.
1422 992 1504 1052 14
1532 1010 1596 1069 p.
1632 992 1775 1052 317.
1812 992 1894 1053 10
1939 988 2077 1052 Hoc
2119 990 2321 1070 ipsum

311 1076 430 1156 (‘te
465 1075 916 1159 Pythayoreum
958 1077 1111 1141 soles
1155 1074 1401 1158 dicere’)
1426 1077 1780 1157 plenissime
1814 1079 2109 1159 purgavit
2144 1082 2323 1158 atque

235 1182 285 1222 ιο
310 1165 575 1243 defendit
617 1170 675 1228 et
713 1184 839 1229 non
882 1166 1015 1229 sine
1050 1165 1229 1229 laude
1252 1165 1519 1246 protulit
1559 1166 1629 1228 in
1672 1185 1744 1229 ea
1788 1167 2089 1243 oratione,
2134 1186 2323 1246 quam

301 1274 423 1334 pro
467 1254 598 1334 ipso
656 1252 902 1317 Vatinio
946 1253 1199 1317 scribere
1240 1254 1559 1334 adgressus
1602 1257 1704 1317 est.

447 1340 506 1404 3.
542 1340 799 1405 Hieron.
836 1342 993 1422 apol.
1032 1342 1166 1406 adv.
1196 1340 1408 1423 Rufin.
1435 1341 1568 1404 III
1595 1346 1678 1405 39
1710 1341 1778 1405 Τ.
1806 1341 1898 1405 ΙΙ
1915 1362 1982 1423 p.
2010 1340 2317 1422 565Bsq.

325 1428 588 1495 Vallars.
676 1429 833 1511 Leye
875 1449 995 1510 pro
1061 1429 1307 1494 Vatinio
1362 1430 1816 1494 oratiunculam
1867 1435 1926 1493 et
1973 1430 2162 1510 alias,
2216 1431 2321 1494 ubi

313 1518 745 1583 sodaliciorum
788 1519 1011 1582 mentio
1054 1519 1142 1597 fit.

237 1623 285 1663 1⁵
444 1608 504 1670 4.
534 1606 697 1671 Plus
731 1626 919 1688 quam
953 1607 1130 1671 semel
1166 1628 1207 1669 a
1235 1605 1420 1672 Calvo
1455 1612 1805 1671 accusatum
1841 1626 1962 1671 esse
2001 1605 2321 1670 Vatinium

311 1700 559 1777 constat,
603 1696 696 1760 bis
730 1695 1041 1775 defensum
1075 1715 1118 1758 a
1153 1694 1435 1761 Cicerone
1466 1715 1648 1778 unus,
1691 1695 1854 1776 quod
1884 1696 2092 1771 sciam,
2144 1699 2319 1759 testa-

313 1789 414 1848 tur
460 1784 592 1849 Val.
637 1784 817 1848 Max.
863 1784 980 1849 IV
1003 1788 1068 1849 2.
1103 1787 1147 1847 4
1159 1805 1181 1847 :
1225 1782 1494 1865 (Cicero)
1538 1783 1611 1847 P.
1670 1783 1988 1848 Vatinium
2031 1784 2321 1866 diynitati

310 1892 456 1937 suae
499 1873 790 1953 infestum
834 1872 1067 1938 duobus
1099 1872 1366 1954 publicis
1411 1873 1659 1936 iudiciis
1706 1877 1937 1937 tutatus
1981 1877 2082 1937 est.

1107 2052 1321 2060 -—.-—————

536 2176 723 2235 XVII.
790 2175 938 2236 PRO
982 2176 1682 2238 NEGOTIATORIBUS
1730 2176 2092 2238 ACHAEIS.

236 2329 289 2370 ιο
448 2312 611 2378 Non.
647 2315 795 2378 225.
831 2317 916 2378 12
959 2312 1356 2395 Synqraphas
1394 2315 1694 2393 feminino
1733 2335 1946 2397 qenere
1981 2316 2075 2379 M.
2116 2315 2319 2381 Tullio

314 2405 555 2466 auctore
597 2402 855 2466 dicimus
881 2422 999 2482 pro
1035 2404 1504 2483 neyotiatoribus
1539 2403 1834 2469 Achaeis:
1880 2400 2319 2488 SyngraphaS,

317 2510 474 2575 quas
521 2493 747 2554 nostra
795 2490 1128 2554 voluntate
1176 2491 1689 2576 conscripsimus.

1105 2740 1526 2750 *ψη-

370 2947 441 3013 Β.
501 2947 1084 3014 INCERTARUM
1130 2949 1654 3015 ORATIONUM
1698 2949 2258 3017 FRAGMENTA.

174 3185 191 3200 .
449 3111 503 3173 1.
550 3107 746 3173 Rutil.
791 3109 949 3191 Imp.
995 3110 1045 3174 I
1080 3115 1123 3175 3
1159 3132 1226 3192 p.
1271 3114 1332 3176 4.
1376 3113 1469 3175 27
1512 3110 1729 3175 Halm.
1818 3114 2316 3195 Παρονομασία.

231 3213 283 3254 25
311 3196 450 3261 Hoc
493 3203 605 3261 aut
646 3199 927 3263 addenda
970 3204 1083 3263 aut
1123 3200 1414 3264 demenda
1467 3204 1579 3263 aut
1629 3201 1929 3265 mutanda
1970 3204 2083 3264 aut
2112 3204 2315 3282 porri-

304 3286 505 3367 yenda
548 3291 660 3351 aut
702 3286 1109 3352 contrahenda
1152 3288 1356 3353 littera
1398 3292 1511 3352 aut
1550 3287 1786 3369 syllaba
1827 3288 1966 3369 fieri
2000 3292 2315 3355 consuevit.

311 3372 395 3437 Id
445 3380 533 3439 est
582 3373 767 3440 huius
818 3377 1015 3440 modi:
1076 3412 1150 3421 —
1202 3376 1393 3441 Item:
1452 3375 1542 3439 At
1596 3375 1787 3440 huius
1833 3377 2316 3443 sceleratissimi

310 3481 532 3546 opera,
598 3464 707 3547 qui
765 3462 891 3528 fuit
945 3464 1124 3529 locus
1181 3464 1708 3550 religiosissimus
1755 3513 1768 3527 .
1819 3514 1830 3526 .
1880 3514 1892 3527 .
1941 3515 1954 3528 .
2009 3466 2314 3531 nimirum

312 3551 613 3632 quoniam
652 3552 961 3616 traditam
1000 3552 1125 3616 sibi
1162 3553 1564 3636 publicorum
1598 3553 1954 3617 custodiam
1985 3576 2313 3621 sacrorum
