2630 3913
325 167 363 229 7
369 167 409 230 8
1107 164 1205 218 DE
1243 163 1545 220 OFFICIIS

325 328 473 394 simi
535 351 667 394 non
729 327 1036 412 probant,
1093 331 1168 390 ut
1230 330 1297 389 et
1349 325 1456 391 hic
1511 326 1651 411 ipse
1705 326 2081 410 Panaetius,
2147 350 2338 413 quem

325 418 604 482 multum
648 417 716 481 in
761 416 864 480 his
912 414 1097 479 libris
1145 419 1402 479 secutus
1450 437 1620 498 sum,
1674 437 1806 480 non
1850 417 2338 501 interpretatuS‚

325 510 392 571 et
417 505 770 570 Phalereus
798 503 1185 586 Demetrius,
1232 503 1344 587 qui
1370 502 1703 586 Periclem,
1749 503 2107 590 principem
2143 503 2337 571 Grae·

324 596 489 678 ciae,
542 594 896 677 vituperat,
959 592 1131 676 quod
1185 595 1439 656 tantam
1492 592 1830 677 pecuniam
1883 592 1952 656 in
2004 595 2340 677 praeclara

323 685 441 748 illa
485 682 841 767 propylaea
884 680 1245 745 coniecerit.
1339 678 1463 744 Sed
1510 680 1586 744 de
1632 680 1756 746 hoc
1804 702 2035 766 genere
2079 684 2222 748 toto
2268 683 2338 746 in
2390 698 2420 741 ⁵

322 773 404 835 iis
460 771 674 853 libris,
728 790 889 853 quos
946 769 1022 833 de
1077 791 1145 833 re
1201 768 1461 853 publica
1517 769 1772 853 scripsi,
1837 769 2183 854 diligenter
2238 776 2339 836 est

325 861 743 945 disputatum.
817 856 985 922 Tota
1029 857 1234 942 igitur
1279 857 1447 921 ratio
1494 857 1726 921 talium
1773 858 2196 942 largitionum
2232 882 2338 945 ge-

323 969 475 1013 nere
519 948 759 1011 vitiosa
805 950 923 1029 est,
968 945 1372 1029 temporibus
1417 946 1798 1028 necessaria,
1845 951 1912 1010 et
1947 950 2087 1011 tum
2122 948 2338 1032 ipsum

325 1042 391 1102 et
438 1036 517 1100 ad
563 1034 910 1101 facultates
956 1035 1500 1099 accommodanda
1545 1038 1610 1098 et
1648 1034 2090 1100 mediocritate
2128 1036 2338 1101 mode-

324 1124 528 1190 randa
573 1127 691 1188 est.
2366 1144 2421 1183 ιο

219 1183 303 1309 ἐιὸ
457 1213 536 1277 In
580 1212 698 1276 illo
737 1216 955 1277 autem
995 1213 1202 1276 altero
1242 1233 1475 1297 genere
1515 1211 1851 1296 largiendi,
1899 1212 2070 1295 quod
2108 1235 2148 1277 a
2183 1213 2339 1277 libe·

324 1303 588 1367 ralitate
615 1301 1065 1386 proficiscitur,
1097 1322 1227 1365 non
1255 1322 1384 1364 uno
1415 1299 1605 1364 modo
1634 1300 1702 1364 in
1731 1298 2097 1385 disparibus
2127 1302 2338 1366 causis

326 1390 561 1456 adfecti
608 1411 747 1454 esse
794 1389 1117 1453 debemus.
1208 1388 1364 1452 Alia
1408 1410 1603 1453 causa
1648 1391 1750 1452 est
1795 1388 1930 1453 eius
1941 1439 1958 1471 ,
2016 1389 2127 1472 qui
2172 1391 2339 1455 cala-

326 1480 555 1544 mitate
591 1478 928 1562 premitur,
963 1482 1029 1542 et
1066 1477 1221 1554 eius,
1259 1477 1371 1560 qui
1398 1497 1500 1540 res
1530 1476 1829 1540 meliores
1859 1478 2114 1561 quaerit
2138 1479 2338 1543 nullis

222 1586 286 1633 62
326 1569 459 1633 suis
507 1566 698 1631 rebus
745 1566 1052 1631 adversiS.
1123 1564 1515 1649 Propensior
1560 1565 1929 1650 benignitas
1978 1588 2117 1630 esse
2154 1567 2339 1631 debe·
2368 1585 2422 1625 ιε

324 1658 425 1721 bit
468 1656 539 1719 in
583 1655 1025 1736 calamitosos,
1079 1653 1209 1717 nisi
1259 1651 1431 1717 forte
1487 1657 1677 1717 erunt
1722 1653 1902 1738 digni
1947 1656 2338 1720 calamitate.

323 1745 402 1810 In
446 1744 527 1808 iis
573 1747 813 1826 tamen,
859 1743 968 1826 qui
1016 1763 1083 1806 se
1131 1741 1422 1805 adiuvari
1460 1743 1699 1824 volent,
1743 1764 1875 1806 non
1909 1764 1989 1807 ne
2028 1743 2339 1829 adfligan-

259 1872 274 1883 κ
324 1838 432 1898 tur
442 1883 460 1915 ,
507 1831 619 1895 sed
663 1835 738 1895 ut
783 1831 1084 1895 altiorem
1129 1829 1403 1914 gradum
1450 1830 1829 1913 ascendant,
1874 1832 2160 1897 restricti
2206 1855 2339 1897 om·

323 1922 477 1986 nino
517 1941 657 1985 esse
693 1920 875 1985 nullo
922 1918 1113 1984 modo
1161 1918 1484 2001 debemus,
1531 1918 1642 1983 sed
1687 1919 1757 1984 in
1804 1919 2160 2006 deligendis
2205 1921 2339 1987 ido-

326 2011 464 2076 neis
501 2009 806 2073 iudicium
853 2012 920 2073 et
966 2008 1372 2092 diligentiam
1410 2007 1732 2072 adhibere.
1799 2006 1973 2073 Nam
2007 2012 2336 2095 praeclare
2366 2030 2419 2069 ιο

326 2098 604 2164 Ennius:

414 2185 619 2251 Bene
672 2185 882 2250 facta
928 2185 1125 2250 male
1170 2186 1435 2250 locata
1479 2186 1677 2250 male
1722 2185 1932 2251 facta
1977 2187 2337 2254 arbitror.

222 2292 289 2340 63
328 2274 511 2352 Quod
559 2278 776 2339 autem
821 2273 1139 2338 tributum
1186 2278 1287 2337 est
1332 2274 1502 2339 bono
1549 2274 1688 2339 viro
1746 2278 1813 2338 et
1867 2279 2084 2360 grato,
2137 2276 2207 2340 in
2260 2299 2339 2342 eo

327 2388 473 2431 cum
519 2385 595 2428 ex
639 2364 783 2448 ipso
820 2362 1069 2428 fructus
1108 2366 1224 2440 est,
1269 2366 1412 2428 tum
1447 2363 1648 2427 etiam
1684 2384 1761 2427 ex
1797 2363 2045 2427 ceteris.
2117 2363 2338 2430 Teme·

324 2454 522 2519 ritate
578 2453 749 2517 enim
803 2455 1056 2516 remota
1110 2452 1486 2536 gratissima
1539 2455 1639 2515 est
1685 2451 2075 2536 liberalitas,
2135 2474 2337 2537 eoque
2364 2470 2418 2510 2⁵

328 2564 471 2607 eam
510 2539 860 2605 studiosius
897 2539 1189 2625 plerique
1227 2540 1514 2623 laudant,
1552 2538 1723 2623 quod
1760 2540 1995 2604 summi
2030 2540 2337 2625 cuiusque

326 2629 584 2694 bonitas
613 2649 950 2694 commune
976 2626 1347 2711 perfugium
1372 2631 1473 2691 est
1501 2627 1805 2692 omnium.
1867 2627 2101 2693 Danda
2134 2629 2340 2716 igitur

328 2739 525 2802 opera
571 2721 688 2798 est,
733 2719 808 2780 ut
851 2716 932 2779 iis
977 2715 1303 2779 beneficiis
1352 2737 1545 2798 quam
1590 2716 1906 2801 plurimos
1944 2717 2339 2802 adficiamus,

328 2827 601 2890 quorum
646 2804 959 2869 memoria
1002 2804 1225 2868 liberis
1271 2804 1676 2889 posterisque
1730 2806 2070 2890 prodatur,
2127 2810 2203 2871 ut
2254 2807 2337 2871 iis

325 2894 605 2980 ingratis
671 2914 809 2957 esse
871 2914 1004 2957 non
1066 2892 1276 2956 liceat.
1379 2891 1616 2957 Omnes
1682 2893 1853 2957 enim
1915 2894 2338 2960 inmemorem
2366 2912 2418 2953 so

326 2982 622 3048 beneficii
668 2981 941 3046 oderunt
987 3002 1253 3064 eamque
1297 2980 1600 3045 iniuriam
1644 2981 1715 3045 in
1759 2981 2139 3047 deterrenda
2183 2983 2338 3048 libe·

326 3072 590 3136 ralitate
627 3069 754 3134 sibi
789 3070 989 3134 etiam
1024 3069 1165 3133 fieri
1202 3091 1492 3154 eumque,
1528 3069 1640 3154 qui
1672 3069 1890 3147 faciat,
1935 3093 2340 3136 communem

326 3161 583 3225 hostem
611 3158 975 3224 tenuiorum
1004 3162 1253 3242 putant.
1309 3159 1527 3242 Atque
1554 3158 1713 3223 haec
1741 3159 2111 3245 benignitas
2140 3160 2339 3225 etiam

326 3249 421 3313 rei
465 3248 762 3332 publicae
809 3251 909 3312 est
946 3247 1146 3324 utilis,
1190 3247 1419 3311 redimi
1457 3269 1491 3311 e
1528 3247 1840 3312 servitute
1877 3252 2123 3333 captos,
2168 3249 2340 3314 locu-

327 3337 565 3419 pletari
610 3335 963 3419 tenuiores3
1011 3334 1181 3418 quod
1227 3335 1484 3419 quidem
1529 3336 1727 3420 volgo
1775 3336 2040 3401 solitum
2077 3337 2218 3401 fieri
2254 3338 2338 3402 ab
2368 3355 2421 3395 ³⁵

328 3423 548 3486 ordine
585 3428 810 3488 nostro
847 3423 918 3487 in
953 3422 1245 3488 oratione
1274 3421 1496 3488 Crassi
1525 3424 1838 3509 scriptum
1874 3426 2133 3516 copiose
2169 3425 2339 3490 vide·

326 3531 489 3573 mus.
560 3509 748 3575 Hanc
785 3532 940 3596 ergo
978 3511 1506 3576 consuetudinem
1542 3511 1964 3599 benignitatis
2002 3513 2340 3599 largitioni
