2630 3913
715 265 716 268 Ἴ
843 196 1260 253 PHILOSOPH.
1299 197 1360 252 F.
1397 197 1448 251 V
1484 203 1551 252 98
1566 198 1711 251 ——VI
1746 204 1780 253 6
2196 196 2323 262 327

310 359 483 444 quod
539 359 727 436 dicis,
790 358 929 423 fato
996 357 1213 423 omnia
1275 358 1450 441 fieri,
1513 362 1723 423 mater
1786 361 2029 442 autem,
2096 358 2331 423 mulier

311 447 569 531 sapiens
579 499 595 531 ‚
659 469 790 511 non
856 446 1279 528 existimavit,
1342 451 1402 511 et
1453 467 1567 511 nos
1617 467 1946 528 possumus
2005 447 2197 512 dicere
2261 448 2329 509 in

310 537 575 600 veritate.

1112 659 1536 667 ——-—-—-——-

1118 837 1221 897 VI.
1288 834 1514 895 CATO.

258 991 285 1030 5
453 973 506 1036 1.
545 973 666 1038 Cic.
701 974 775 1038 de
808 973 928 1037 div.
966 972 1056 1037 II
1084 977 1142 1037 1.
1177 977 1221 1036 3
1254 992 1346 1037 etc.
1383 971 1745 1036 Interiectus
1778 976 1868 1035 est
1909 973 2094 1035 ctiam
2138 992 2332 1053 nuper

314 1062 463 1126 liber
499 1062 572 1142 is,
614 1080 790 1142 quem
825 1062 912 1125 ad
942 1065 1221 1125 nostrum
1256 1061 1536 1124 Atticum
1576 1059 1649 1123 de
1682 1063 1974 1124 senectute
2015 1060 2331 1136 misimus;

311 1150 385 1213 in
418 1149 777 1232 primisque,
827 1149 1121 1230 quoniam
1157 1146 1548 1230 philosophia
1590 1147 1688 1210 vir
1733 1147 1922 1211 bonus
1964 1146 2234 1229 efficitur
2276 1152 2334 1210 et

310 1236 521 1317 forti8‚
585 1235 735 1300 Cato
787 1240 990 1300 noster
1044 1237 1112 1300 in
1164 1235 1387 1300 horum
1442 1234 1739 1298 librorum
1799 1254 2052 1298 numero
2100 1254 2331 1317 ponen-

314 1325 431 1388 dus
474 1328 576 1388 est.

236 1430 287 1468 10
449 1411 507 1474 2.
562 1410 685 1476 Cic.
743 1409 847 1474 Or.
901 1415 999 1474 10.
1051 1415 1137 1475 34
1163 1431 1247 1492 sq.
1305 1409 1619 1490 Quantum
1673 1410 1833 1475 illud
1882 1415 1994 1494 est,
2050 1412 2212 1491 quod
2263 1411 2332 1473 in

314 1499 609 1564 maximis
653 1497 1144 1579 occupationibus
1187 1518 1527 1579 numquam
1571 1498 1925 1562 intermutis
1959 1499 2164 1562 studia
2199 1499 2331 1561 doc-

317 1588 543 1670 trinae,
593 1606 828 1669 semper
875 1591 987 1650 aut
1026 1586 1155 1667 ipse
1196 1585 1414 1651 scribis
1457 1586 1700 1667 aliquid
1740 1591 1852 1651 aut
1893 1606 1988 1650 me
2030 1605 2206 1650 vocas
2249 1586 2334 1649 ad

313 1675 735 1740 scribendum!
823 1674 1044 1756 Itaque
1093 1674 1204 1738 hoc
1258 1693 1400 1738 sum
1461 1675 1782 1755 adqressus
1840 1674 2051 1738 statim
2107 1671 2335 1737 Catone

314 1763 604 1847 absoluto,
639 1782 816 1844 quem
851 1763 1054 1844 ipsum
1090 1781 1430 1843 numquam
1457 1762 1791 1843 attigissem
1819 1766 2089 1843 tempora
2116 1762 2334 1825 timens

237 1867 286 1908 15
316 1852 576 1915 inimica
637 1852 882 1933 virtuti,
942 1851 1072 1915 nisi
1134 1850 1246 1914 tibi
1297 1849 1574 1913 hortanti
1631 1854 1691 1913 et
1748 1850 1921 1913 illius
1972 1849 2333 1913 memoriam

314 1937 474 2003 mihi
517 1959 730 2003 caram
774 1938 1067 2003 excitanti
1107 1959 1234 2002 non
1265 1958 1492 2018 parere
1534 1937 1712 2017 nefas
1755 1956 1878 2003 esse
1919 1937 2243 2003 duxissem.

450 2026 509 2090 3.
574 2025 695 2091 Cic.
758 2026 888 2091 Att.
951 2025 1111 2090 XII
1156 2030 1216 2090 4.
1269 2030 1318 2091 2
1379 2025 1503 2090 Sed
1560 2026 1633 2090 de
1694 2024 1922 2090 Catone
1981 2022 2333 2110 πρόβλημα

320 2107 772 2196 Άρχιμήὸειον
826 2118 943 2189 est;
1004 2133 1130 2177 non
1182 2114 1506 2197 adsequor,
1558 2119 1631 2178 ut
1680 2114 1971 2191 scribam,
2027 2116 2191 2195 quod
2242 2114 2335 2177 tui

318 2202 601 2265 convivae
632 2220 759 2265 non
793 2202 969 2265 modo
1008 2201 1274 2279 libenter,
1319 2202 1425 2265 sed
1455 2202 1641 2265 etiam
1678 2222 1866 2282 aequo
1900 2203 2110 2265 animo
2149 2202 2335 2282 leqere

237 2306 291 2346 ²⁰
306 2290 2016 2459 {gissamZZZJthZaZWaZel‘ZZffZYJAEZ‘zffz023}
2052 2289 2333 2440 we

318 2464 645 2544 ψιλῶςραε
688 2464 867 2528 velim
905 2465 1270 2546 qravitatem
1324 2466 1843 2545 constantiamque
1883 2463 2014 2527 eius
2059 2464 2332 2544 laudare,

316 2552 427 2616 hoc
478 2553 683 2632 ipsum
740 2556 944 2616 tamen
995 2552 1135 2617 istis
1187 2554 1463 2618 odiosum
1509 2547 1810 2634 ἄκουσμα
1852 2551 1950 2616 sit.
2040 2549 2164 2615 Sed
2203 2571 2335 2615 vere

320 2640 573 2704 laudari
615 2640 719 2704 ille
760 2641 858 2704 vir
900 2660 1026 2704 non
1058 2644 1284 2722 potest,
1339 2640 1468 2704 nisi
1519 2639 1663 2703 haec
1706 2643 1930 2704 ornata
1971 2639 2122 2716 sint,
2175 2639 2336 2719 quod

241 2744 289 2787 ιτ»
320 2728 424 2792 ille
466 2747 565 2810 ea,
617 2747 773 2808 quae
816 2748 981 2791 nunc
1022 2733 1193 2811 sunt,
1238 2732 1295 2791 et
1333 2726 1554 2807 futura
1597 2728 1816 2792 viderit
1859 2731 1941 2810 et,
1985 2747 2062 2790 ne
2104 2727 2333 2808 fierent,

317 2816 688 2880 contenderit
729 2820 801 2892 et,
842 2815 1014 2894 facta
1056 2836 1135 2879 ne
1176 2816 1416 2893 videret,
1460 2817 1651 2879 vitam
1693 2816 2022 2896 reliquerit.
2085 2815 2334 2877 Horum

320 2904 474 2985 quid
516 2907 629 2984 est,
673 2905 837 2984 quod
879 2903 1098 2967 Aledio
1131 2903 1399 2984 probare
1430 2902 1787 2984 possimus?

449 2992 510 3053 4.
557 2989 677 3054 Cic.
724 2989 855 3054 Att.
902 2990 1063 3053 XII
1099 2994 1154 3054 5.
1200 2994 1247 3054 2
1292 2989 1443 3056 Cato
1488 3010 1584 3054 me
1624 2991 1867 3072 quidem
1911 2990 2188 3072 delectat,
2232 2991 2339 3053 sed

316 3079 501 3142 etiam
546 3077 827 3142 Bassum
871 3078 1186 3141 Isueilium
1230 3098 1364 3143 sua.

234 3182 290 3222 ⁸0
451 3167 510 3230 5.
566 3164 685 3231 Cic.
740 3166 872 3229 Att.
928 3165 1081 3229 XII
1133 3171 1234 3229 40.
1280 3171 1320 3229 1
1377 3165 1595 3245 Qualis
1644 3165 1864 3245 futura
1918 3166 2002 3230 sit
2051 3163 2336 3229 Caesaris

317 3254 682 3335 vituperatio
718 3258 929 3318 contra
967 3254 1382 3318 laudationem
1415 3274 1632 3334 meam,
1659 3255 1943 3334 perspexi
1971 3274 2044 3316 eae
2068 3273 2134 3317 eo
2163 3253 2334 3335 libro,

317 3361 496 3422 quem
531 3342 789 3406 Hirtius
833 3342 921 3406 ad
961 3362 1056 3406 me
1098 3343 1285 3425 misit,
1330 3343 1401 3407 in
1443 3362 1561 3423 quo
1607 3341 1835 3422 colli9it
1875 3341 2029 3405 vitia
2065 3339 2334 3418 Catonis‘,

315 3430 426 3494 sed
468 3449 606 3493 cum
649 3431 946 3494 maaeimis
992 3430 1276 3494 laudibus
1319 3431 1485 3493 meis.
1539 3465 1611 3473 —
1677 3428 1745 3491 V.
1788 3428 1869 3492 ib.
1915 3432 2015 3492 41.
2060 3433 2122 3492 4.

454 3517 511 3580 6.
559 3516 680 3582 Cic.
716 3517 846 3581 Att.
883 3516 1044 3581 XII
1070 3522 1173 3580 44.
1210 3522 1249 3580 1
1285 3518 1475 3582 Illius
1522 3516 1764 3594 librum,
1808 3537 1983 3598 quem
2019 3516 2335 3597 (Hirtius)
