2630 3913
218 372 286 421 34

218 1119 306 1246 ἐξ)

322 194 405 257 68
1103 192 1199 247 DE
1239 190 1539 246 OFFICIIS

323 355 767 420 arbitramur(
823 354 1075 418 Harum
1129 353 1334 439 igitur
1388 353 1661 419 duarum
1717 353 1798 418 ad
1853 355 2045 419 fidem
2104 352 2364 428 faciem,

323 444 472 507 dam
506 443 761 508 iustitia
797 442 945 527 plus
981 442 1205 527 pollet,
1242 442 1481 527 quippe
1519 465 1665 507 cum
1702 464 1778 507 ea
1814 443 1951 508 sine
1992 443 2337 527 prudentia

324 531 484 596 satis
530 532 771 596 habeat
818 530 1254 613 auctoritatis,
1300 530 1647 614 prudentia
1691 531 1827 594 sine
1870 531 2126 595 iustitia
2168 531 2334 595 nihil

321 621 499 685 valet
553 620 634 684 ad
686 608 1046 683 faciendam
1096 619 1309 684 fidem.
1401 617 1540 693 Quo
1597 620 1766 684 enim
1824 619 1966 704 quis
2012 619 2336 684 versutior

323 713 389 772 et
453 707 774 789 callidior,
837 707 961 772 hoc
1021 706 1294 771 invisior
1354 711 1420 771 et
1472 708 1833 791 suspectior
1887 712 1988 772 est
2045 707 2336 772 detracta
2390 727 2417 765 ⁵

323 796 622 880 opinione
650 795 1016 880 probitatis,
1062 794 1271 870 Quam
1300 796 1384 859 ob
1412 816 1550 859 rem
1576 795 2063 881 intellegentiae
2082 796 2337 860 iustitia

323 885 690 967 coniuncta,
726 889 1040 969 quantum
1084 884 1305 967 volet?
1325 883 1595 948 habebit
1629 884 1711 947 ad
1744 883 2105 950 faciendam
2140 884 2335 949 fidem

321 972 585 1056 virium3
638 973 892 1037 iustitia
946 973 1086 1036 sine
1139 972 1486 1057 prudentia
1538 972 1817 1036 multum
1870 972 2140 1057 poterit,
2195 972 2333 1037 sine

324 1061 579 1125 iustitia
621 1061 787 1125 nihil
832 1060 1078 1125 valebit
1127 1060 1485 1144 prudentia.

457 1148 581 1213 Sed
624 1171 707 1212 ne
753 1149 895 1233 quis
942 1149 1029 1212 sit
1076 1148 1484 1232 admiratusff
1509 1170 1648 1232 cur,
1703 1170 1848 1212 cum
1894 1148 2065 1213 inter
2110 1170 2334 1214 omnes
2365 1170 2416 1210 ιο

323 1236 748 1322 philosophos
803 1241 1057 1302 constet
1107 1259 1147 1300 a
1199 1258 1429 1321 meque
1481 1237 1626 1321 ipso
1684 1257 1874 1322 saepe
1929 1237 2334 1322 disputatum

326 1326 439 1408 sit,
494 1326 604 1410 qui
649 1347 844 1390 unam
889 1325 1186 1407 haberet,
1242 1346 1466 1389 omnes
1510 1324 1750 1389 habere
1805 1324 2110 1409 virtutes,
2163 1346 2334 1391 nunc

322 1413 419 1477 ita
464 1414 848 1499 seiungamr
883 1413 1069 1497 quasi
1121 1413 1334 1498 possit
1389 1412 1729 1497 quisquam
1739 1460 1775 1496 ν
1813 1413 1924 1497 qui
1976 1435 2110 1478 non
2163 1413 2335 1478 idem

273 1516 278 1527 '
321 1501 603 1587 prudens
642 1503 769 1590 sstr
790 1501 1002 1566 iustus
1039 1522 1196 1583 esse,
1243 1501 1375 1565 alia
1411 1504 1512 1565 est
1546 1501 1694 1584 illas
1727 1523 1873 1566 cum
1907 1502 2151 1567 veritas
2187 1502 2334 1585 ipsa

267 1614 270 1657 ὲ,
323 1590 590 1654 limatur
635 1590 704 1653 in
748 1589 1184 1674 disputatione
1181 1638 1220 1677 7
1257 1589 1620 1672 subtilitas,
1668 1589 1833 1677 aliast
1879 1612 2024 1655 cum
2072 1591 2155 1655 ad
2201 1591 2334 1675 opi·
2364 1610 2415 1649 ιε,

220 2137 290 2188 36

321 1680 585 1743 nionem
620 1699 1024 1742 communem
1052 1677 1261 1741 omnis
1290 1676 1813 1742 accommodatur
1841 1679 2069 1743 oratio.
2125 1677 2333 1753 Quam

323 1767 408 1830 ob
445 1787 600 1848 rem,
644 1769 719 1829 ut
754 1765 1006 1850 volguS,
1042 1766 1137 1829 ita
1171 1787 1290 1829 nos
1328 1765 1451 1831 hoc
1487 1766 1629 1830 loco
1667 1766 2012 1851 loquimur,
2056 1771 2131 1831 ut
2167 1767 2333 1832 alios

321 1854 545 1937 fortes,
583 1854 747 1918 alios
779 1854 956 1918 viros
991 1854 1216 1931 bon08‚
1254 1853 1420 1918 alios
1456 1854 1803 1938 prudentes
1841 1875 1982 1919 esse
2020 1855 2334 1940 dicamus3

320 1942 742 2027 popularibus
789 1942 982 2006 enim'
1002 1942 1217 2007 verbis
1265 1945 1365 2007 est
1402 1941 1721 2028 agendum
1758 1946 1826 2007 et
1860 1943 2141 2029 usitatis,
2187 1966 2333 2010 cum

322 2031 647 2114 loquimur
711 2029 789 2094 de
844 2030 1143 2115 opinione
1205 2031 1533 2116 populari,
1595 2031 1787 2116 idque
1851 2032 2103 2097 eodem·
2139 2034 2332 2099 modo
2360 2053 2415 2092 πο

322 2118 477 2183 fecit
512 2117 879 2184 Panaetius.
953 2116 1078 2183 Sed
1124 2119 1206 2183 ad
1239 2119 1648 2204 propositum
1684 2130 2103 2185 revertamur.
2168 2121 2335 2186 Erat

321 2207 526 2291 igitur
571 2227 647 2270 ex
691 2207 773 2271 iis
818 2206 1060 2300 tribus!
1094 2229 1257 2291 quae
1299 2209 1381 2272 ad
1429 2208 1705 2293 gloriam
1750 2209 2170 2294 pertinerent,
2209 2210 2335 2275 hoc

322 2295 589 2360 tertium
581 2315 632 2380 ,2
669 2300 745 2360 ut
789 2317 933 2361 cum
979 2294 1406 2361 admiratione
1450 2297 1787 2362 hominum
1831 2297 2075 2362 honore
2122 2299 2205 2363 ab
2250 2299 2332 2362 iis

324 2384 505 2471 digni
547 2384 991 2449 iudicaremur.
1063 2383 1488 2449 Admirantur
1523 2385 1727 2470 igitur
1768 2386 2195 2451 communiter
2230 2387 2331 2450 illi

326 2473 584 2556 quidem
620 2472 879 2556 omnia?
892 2494 1056 2555 quae
1092 2494 1331 2558 magna
1367 2476 1433 2537 et
1464 2477 1722 2557 praeter
1750 2473 2118 2557 opinionem
2147 2496 2331 2539 suam
2360 2494 2412 2534 25

326 2561 935 2642 animadverterunt,
981 2561 1332 2644 separatim
1378 2565 1612 2645 autem,
1656 2562 1729 2625 in
1772 2561 2046 2647 singulis
2094 2563 2150 2626 si
2189 2585 2332 2647 per-

322 2649 605 2732 spiciunt
647 2649 1033 2732 necopinata
1078 2648 1393 2731 quaedam
1438 2648 1627 2714 bona.
1705 2649 1935 2733 Itaque
1992 2672 2102 2716 eos
2154 2652 2331 2716 viros

324 2736 684 2821 suspiciunt
739 2735 1180 2819 maxumisque
1236 2735 1525 2801 ecferunt
1579 2737 1919 2822 laudibus]
1967 2739 2038 2803 in
2097 2740 2329 2823 quibus

324 2825 721 2890 existumant
766 2845 834 2889 se
881 2823 1267 2888 excellentes
1315 2825 1626 2908 quasdam
1674 2830 1740 2890 et
1784 2826 2145 2913 singulares
2190 2850 2331 2913 per-

325 2913 571 2998 spicere
614 2912 910 2995 virtuteS,
956 2911 1315 2996 despiciunt
1362 2917 1575 2978 autem
1623 2936 1732 2979 eos
1779 2918 1847 2979 et
1890 2920 2411 2998 contemnunt,ao

323 3003 394 3066 in
439 3002 672 3086 quibus
717 3000 881 3064 nihil
927 3001 1218 3083 virtutis,
1271 3001 1438 3065 nihil
1495 3003 1721 3085 animi,
1774 3003 1940 3067 nihil
1984 3024 2326 3080 nervorum

322 3094 577 3175 putant.
655 3088 805 3154 Non
851 3089 1020 3153 enim
1067 3111 1287 3153 omnes
1336 3112 1445 3155 eos
1493 3095 1951 3175 contemnunt,
1974 3090 2051 3157 de
2098 3092 2330 3177 quibus

253 3185 269 3204 ’
324 3179 493 3243 male
559 3178 969 3243 existumant.
1076 3176 1248 3243 Nam
1312 3200 1475 3262 quos
1538 3179 1870 3263 improbos
1882 3229 1900 3262 ,
1963 3181 2331 3259 maledicos,

321 3266 769 3331 fraudulentos
814 3269 1051 3351 putant
1088 3268 1155 3330 et
1200 3266 1281 3331 ad
1309 3266 1673 3332 faciendam
1707 3267 2011 3332 iniuriam
2056 3268 2331 3333 instruc·

323 3357 456 3437 tos,
510 3376 619 3419 eos
672 3354 846 3419 haud
901 3358 1321 3419 contemnunt
1375 3355 1673 3439 quidem„
1728 3356 1839 3420 sed
1893 3357 1970 3419 de
2022 3357 2104 3420 iis
2159 3358 2329 3422 male
2359 3373 2411 3416 aa

327 3442 734 3506 existumant.
824 3441 1031 3517 Quam
1078 3444 1161 3508 ob
1206 3465 1363 3521 rem,
1408 3447 1482 3506 ut
1528 3448 1677 3508 ante
1724 3444 1873 3528 dixi,
1918 3448 2331 3509 contemnun-

323 3531 434 3591 tur
477 3528 568 3609 ii„
591 3529 700 3613 qui
747 3528 912 3595 ‘nec
957 3530 1112 3594 sibi
1154 3553 1289 3596 nec
1337 3532 1621 3616 alteri’,
1665 3536 1740 3596 ut
1785 3531 2036 3616 dicitur,
2081 3533 2150 3597 in
2196 3533 2331 3615 qui-
