2630 3913
371 189 499 253 246
1145 184 1593 239 FRAGMENTA

593 350 664 414 L.
729 350 1042 414 Licinium
1103 347 1396 412 Crassum
1469 352 1768 410 oratorem
1840 351 1899 411 et
1961 346 2029 426 Q.
2094 348 2373 412 Mucium

458 438 810 503 Scaevolam
845 442 1013 520 pont.
1057 455 1223 500 maa.
1267 436 1632 516 eundemque
1678 440 1736 499 et
1778 440 2079 499 oratorem
2123 441 2180 499 et
2222 438 2375 500 iuris

460 527 798 591 consultum
858 525 1180 606 significat.
1279 522 1379 587 Hi
1431 525 1594 586 enim
1656 523 1839 604 leyem
1900 543 2059 600 eam,
2124 525 2197 588 de
2256 545 2376 606 qua

462 616 757 696 loquitur,
818 614 889 677 de
949 613 1223 694 reqendis
1284 613 1356 675 in
1415 631 1533 676 sua
1596 611 1834 675 civitate
1885 612 2065 676 sociis
2116 613 2188 675 in
2239 633 2373 677 con-

460 704 667 768 sulatu
713 702 995 765 tulerunt.
1069 701 1241 764 Nam
1284 720 1423 764 eum
1465 719 1708 763 summa
1751 701 2081 780 cupiditate
2116 701 2375 765 civitatis
2426 719 2452 758 5

460 791 781 856 Romanae
831 789 1046 853 Italici
1093 789 1315 870 populi
1378 792 1716 851 tenerentur
1778 794 1836 851 et
1891 787 1961 852 ob
2025 790 2093 853 id
2152 810 2376 871 mayna

451 899 608 979 pars
668 899 875 942 eorum
925 897 1047 959 pro
1110 877 1339 941 civibus
1391 875 1693 940 Romanis
1754 896 1817 940 se
1871 882 2124 959 yereret,
2187 898 2374 943 neces-

461 969 637 1032 saria
690 967 786 1031 lex
837 967 972 1031 visa
1026 970 1136 1042 est,
1199 971 1272 1029 ut
1330 965 1400 1028 in
1460 985 1608 1029 suae
1660 965 1910 1046 quisque
1963 966 2228 1030 civitatis
2280 968 2378 1030 ius

462 1057 841 1138 rediqeretur.
944 1054 1169 1118 Verum
1220 1074 1292 1117 ea
1351 1053 1471 1134 leye
1520 1053 1614 1116 ita
1675 1053 1934 1117 alienati
1985 1055 2187 1118 animi
2237 1060 2381 1118 sunt

452 1146 811 1227 principum
855 1143 1220 1206 Italicorum
1261 1142 1657 1225 populorum,
1715 1146 1787 1204 ut
1837 1162 1909 1206 ea
1960 1142 2050 1206 vel
2102 1144 2379 1207 maxima
2408 1161 2460 1199 ιο

461 1253 651 1297 causa
702 1232 840 1296 belli
892 1231 1129 1309 Italici,
1186 1231 1348 1312 quod
1385 1235 1530 1311 post
1582 1230 1916 1294 triennium
1961 1236 2235 1295 exortum
2279 1236 2379 1309 est,

460 1322 666 1401 fuerit.

508 1410 613 1473 21.
667 1408 971 1472 Priscian.
1018 1406 1091 1470 X
1131 1411 1186 1471 6.
1230 1411 1317 1471 36
1357 1427 1425 1487 p.
1471 1409 1616 1472 527.
1662 1410 1748 1471 12
1802 1406 2007 1472 Cicero
2061 1409 2132 1471 in
2175 1406 2226 1471 I
2260 1428 2380 1488 pro

378 1498 690 1564 Cornelio:
738 1495 847 1579 qui
894 1493 1266 1577 eloquentia
1312 1494 1543 1558 ceteris
1592 1495 1939 1559 antecellit.

510 1587 611 1649 22.
658 1585 881 1649 Ascon.
917 1604 982 1664 p.
1020 1588 1117 1646 60.
1165 1588 1205 1646 9
1252 1580 1574 1657 Quattuor
1621 1583 1882 1647 omnino
1930 1604 2168 1669 genera
2213 1587 2380 1665 sunt,
2410 1600 2462 1639 1⁵

376 1675 641 1756 iudioeS‚
705 1673 776 1735 in
840 1671 1071 1754 quibus
1130 1691 1246 1753 per
1299 1674 1595 1735 senatum
1653 1692 1829 1736 more
1884 1672 2202 1736 maiorum
2257 1675 2381 1735 sta-

378 1767 599 1827 tuatur
646 1759 889 1843 aliquid
934 1759 1012 1821 de
1056 1758 1327 1844 legibus
1417 1758 1636 1823 Unum
1682 1764 1783 1824 est
1829 1760 1963 1823 eius
2010 1759 2201 1843 modi,
2246 1760 2380 1844 pla-

379 1872 519 1915 cere
557 1850 770 1935 legem
807 1847 1128 1932 abrogari,
1172 1851 1247 1910 ut
1283 1845 1356 1922 Q.
1386 1845 1663 1912 Caecilio
1702 1848 1788 1912 M.
1815 1846 2001 1912 Iunio
2032 1870 2176 1931 coa,
2219 1870 2380 1932 quae

379 1940 556 2025 leges
602 1960 737 2001 rem
787 1935 1135 2000 militarem
1179 1935 1584 2020 impedirent,
1628 1941 1702 2000 ut
1749 1937 2238 2023 abrogarentur.

603 2026 670 2106 Q.
719 2024 1016 2091 Caecilius
1059 2025 1345 2089 Metellus
1382 2025 1770 2109 Numidicus,
1815 2026 1912 2091 M.
1948 2026 2179 2091 Iunius
2222 2025 2376 2090 Sila·
2404 2040 2456 2078 20

466 2136 604 2192 nus,
648 2116 719 2179 de
762 2113 979 2196 quibus
1018 2113 1176 2193 facit
1207 2115 1590 2194 mentionem,
1637 2115 1906 2179 eonsules
1945 2113 2203 2193 fuerunt
2235 2114 2375 2178 bello

470 2203 795 2285 Cimbrice,
838 2202 1001 2283 quod
1041 2204 1151 2266 diu
1183 2222 1379 2282 prave
1421 2203 1609 2266 simul
1653 2207 1708 2266 et
1750 2203 2073 2281 infeliciter
2117 2203 2377 2267 admini-

467 2297 729 2356 stratum
781 2295 870 2355 est
877 2311 898 2366 ,·
953 2295 1132 2372 atque
1185 2293 1311 2371 ipse
1362 2311 1592 2372 quoque
1633 2290 1732 2355 hic
1783 2290 2010 2355 Iunius
2053 2292 2213 2356 male
2255 2312 2384 2355 rem

468 2382 757 2445 adversus
819 2377 1092 2444 Cimbros
1147 2380 1347 2461 yessit.
1454 2378 1630 2443 Idem
1684 2384 1892 2460 postea
1941 2380 2155 2461 plures
2218 2380 2385 2463 le9e8‚

468 2489 624 2550 quae
655 2489 771 2550 per
813 2487 910 2531 eos
944 2486 1141 2531 annos
1184 2468 1261 2531 ab
1305 2468 1404 2547 iis,
1448 2468 1556 2548 qui
1593 2468 2104 2549 qratificabantur
2136 2469 2386 2550 popule,
2416 2482 2470 2520 25

472 2558 632 2622 latae
692 2560 892 2632 erant,
964 2555 1181 2636 quibus
1251 2556 1512 2618 militiae
1573 2557 1876 2636 stipendia
1937 2556 2388 2639 minuebantur,

471 2645 617 2708 abre
657 2646 799 2708 avit.

517 2733 601 2796 23
607 2665 955 2796 ‚yTertium
1000 2734 1101 2794 est
1146 2730 1222 2794 de
1269 2731 1489 2815 legum
1536 2732 2087 2816 obrogationibuS‚
2136 2755 2262 2816 quo
2309 2734 2389 2797 de

385 2842 617 2908 genere
670 2840 977 2904 persaepe
1032 2815 1093 2882 S.
1149 2816 1216 2882 O.
1271 2819 1461 2900 fiunt,
1524 2823 1599 2883 ut
1657 2842 1860 2904 nuper
1915 2821 1990 2884 de
2044 2821 2188 2905 ipsa
2242 2823 2390 2906 lege

385 2909 765 2994 Calpurnia,
809 2907 855 2991 †
902 2928 1024 2991 que
1071 2871 1506 2993 derogaretur.
2425 2927 2482 2965 30

606 2998 736 3062 Lex
779 2996 923 3060 haee
958 2994 1303 3077 Calpurnia
1346 2998 1419 3061 de
1461 2997 1694 3061 ambitu
1738 3002 1884 3062 erat.
1961 2998 2214 3063 Tulerat
2254 3019 2394 3063 eam
2486 3042 2487 3045 =

472 3092 613 3151 ante
657 3086 969 3150 biennium
1007 3083 1070 3150 C.
1109 3082 1487 3166 Calpurnius
1521 3084 1669 3150 Piso
1705 3105 1836 3163 eos,
1882 3087 1954 3150 in
1996 3107 2119 3168 qua
2143 3093 2395 3168 praeter

472 3176 635 3240 alias
672 3194 902 3255 poenas
935 3174 1303 3254 pecuniaria
1348 3193 1578 3254 quoque
1612 3193 1815 3256 poena
1858 3180 1991 3239 erat
2033 3176 2281 3240 adiecta.

518 3264 621 3326 24.
668 3260 1009 3344 Quartum,
1065 3283 1227 3344 quae
1274 3262 1379 3325 lex
1425 3262 1562 3326 lata
1609 3283 1746 3325 esse
1802 3262 2076 3344 dicatur,
2132 3285 2208 3328 ea
2261 3285 2398 3328 non

389 3349 589 3414 videri
642 3350 952 3434 populum
1008 3350 1238 3432 teneri,
1295 3354 1368 3414 ut
1422 3349 1492 3413 L.
1548 3349 1788 3415 Marcio
1845 3348 1986 3414 Sex.
2039 3351 2206 3417 Iulio
2262 3374 2396 3416 cos.
2432 3370 2490 3411 ιε

388 3437 464 3499 de
512 3437 765 3521 legibus
811 3437 1029 3501 Liviis

609 3523 767 3586 Puto
812 3544 915 3588 vos
950 3526 1260 3591 reminisci
1300 3526 1413 3590 has
1450 3546 1570 3592 esse
1612 3528 1759 3610 leyes
1795 3528 2027 3606 Liviae,
2072 3548 2227 3609 quas
2263 3504 2401 3593 illis
