2630 3913
808 185 942 244 ΜΒ.
980 187 1024 242 1.
1090 187 1241 244 CAP.
1284 194 1367 258 ιτ,
1409 194 1489 243 18.
1554 195 1585 254 5
1622 194 1846 244 53—60.
2236 190 2318 253 21

315 370 482 432 quae
538 370 682 414 cum
738 370 808 412 re
863 348 1124 433 publica
1177 353 1278 425 est
1332 349 1444 414 uni
1498 349 1723 433 cuique
1769 354 2085 415 nostrum.
2172 348 2324 417 Cari

316 441 468 502 sunt
511 439 842 521 parentes,
900 437 1032 502 cari
1088 437 1302 521 liberi,
1356 438 1730 522 propinqui,
1775 437 2157 522 familiares,
2212 440 2322 503 sed

314 546 538 590 omnes
585 524 874 590 omnium
919 524 1225 591 caritates
1260 526 1478 611 patria
1522 549 1651 591 una
1688 529 2019 612 complexa
2056 531 2174 611 est,
2203 550 2320 612 pro

314 635 442 697 qua
503 613 647 696 quis
706 614 914 677 bonus
971 612 1224 678 dubitet
1276 618 1552 678 mortem
1616 620 1946 699 oppetere,
2010 615 2067 679 si
2122 616 2178 680 ei
2235 616 2322 680 sit

261 715 290 757 ὅ
316 700 742 786 profuturus?
816 699 957 775 Quo
997 706 1096 765 est
1142 702 1589 768 detestabilior
1634 704 1908 768 istorum
1953 703 2336 787 inmanitas„

318 790 428 873 qui
475 791 843 854 lacerarunt
889 789 1065 854 omni
1111 790 1350 855 scelere
1395 792 1676 874 patriam
1716 796 1780 855 et
1816 792 1884 856 in
1921 813 1996 856 ea
2030 792 2320 857 funditus

317 878 585 942 delenda
633 878 928 962 occupati
972 882 1041 943 et
1085 882 1237 942 sunt
1283 882 1349 942 et
1391 878 1670 944 fuerunt.
1743 877 1867 944 Sed
1905 881 1960 944 si
1993 881 2318 946 contentio
2358 896 2425 946 58

317 967 630 1049 quaedam
670 969 736 1029 et
772 966 1168 1050 comparatio
1207 966 1360 1050 fiat,
1380 967 1613 1050 quibus
1649 968 2000 1052 plurimum
2036 968 2319 1034 tribuen-

321 1054 472 1118 dum
519 1054 608 1118 sit
653 1053 876 1139 officii,
922 1055 1244 1139 principes
1283 1057 1416 1118 sint
1452 1055 1666 1139 patria
1704 1061 1768 1120 et
1804 1061 2130 1140 parentes,
2170 1079 2317 1141 quo·

239 1159 289 1198 ¹⁰
317 1165 461 1206 rum
509 1142 836 1207 beneficiis
882 1142 1182 1206 maximis
1221 1142 1499 1227 obligati
1536 1165 1782 1226 sumus,
1819 1145 2093 1228 proximi
2133 1147 2321 1209 liberi

314 1235 584 1314 totaque
624 1231 851 1295 domus
852 1281 896 1312 ,
921 1251 1084 1313 quae
1123 1235 1376 1315 spectat
1420 1231 1489 1294 in
1523 1252 1643 1295 nos
1691 1233 1865 1296 solos
1900 1255 2106 1316 neque
2145 1234 2321 1298 aliud

313 1319 523 1384 ullum
577 1322 798 1403 potest
850 1319 1090 1383 habere
1143 1319 1512 1404 perfugium
1525 1342 1541 1403 ;
1607 1319 1903 1403 deinceps
1960 1321 2120 1384 bene
2174 1343 2319 1386 con-

314 1408 646 1473 venientes
690 1407 1064 1491 propinqui,
1112 1406 1493 1490 quibuscum
1540 1409 1895 1473 communis
1943 1409 2138 1473 etiam
2192 1409 2319 1474 for·

315 1501 477 1560 tuna
522 1497 901 1580 plerumque
956 1499 1072 1559 est.
1162 1493 1368 1570 Quam
1426 1496 1509 1561 ob
1556 1518 1692 1560 rem
1735 1497 2098 1562 necessaria
2139 1519 2322 1582 prae-

239 1599 290 1640 15
320 1583 486 1648 sidia
532 1584 704 1649 vitae
751 1584 1066 1648 debentur
1109 1582 1188 1648 iis
1237 1583 1559 1668 maxime*
1588 1606 1748 1668 quos
1795 1589 1945 1649 ante
1992 1586 2139 1669 dixi,
2184 1586 2323 1650 vita

317 1676 536 1737 autem
573 1673 912 1756 victusque
950 1674 1335 1754 communiS,
1373 1673 1671 1753 consilia,
1710 1695 2063 1756 sermoneS,
2099 1673 2321 1739 cohor-

316 1762 630 1841 tationes,
675 1760 1178 1843 consolationes,
1223 1761 1546 1825 interdum
1593 1763 1791 1826 etiam
1837 1762 2342 1853 obiurgationes,

314 1849 384 1912 in
441 1847 744 1914 amicitiis
802 1848 1027 1934 vigent
1072 1849 1375 1934 maxime,
1438 1854 1662 1933 estque
1727 1872 1803 1915 ea
1864 1850 2322 1916 iucundissima

315 1936 642 2019 amicitia,
675 1960 869 2021 quam
915 1936 1270 2003 similitudo
1321 1960 1572 2003 morum
1618 1938 2006 2024 coniugavit.

233 2043 285 2082 ω
447 2024 572 2090 sed
625 2026 686 2089 in
745 2025 848 2090 his
915 2025 1213 2090 omnibus
1270 2026 1501 2092 officiis
1564 2027 1922 2093 tribuendis
1975 2028 2320 2093 videndum
2345 2008 2421 2134 15}

314 2115 477 2198 erit*
515 2114 667 2197 quid
705 2114 931 2197 cuique
966 2114 1243 2178 maxime
1280 2136 1537 2180 necesse
1583 2115 1695 2197 sit,
1742 2120 1809 2179 et
1854 2116 2006 2199 quid
2052 2117 2320 2200 quisque

311 2204 415 2267 vel
476 2202 613 2266 sine
670 2202 860 2269 nobis
921 2207 1034 2266 aut
1091 2202 1302 2287 possit
1362 2203 1665 2286 consequi
1725 2207 1838 2267 aut
1899 2226 2030 2269 non
2093 2206 2319 2289 possit.

311 2290 416 2355 lta
461 2312 594 2355 non
639 2290 834 2354 iidem
880 2293 1067 2354 erunt
1112 2290 1657 2355 necessitudinum
1696 2291 1970 2376 gradus,
2008 2294 2116 2376 qui
2160 2297 2320 2356 tem-

311 2400 573 2463 porum3
627 2383 903 2461 suntque
959 2378 1214 2463 officia,
1254 2400 1418 2461 quae
1473 2378 1620 2443 aliis
1674 2379 1885 2463 magis
1934 2401 2127 2463 quam
2175 2381 2319 2445 aliis

232 2482 285 2524 ²⁵
314 2467 697 2549 debeantur,
759 2471 835 2531 ut
897 2466 1175 2531 vicinum
1242 2466 1432 2531 citius
1488 2466 1809 2531 adiuveris
1873 2467 1938 2531 in
2002 2466 2319 2532 fructibus

312 2554 740 2640 percipiendis
788 2577 981 2637 quam
1027 2560 1140 2620 aut
1183 2554 1455 2619 fratrem
1504 2560 1616 2619 aut
1659 2554 2077 2637 familiarem,
2123 2560 2224 2638 at,
2265 2556 2321 2621 si

312 2644 396 2708 lis
443 2644 511 2708 in
548 2642 781 2708 iudicio
821 2643 934 2724 sit,
971 2644 1405 2728 propinquum
1442 2644 1660 2727 potius
1709 2648 1775 2708 et
1811 2644 2088 2710 amicum
2127 2667 2319 2728 quam

312 2732 595 2798 vicinum
651 2730 1026 2795 defenderis.
1126 2731 1305 2797 Haec
1360 2732 1563 2817 igitur
1618 2736 1684 2796 et
1737 2732 1901 2797 talia
1954 2734 2320 2818 circumspi-

309 2819 536 2885 cienda
581 2822 732 2885 sunt
769 2818 836 2883 in
874 2819 1051 2883 omni
1088 2820 1299 2884 officio
1348 2822 1442 2900 [et
1488 2821 1881 2885 consuetudo
1921 2823 2320 2887 exercitatio-

230 2924 282 2965 ω
311 2929 434 2992 que
481 2907 818 2992 capienda]
830 2958 846 2989 ,
892 2911 966 2971 ut
1011 2907 1163 2972 boni
1219 2908 1710 2973 ratiocinatores
1766 2908 2124 2974 officiorum
2181 2930 2319 2973 esse

308 2996 632 3081 possimus
688 2999 754 3060 et
809 2995 1096 3059 addendo
1145 2995 1636 3080 deducendoque
1680 2997 1932 3080 videre,
1968 3019 2130 3081 quae
2175 2998 2319 3061 reli·

311 3085 421 3167 qui
477 3106 731 3149 summa
785 3084 934 3167 fiat,
999 3106 1076 3148 ex
1132 3106 1295 3167 quo,
1342 3089 1654 3168 quantum
1710 3085 1937 3167 cuique
1993 3084 2332 3168 debeatur,

308 3173 675 3258 intellegas.
767 3169 892 3237 Sed
953 3177 1027 3236 ut
1092 3194 1206 3238 nec
1262 3173 1492 3238 medici
1546 3194 1664 3238 nec
1723 3172 2147 3256 imperatores
2203 3196 2319 3238 nec
2357 3190 2414 3240 6(

311 3266 628 3344 oratoreS,
684 3260 979 3343 quamvis
1044 3262 1205 3325 artis
1261 3265 1607 3345 praecepta
1661 3261 2090 3345 perceperint,
2151 3263 2319 3345 quic-

231 3367 282 3409 35
310 3372 505 3433 quam
551 3370 792 3434 magna
838 3348 1026 3413 laude
1074 3348 1342 3434 dignum
1400 3349 1536 3413 sine
1581 3370 1703 3413 usu
1748 3352 1815 3413 et
1862 3350 2317 3415 exercitatione

306 3438 609 3521 consequi
643 3441 945 3522 possunt,
983 3436 1074 3501 sic
1113 3436 1308 3502 officii
1346 3436 1770 3502 conservandi
1807 3441 2154 3523 praecepta
2189 3442 2318 3504 tra·

307 3524 544 3589 duntur
588 3526 706 3590 illa
753 3524 1038 3609 quidem,
1091 3530 1166 3589 ut
1217 3524 1491 3590 facimus
1550 3525 1706 3610 ipsi,
1763 3525 1876 3591 sed
1921 3527 2015 3590 rei
2070 3528 2318 3612 magni-
