2630 3913
326 174 456 238 302
1100 175 1550 231 FRAGMENTA

721 333 818 387 AD
859 332 1166 387 EUNDEM
1204 332 1302 386 EX
1335 332 1554 388 LIBRO
1594 332 1925 389 INCERTO.

457 425 517 489 3.
560 424 883 490 Diomedes
927 425 977 488 I
1001 446 1068 505 p.
1114 429 1257 489 375.
1303 429 1395 490 27
1437 424 1602 489 Keil.
1687 424 1946 508 ‘Deleor,
1991 426 2231 491 delitus’
2279 433 2339 492 et

327 511 608 577 ‘deletus’.
701 512 904 578 Cicero
949 515 1035 577 ad
1073 514 1309 593 filium:
1356 513 1520 577 ceris
1566 513 1813 577 deletis.

455 602 515 664 4.
561 602 923 665 Lactantius
959 602 1097 666 inst.
1134 601 1267 664 III
1293 606 1390 669 14.
1431 607 1516 665 17
1551 600 1751 680 Quam
1794 601 2099 681 confessus
2137 603 2335 683 fueris

321 689 735 770 philosophiae
776 692 1087 753 veritatem
1103 740 1118 767 ,
1167 691 1377 753 docent
1417 691 1503 753 ad
1542 690 1746 770 filium
1790 692 2116 771 composita
2149 713 2332 772 prae-
2364 710 2394 749 5

325 782 519 857 cepta,
589 777 806 857 quibus
876 798 1079 842 mones
1150 777 1601 862 philosophiae
1667 777 1923 860 quidem
1987 785 2335 864 praecepta

324 866 670 944 noscenda,
717 865 1058 930 vivendum
1105 870 1322 930 autem
1370 887 1510 929 esse
1555 865 1849 930 civiliter.

457 953 515 1017 5.
561 953 811 1018 Servius
853 956 939 1019 ad
991 955 1160 1037 Very.
1205 954 1363 1018 Aen.
1419 952 1605 1018 VIII
1639 959 1762 1019 168
1808 953 2015 1020 Cicero
2053 977 2165 1037 per
2208 959 2332 1038 epi·

323 1041 549 1104 stulam
612 1042 816 1123 culpat
874 1042 1078 1125 filium
1138 1044 1340 1107 dicens
1400 1042 1558 1106 male
1619 1062 1756 1106 eum
1816 1044 2043 1107 dixisse
2102 1044 2335 1109 ‘direxi

327 1129 558 1194 litteras
592 1131 790 1211 duas',
834 1152 970 1195 cum
1007 1132 1255 1210 litterae,
1295 1132 1568 1212 quotiens
1603 1132 1927 1211 epistulam
1960 1133 2332 1214 significa-nt,
2368 1153 2421 1189 ιο

324 1219 565 1281 numeri
610 1224 849 1283 tautum
881 1220 1154 1301 pluralis
1197 1221 1339 1283 siut.

458 1307 516 1371 6.
574 1306 827 1387 Quintil.
880 1307 932 1371 I
977 1313 1033 1373 7.
1089 1312 1173 1371 34
1228 1307 1409 1371 Nihil
1461 1327 1534 1370 ex
1584 1308 1982 1389 qrammatice
2043 1311 2334 1393 nocuerit,

323 1394 449 1458 uisi
491 1397 653 1476 quod
691 1416 1127 1477 supervacuum
1172 1400 1272 1459 est.
1336 1395 1447 1458 Au
1489 1396 1618 1459 ideo
1664 1396 1868 1459 minor
1912 1401 2000 1459 est
2042 1397 2136 1460 M.
2188 1397 2334 1461 Tul-

326 1482 446 1546 lius
472 1488 694 1566 orator,
729 1486 890 1566 quod
923 1486 1077 1548 idem
1113 1485 1268 1547 artis
1302 1483 1486 1547 huius
1520 1482 2044 1565 (orthoyraphiae)
2077 1486 2334 1567 diliyen-

326 1571 595 1635 tissimus
625 1572 751 1651 fuit
783 1577 840 1636 et
872 1573 940 1636 in
974 1573 1122 1652 filio,
1158 1577 1228 1635 ut
1260 1572 1535 1652 epistulis
1569 1577 1837 1652 apparet,
1874 1578 2024 1636 recte
2051 1573 2334 1654 loquendi
2363 1588 2417 1628 1⁵

323 1678 503 1739 asper
543 1680 772 1741 quoque
814 1659 1099 1724 exactor?

459 1748 515 1812 7.
561 1747 873 1812 Plutarch.
922 1747 1040 1813 Cic.
1085 1751 1173 1812 24
1213 1740 1586 1810 Ἐπιστολαὶ
1641 1743 1816 1828 παρὰ
1873 1749 1994 1812 τοῦ
2044 1745 2331 1832 Κικέρω-

323 1856 440 1909 νος
486 1832 612 1898 εἰσὶ
664 1872 738 1880 —
792 1832 956 1916 πρὸς
999 1831 1120 1900 τὸν
1167 1831 1317 1899 υἷόν
1365 1832 1876 1917 ἐγκελευομένου
1925 1843 2329 1920 συμφιλοσο-

324 1931 479 2004 φεῖν
530 1926 910 2011 Κρατίππῳ.

609 2158 678 2216 Χ.
744 2158 853 2216 AD
898 2157 964 2220 C.
1010 2157 1377 2217 LICINIUM
1427 2158 1757 2218 CALVUM
1805 2159 1953 2218 LIB.
1999 2160 2044 2216 I.
2354 2170 2409 2212 20

460 2278 514 2342 1.
569 2275 763 2342 Prisc.
818 2276 931 2340 IX
980 2283 1076 2341 10.
1131 2281 1212 2341 54
1256 2298 1322 2357 p.
1377 2281 1519 2341 490.
1577 2282 1619 2341 8
1673 2277 1759 2340 Η.
1848 2279 1912 2341 Α
1975 2274 2197 2341 ‘deleo’
2241 2314 2331 2326 —

326 2364 643 2448 ‘deletum',
687 2386 730 2430 a
775 2365 1017 2430 ‘delirio'
1065 2363 1357 2431 ‘delitum'
1404 2367 1692 2430 nascitur.
1747 2402 1818 2411 —
1862 2365 2068 2430 Cicero
2112 2367 2329 2446 epistu-

325 2455 528 2519 larum
571 2456 657 2519 ad
698 2453 953 2518 Calvum
984 2456 1226 2535 primo:
1286 2451 1436 2515 Tuli
1492 2453 1790 2535 moleste,
1845 2453 2015 2536 quod
2069 2453 2330 2517 litterae

326 2542 560 2606 delitae
606 2542 768 2605 mihi
814 2564 854 2606 a
896 2545 964 2606 te
1010 2542 1297 2605 redditae
1345 2544 1513 2604 sunt.
1586 2541 1694 2623 (V.
1731 2542 1894 2605 Keil.
1931 2543 2016 2605 ad
2048 2541 2330 2606 Diomed.

317 2652 378 2712 p.
424 2633 565 2695 375.
610 2631 748 2713 27.)
2357 2646 2415 2687 25

963 2713 1060 2767 EX
1093 2712 1309 2767 LIBRO
1350 2710 1682 2767 INCERTO.

455 2806 514 2870 2.
553 2803 672 2872 oio.
706 2805 858 2885 fam.
895 2805 1036 2870 XV
1059 2808 1161 2870 21.
1198 2809 1240 2868 4
1277 2803 1464 2868 Nunc
1502 2805 1588 2869 ad
1628 2805 1952 2886 epistulam
1994 2806 2181 2887 veui0,
2226 2806 2330 2869 cui

323 2895 551 2976 copiose
594 2899 649 2958 et
691 2895 957 2958 suaviter
998 2894 1258 2974 scriptae
1300 2892 1460 2956 nihil
1505 2897 1592 2957 est
1644 2895 1806 2975 quod
1844 2894 2040 2958 multa
2084 2913 2328 2974 respou-

324 2985 513 3048 deam.
604 2981 891 3046 Primum
944 2984 1107 3046 euim
1160 3002 1261 3063 eqo
1315 2981 1460 3045 illas
1505 2979 1690 3046 Calvo
1741 2982 1973 3046 litteras
2015 2984 2160 3046 misi
2201 3001 2331 3046 uon

317 3073 460 3152 plus
512 3091 699 3153 quam
751 3070 889 3150 has,
950 3090 1104 3152 quas
1156 3089 1321 3133 nunc
1374 3069 1543 3152 leyis,
1606 3071 1966 3135 existimaus
2022 3071 2328 3146 exituras,·
2358 3087 2422 3130 so

323 3161 504 3224 aliter
546 3160 710 3224 euim
752 3159 1101 3240 scribimus,
1153 3159 1315 3240 quod
1365 3177 1463 3222 eos
1505 3158 1687 3241 solos,
1741 3158 1958 3239 quibus
2009 3159 2330 3240 mittimus,

322 3249 527 3330 aliter,
581 3248 743 3329 quod
782 3248 1002 3311 multos
1054 3248 1306 3311 lecturos
1328 3251 1641 3326 putamus.
1731 3246 1972 3311 Deinde
2014 3247 2332 3328 iuqem'um

322 3337 451 3398 eius
485 3336 821 3399 maioribus
861 3336 1052 3400 extuli
1078 3334 1395 3416 laudibuS,
1441 3354 1626 3415 quam
1673 3339 1739 3399 tu
1785 3336 1852 3399 id
1892 3355 2025 3399 vere
2056 3335 2334 3416 potuisse

322 3422 459 3498 fieri
473 3427 681 3501 putas,
705 3423 986 3502 primum
1021 3424 1183 3504 quod
1213 3423 1306 3486 ita
1337 3422 1715 3486 iudicabam:
1751 3428 1923 3488 acute
1947 3422 2330 3499 movebatur,-

321 3525 508 3582 9euus
564 3511 865 3588 quoddam
916 3511 1293 3591 sequebatur,
1351 3511 1424 3573 iu
1474 3530 1590 3591 quo
1645 3511 1869 3575 iudicio
1924 3511 2155 3592 lapsus,
2186 3516 2331 3590 ‘quo
2360 3528 2420 3570 ³5
