2630 3913
648 235 924 290 FACETE
963 234 1354 290 DICTORUM.
1394 232 1458 287 G.
1497 234 1533 287 b
1561 240 1786 288 38—50.
2107 231 2235 296 349

352 399 457 463 43.
506 398 674 463 Plut.
721 399 843 464 Cic.
878 402 968 465 26
1012 400 1398 462 Νεανίσκου
1445 393 1524 460 δέ
1562 420 1741 471 τινος
1788 396 2007 458 αἰτίαν
2055 397 2231 478 ἔχον-

220 519 333 573 τος
379 496 452 560 ἐν
498 497 863 560 πλακοῦντι
911 490 1267 578 φάρμακον
1311 493 1402 582 τῷ
1442 489 1634 576 πατρὶ
1676 490 2036 557 δεδωκέναι
2071 499 2237 575 θρα-

223 592 601 676 συνομένου
638 589 748 657 καὶ
785 590 1116 675 λέγοντος,
1161 588 1264 656 ὅτι
1301 585 1682 673 λοιδορήσει
1721 586 1839 653 τὸν
1867 587 2238 673 Κικέρωνα,

226 689 514 774 (Τοῦτοζ
544 692 694 773 ἔφη,
726 682 925 774 (παρὰ
957 690 1083 754 σοῦ
1110 685 1435 771 βούλομαι
1467 688 1723 770 μᾶλλον
1749 679 1792 769 ἢ
1820 686 2238 751 πλακοῦντα.’

172 812 198 853 5
359 795 464 859 44.
518 794 686 859 Plut.
733 792 854 860 Οἰε.
890 798 979 861 26
1023 796 1334 859 Ποπλίου
1389 789 1463 858 δὲ
1510 795 1808 874 Σηστίου
1863 789 2240 877 συνήγορον

222 890 345 977 μὲν
402 885 611 957 αὐτὸν
671 894 745 956 ἔν
802 915 935 957 τινι
992 893 1144 977 δίκῃ
1200 885 1705 974 παραλαβόντος
1759 886 1912 973 μεθ’
1977 888 2241 975 ἑτέρων,

225 987 435 1057 αὐτοῦ
485 987 560 1056 δὲ
594 987 812 1056 πάντα
849 988 1267 1073 βουλομένου
1304 987 1521 1071 λέγειν
1557 985 1668 1052 καὶ
1705 986 1942 1071 μηδενὶ
1979 988 2243 1075 παριέν-

223 1112 337 1165 τος
382 1089 615 1171 εἰπεῖν,
663 1080 753 1164 ώς
798 1087 1002 1170 δῆλος
1045 1075 1133 1169 ῆν
1169 1080 1530 1168 ἀφιέμενος
1565 1079 1696 1149 ὑπὸ
1736 1087 1871 1149 τῶν
1915 1087 2244 1152 δικαστῶν

226 1182 356 1269 ἤδη
403 1185 520 1266 τῆς
565 1179 800 1266 ψήφου
847 1182 1247 1268 φερομένης,
1297 1182 1479 1263 “Χρῶ
1533 1177 1869 1267 σήμερονῖ
1915 1187 2073 1267 ἔφη,
2132 1184 2244 1274 “τῷ

153 1297 203 1336 1⁰
229 1281 471 1369 καιρῷ,
520 1277 794 1363 Σήστιε·
840 1280 1094 1364 μέλλεις
1138 1276 1267 1363 γὰρ
1317 1274 1559 1363 αὔριον
1606 1277 1874 1364 ἰδιώτης
1920 1277 2132 1347 εἶναι.’

362 1376 468 1451 45.
532 1385 703 1450 Plut.
759 1382 882 1450 Oia.
933 1388 1021 1450 26
1074 1380 1383 1448 Πόπλιον
1448 1380 1522 1449 δὲ
1576 1383 1907 1470 Κώνσταν
1969 1385 2249 1473 νομικὸν

231 1479 405 1548 εἶναι
443 1477 882 1566 βουλόμενον,
931 1476 1093 1545 ὄντα
1132 1476 1193 1545 δ’
1236 1476 1469 1563 άμαθῆ
1508 1479 1617 1545 καὶ
1656 1478 1863 1567 ἀφυῆ,
1900 1483 2065 1569 πρός
2099 1511 2249 1552 τινα

232 1583 428 1664 δίκην
466 1576 733 1644 ἐκάλεσε
770 1575 1090 1665 μάρτυρα.
1163 1578 1297 1642 Τοῦ
1338 1574 1413 1642 δὲ
1439 1577 1649 1662 μηδὲν
1681 1580 1929 1646 εἰδέναι
1959 1580 2249 1666 φάσκον-

229 1701 343 1755 τος
380 1673 633 1760 (Ἰσωςζ
671 1679 821 1760 ἔφη,
860 1675 1103 1750 ‘Gon-52⁴9
1139 1672 1287 1760 περὶ
1324 1677 1460 1740 τῶν
1496 1679 1794 1761 νομικῶν
1832 1680 2249 1766 έρωτᾶσθαι.’

152 1815 204 1855 15
361 1795 466 1860 46.
507 1794 673 1859 Plut.
712 1793 835 1859 Cic.
868 1796 958 1859 26
994 1789 1341 1881 Μετέλλου
1380 1787 1454 1856 δὲ
1490 1792 1806 1871 Νέπωτος
1847 1794 1919 1860 ἐν
1958 1798 2250 1883 διαφορᾷ

232 1916 364 1956 τινι
400 1886 717 1967 πολλάκις
753 1889 1064 1973 λέγοντος
1103 1889 1246 1967 ’Τίς
1283 1890 1411 1955 σοῦ
1447 1887 1661 1977 πατήρ
1701 1891 1936 1973 έστιν;’
1985 1891 2019 1961 6
2059 1895 2250 1962 Κικέ-

235 2013 374 2074 ρων
413 1985 568 2052 (Σοὶ
603 1984 854 2070 ταύτην
890 1984 1015 2071 τῆν
1062 1983 1464 2073 ἄπόκρισιν’,
1512 1991 1661 2073 ἔφη,
1710 1985 1773 2072 “ἡ
1813 1988 2027 2076 μήτηρ
2069 2000 2252 2079 χαλε-

236 2084 538 2167 πωτέραν
577 2084 924 2168 ἐποίησεν.’
984 2079 1240 2150 Ἐδόκει
1277 2079 1340 2149 δ’
1375 2081 1740 2163 ἀκόλαστος
1766 2082 1807 2170 ἡ
1838 2087 2052 2173 μήτηρ
2081 2086 2254 2157 εἶναι

235 2183 357 2247 τοῦ
405 2180 751 2262 Νέπωτος,
799 2175 1004 2258 αὐτὸς
1051 2181 1130 2247 δέ
1169 2206 1267 2258 τις
1313 2178 1773 2266 εὐμετάβολος.

154 2309 212 2350 20
372 2288 476 2351 47.
523 2285 692 2351 Plut.
739 2285 860 2352 oie.
906 2290 995 2353 26
1040 2291 1182 2351 Καί
1223 2307 1381 2353 ποτε
1425 2284 1550 2371 τῆν
1607 2291 1981 2374 δημαρχίαν
2028 2287 2255 2357 ἄπολι-

238 2381 385 2452 πών
421 2381 619 2469 ἄφνω
657 2379 822 2468 πρὸς
849 2382 1208 2469 Πομπήϊον
1247 2385 1630 2463 ἐξέπλευσεν
1669 2388 1763 2464 εἰς
1799 2391 2085 2470 Συρίαν,
2133 2385 2251 2454 εἶτ’

242 2483 502 2549 ἐκεῖθεν
549 2481 926 2564 ἐπανῆλθεν
973 2477 1413 2566 ἀλογώτερον.
1503 2478 1735 2561 Θάψας
1790 2480 1864 2548 δὲ
1915 2487 2258 2572 Φίλαγρον

238 2577 361 2645 τὸν
386 2574 781 2662 καθηγητὴν
810 2578 1307 2665 ἐπιμελέστερον
1337 2578 1690 2664 ἐπέστησεν
1719 2576 1930 2646 αὐτοῦ
1956 2581 2046 2671 τῷ
2067 2578 2257 2672 τάφῳ

238 2674 494 2762 κόρακα
512 2679 800 2741 λίθινον.
834 2672 971 2740 Καὶ
993 2670 1028 2740 6
1050 2676 1357 2761 Κικέρων
1377 2673 1655 2761 (Τοῦτ”,
1677 2680 1826 2762 ἔφη,
1848 2676 2259 2764 εσοφώτερον

155 2793 213 2834 25
244 2776 582 2858 ἐποίησας·
630 2774 945 2839 πέτεσθαι
991 2770 1120 2857 γάρ
1168 2790 1240 2838 σε
1277 2775 1534 2856 μᾶλλον
1570 2766 1613 2858 ἢ
1661 2773 1878 2857 λέγειν
1917 2775 2259 2855 ἐδίδαξενῖ

374 2884 479 2948 48.
532 2880 703 2946 Plut.
758 2878 880 2947 02⁸0.
926 2884 1015 2946 26
1041 2900 1131 2944 ex.
1174 2873 1350 2943 Ἐπεὶ
1407 2875 1482 2944 δὲ
1537 2875 1820 2963 Μάρκος
1854 2875 2133 2960 ’Ἄππιος
2189 2886 2260 2946 ἔν

241 3003 374 3043 τινι
413 2980 563 3064 δίκῃ
603 2973 1195 3060 προοιμιαζόμενος
1231 2971 1370 3040 εἶπε
1408 2978 1610 3058 φίλον
1648 2971 1857 3041 αὑτοῦ
1897 2979 2260 3061 δεδεῆσθαι

241 3087 606 3162 παρασχεῖν
646 3074 1019 3158 ἐπιμέλειαν
1063 3070 1175 3138 καὶ
1221 3070 1573 3156 λογιότητα
1617 3069 1729 3136 καὶ
1769 3077 2013 3157 πίστιν,
2062 3070 2256 3140 ‘Eia'

243 3168 510 3256 οὕτως’,
550 3175 699 3256 ἔφη,
739 3172 1081 3257 (σιδηροῦς
1115 3170 1395 3254 γέγονας
1431 3165 1811 3253 ἅνθρωπος,
1849 3166 2014 3236 ὥστε
2051 3169 2259 3255 μηδὲν

155 3290 213 3329 ao
243 3269 317 3334 ἐκ
360 3265 701 3335 τοσούτων
752 3258 851 3335 ὦν
895 3264 1183 3355 ᾐτήσατο
1234 3262 1269 3331 6
1319 3270 1513 3350 φίλος
1559 3268 1976 3353 παρασχεῖν;’

376 3375 480 3439 49.
544 3375 713 3440 Plut.
772 3373 894 3442 oie.
946 3378 1038 3441 27
1091 3369 1380 3459 Μάρκον
1437 3367 1772 3438 Ἀκυίνιον
1836 3374 2070 3456 ἔχοντα
2136 3371 2261 3438 δύο

238 3466 588 3557 γαμβροὺς
633 3468 940 3556 φυγάδας
985 3466 1411 3555 “’Ἀδραστον’
1459 3466 1694 3535 ἐκάλει.

377 3568 481 3633 50.
518 3567 685 3633 Plut.
721 3568 841 3635 Cic.
868 3573 960 3633 27
996 3571 1286 3633 Λευκίου
1324 3562 1400 3631 δὲ
1436 3563 1660 3631 Κόττα
1694 3562 2040 3651 τιμητικὴν
2078 3569 2262 3651 ἔχον-
