2630 3913
789 232 1235 288 ORATIONUM.
1274 233 1341 288 A.
1377 233 1481 286 vn
1516 240 1705 286 4—-10,
2118 234 2246 298 243

243 396 473 459 nelium
516 400 829 460 accusator
870 397 1003 461 lecti
1037 418 1079 459 a
1124 396 1367 460 tribuno
1400 396 1599 477 plebis
1644 396 1862 460 codicis
1892 397 2247 477 pollicetur‚·

136 511 140 522 ·
240 484 394 563 facit
433 483 543 547 hoo
586 483 791 549 Gioero
834 504 1285 566 supervacuum,
1331 486 1482 564 quia
1524 485 1651 565 ipse
1690 483 1975 563 fateatur.
2027 521 2102 530 —
2155 483 2247 564 Of.

244 572 417 651 infra
458 576 564 637 28.

376 661 434 724 6.
482 659 666 725 Grill.
711 665 1023 725 comment.
1060 681 1121 741 p.
1170 664 1311 724 604.
1357 665 1399 724 9
1444 659 1532 723 H.
1578 659 1816 743 Restat,
1869 667 1941 725 ut
1982 666 2248 742 praeter-

196 770 221 807 5
245 750 452 813 mittas
512 750 852 832 exordium,
926 751 1087 830 quod
1146 747 1333 812 etiam
1397 748 1640 812 Tullius
1701 750 1771 812 in
1824 750 2032 830 primo
2096 750 2249 814 libro

244 836 737 918 Philippicarum
769 838 943 918 fecit;
978 857 1130 901 nam
1164 836 1385 900 omisso
1409 837 1723 918 principio
1750 856 1888 901 oum
1909 858 2250 919 praepara-

244 927 404 989 tione
444 927 829 990 narrationis
863 926 1080 1006 incipit
1120 961 1217 988 —.
1289 924 1427 987 Aut
1459 929 1611 988 certe
1653 945 1762 989 nec
1804 928 2084 991 narratio
2129 947 2250 992 esse

244 1014 420 1096 debet,
463 1015 568 1079 sed
607 1020 720 1078 aut
760 1035 803 1077 a
848 1014 968 1095 leye
1002 1019 1115 1077 aut
1146 1012 1224 1076 ab
1259 1013 1468 1093 aliquo
1501 1013 1859 1093 firmissimo
1895 1021 2250 1097 aryumento

245 1102 527 1166 inchoare
569 1102 733 1166 debet
774 1107 996 1184 orator,
1040 1102 1198 1166 sieut
1239 1102 1309 1163 in
1355 1100 1758 1165 Corneliana:
1815 1100 2002 1166 Unde
2048 1103 2250 1189 igitur

170 1210 219 1248 10
247 1189 506 1254 ordiar?
554 1211 639 1253 an
684 1190 765 1253 ab
812 1189 957 1274 ipsa
1000 1189 1190 1273 lege?

379 1279 436 1341 7.
490 1275 681 1341 Arus.
733 1278 922 1342 Mess.
963 1299 1030 1359 p.
1074 1282 1209 1342 228
1261 1277 1446 1341 Lind.
1503 1276 1623 1342 Οἱς.
1670 1299 1788 1360 pro
1844 1277 2121 1344 Cornelio
2175 1279 2249 1342 I:

246 1365 381 1430 eius
429 1365 605 1429 modi
649 1365 811 1429 mihi
851 1366 1009 1429 duos
1048 1366 1313 1448 laqueos
1351 1365 1418 1428 in
1456 1387 1647 1429 causa
1685 1387 1825 1431 esse
1862 1367 2248 1451 propositOS,

246 1458 345 1537 ut,
392 1454 449 1517 si
494 1475 596 1517 me
643 1454 848 1518 altero
897 1454 1322 1538 expedissem,
1368 1456 1622 1517 tenerer
1669 1455 1891 1519 altero.

380 1543 437 1608 8.
483 1542 705 1607 Asson.
741 1563 807 1623 p.
844 1544 942 1606 56.
978 1544 1064 1607 25
1110 1541 1365 1626 Legem,
1409 1541 1642 1624 inquit,
1688 1542 1763 1606 de
1799 1542 2248 1607 libertinorum

168 1647 217 1688 1⁵
248 1630 572 1716 suffragiis
628 1628 965 1696 Cornelius
1022 1628 1089 1696 G.
1143 1629 1388 1693 Manlio
1446 1629 1636 1693 dedit.
1737 1628 1901 1705 Quid
1966 1636 2066 1695 est
2125 1631 2250 1697 hoc

247 1719 511 1785 ededit'?
576 1718 622 1801 †
676 1718 782 1782 An
848 1718 1045 1782 tulit?
1112 1741 1194 1782 an
1247 1717 1549 1803 rogavit?
1615 1740 1698 1782 an
1749 1718 2050 1783 hortatus
2106 1722 2248 1784 est?

242 1810 289 1890 †
316 1810 420 1872 An
457 1808 686 1872 tulisse
724 1806 1066 1871 ridiculum
1095 1810 1195 1870 est
1232 1805 1418 1889 quasi
1447 1806 1658 1891 legem
1697 1807 1982 1891 aliquam
2019 1812 2132 1872 aut
2169 1809 2249 1873 ad

245 1897 649 1962 scribendum
688 1895 1015 1961 difficilem
1054 1898 1166 1960 aut
1204 1896 1285 1959 ad
1314 1895 1806 1979 excogitandum
1835 1897 2249 1980 reconditam,

246 2008 409 2070 quae
445 1986 549 2050 lex
585 1985 806 2070 paucis
843 1985 946 2048 his
984 1984 1170 2048 annis
1207 2006 1338 2048 non
1374 1983 1564 2047 modo
1604 1984 1863 2069 scripta,
1905 1986 2015 2051 sed
2053 1987 2249 2075 etiam

162 2091 216 2128 20
247 2075 384 2138 lata
430 2077 617 2137 esset.

466 2159 539 2224 P.
599 2158 945 2260 Sulpicium
1007 2161 1076 2223 in
1140 2151 1455 2224 tribunatu
1516 2159 1676 2224 hano
1745 2163 1994 2226 eandem
2068 2163 2250 2246 leyem

337 2248 543 2312 tulisse
584 2250 717 2311 iam
758 2247 1253 2328 siqniftoavimus.
1320 2248 1494 2312 Tulit
1534 2253 1736 2313 autem
1779 2249 1853 2313 L.
1899 2249 2096 2329 Sulla,
2141 2253 2250 2333 qui

323 2335 772 2488 {gefffelix
791 2335 1130 2417 appellatus
1156 2345 1262 2487 ist,
1310 2336 1398 2489 Qd
1407 2335 1734 2507 Ptozmpeiot
1729 2339 2069 2402 consulibus
2108 2344 2248 2403 ante

640 2443 866 2507 annos,
917 2444 1104 2506 quam
1198 2444 1301 2488 aec
1397 2444 1450 2489 zo
1566 2445 1683 2489 sun
1787 2445 1923 2490 eum
1965 2446 2081 2507 per
2123 2428 2248 2490 vim

158 2529 213 2568 2⁵
333 2533 462 2577 rem
494 2533 561 2594 p.
596 2513 956 2594 possedisset
997 2517 1054 2577 et
1095 2512 1172 2576 ab
1217 2514 1418 2577 initiis
1471 2513 1770 2577 bonarum
1814 2514 2122 2578 actionum
2165 2517 2252 2579 ad

321 2602 600 2683 perditas
648 2621 1008 2683 proqressus
1068 2605 1238 2683 esset,
1306 2602 1469 2682 quod
1528 2606 1586 2665 et
1646 2602 1898 2666 initium
1959 2603 2247 2668 bellorum

332 2690 605 2754 civilium
644 2689 787 2769 fuit,
831 2695 889 2753 et
917 2694 1170 2771 propter
1211 2691 1372 2771 quod
1412 2691 1540 2770 ipse
1581 2688 1890 2772 Suhpioius
1933 2693 2248 2757 consulum

331 2779 527 2843 armis
570 2779 705 2842 iure
748 2797 1064 2860 oppressus
1107 2797 1230 2842 esse
1272 2779 1438 2842 visus
1480 2782 1583 2841 est.

378 2867 437 2930 9.
481 2864 561 2930 In
606 2887 733 2949 quo
780 2888 925 2931 eum
971 2866 1178 2930 multa
1223 2865 1609 2950 reprehensa
1647 2866 1793 2948 sint,
1837 2870 1979 2931 tum
2015 2868 2083 2931 in
2119 2870 2243 2953 pri-

156 2971 212 3010 30
243 2954 369 3019 mis
416 2954 712 3020 celeritas
760 2954 1051 3019 actionis,

463 3041 838 3107 Celeritatem
882 3044 1139 3107 aetionis
1172 3043 1494 3125 siynifioat,
1537 3044 1686 3124 quia
1720 3043 2047 3126 Manilius,
2089 3047 2247 3109 siout

329 3132 461 3195 iam
505 3133 898 3212 ostendimuS,
940 3136 1085 3212 post
1114 3132 1415 3212 pauculos
1456 3132 1667 3195 statim
1711 3133 1863 3211 dies,
1920 3152 2106 3213 quam
2151 3135 2244 3197 in-

330 3221 488 3283 ierat
530 3220 935 3300 tribunatum,
982 3220 1164 3301 leyem
1207 3220 1456 3283 eandem
1501 3218 1938 3300 Compitalibus
1969 3222 2242 3302 pertulit.

380 3309 476 3373 10.
522 3306 764 3372 Petivit
819 3311 1039 3371 tamen
1094 3330 1133 3370 a
1186 3329 1287 3371 me
1344 3310 1605 3391 praetor
1659 3307 1938 3372 maxima
1989 3313 2243 3374 conten·
2288 3361 2292 3365 ⁴

151 3412 208 3450 ³⁵
241 3395 436 3477 tione,
481 3401 556 3458 ut
602 3418 861 3461 causam
908 3394 1134 3459 Manili
1181 3394 1600 3460 defenderem.

464 3482 527 3548 Ο.
573 3485 819 3550 Attium
864 3484 1103 3550 Celsum
1154 3485 1486 3567 siqnifioat,
1544 3486 1701 3549 sieut
1750 3487 1880 3549 iam
1934 3491 2076 3550 ante
2118 3488 2240 3552 dio-

331 3576 458 3636 tum
503 3579 604 3637 est.

1821 3677 1925 3730 16*
