2630 3913
325 214 455 275 254
1097 212 1540 267 FRAGMENTA

413 383 541 439 tum
585 381 689 459 est,
732 375 1050 457 diliyenter
1081 377 1306 457 posuit,
1351 377 1521 456 isque
1561 375 1688 454 fuit
1731 375 1810 439 A.
1856 375 2141 456 Verqinio
2190 374 2329 439 Tri·

410 469 565 529 costo
609 464 683 528 L.
742 464 983 529 Veturio
1031 461 1318 528 Cicurino
1362 483 1505 528 cosa
1590 461 1866 528 Ceterum
1908 465 2162 544 quidam
2206 484 2332 528 non

411 556 530 618 duo
567 558 638 617 tr.
665 553 776 636 pl„
819 557 892 615 ut
927 550 1131 617 Cicero
1167 551 1332 634 dicit,
1376 553 1482 616 sed
1511 552 1780 633 quinque
1815 553 2070 615 tradunt
2102 558 2331 617 creatos

413 648 542 705 tum
587 661 724 719 esse,
769 640 1037 721 sinyulos
1080 660 1156 704 ex
1197 641 1462 722 sinyulis
1504 640 1813 705 classibus.
1903 639 2068 704 Sunt
2111 645 2329 723 tamen,

410 731 517 812 qui
579 730 829 794 eundem
891 729 1071 792 illum
1131 730 1396 793 duorum
1456 748 1806 811 numerum,
1868 748 2044 809 quem
2109 727 2331 812 Cicero,
2385 747 2415 787 ⁵

401 824 668 899 ponant,
721 819 881 882 inter
933 837 1081 898 quos
1138 817 1487 881 Tuditanus
1540 822 1596 880 et
1648 816 2027 897 Pomponius
2070 816 2330 894 Atticus,

410 907 629 971 Livius
672 926 902 988 quoque
944 910 1159 970 noster.
1230 905 1408 969 Idem
1451 904 1549 969 hie
1583 911 1641 969 et
1677 906 2023 969 Tuditanus
2056 905 2337 970 adiciunt

412 1000 532 1059 tres
564 1000 884 1076 praeterea
926 994 1004 1058 ab
1049 995 1178 1059 illis
1221 994 1453 1058 duobus
1492 993 1611 1058 sibi
1644 994 1896 1075 eolleyas
1929 998 2159 1058 creatos
2193 1014 2330 1058 esse.

412 1084 691 1147 Nomina
733 1084 1020 1165 duorum,
1065 1083 1174 1164 qui
1205 1083 1409 1163 primi
1450 1083 1638 1146 creati
1680 1087 1848 1163 sunt,
1891 1081 2036 1146 haec
2080 1084 2331 1147 tradun-

413 1177 545 1236 tur:
591 1171 665 1235 L.
701 1170 976 1236 Sicinius
1007 1170 1082 1234 L.
1115 1171 1163 1251 f.
1203 1170 1467 1253 Velutus,
1503 1169 1577 1233 L.
1605 1171 1898 1234 Albinius
1936 1168 2002 1235 G.
2033 1170 2080 1250 f.
2118 1169 2328 1234 Pater-
2361 1191 2414 1229 10

410 1261 598 1326 culn-3.
660 1259 928 1340 Reliqua
950 1280 1108 1340 pars
1142 1258 1329 1323 huius
1365 1259 1495 1341 loci,
1539 1279 1693 1339 quae
1713 1260 1982 1340 pertinet
2012 1259 2100 1323 ad
2128 1277 2331 1323 secun-

411 1351 557 1413 dam
583 1349 1066 1413 constitutionem
1094 1347 1475 1412 tribunorum
1502 1352 1561 1410 et
1584 1348 2049 1411 decemvirorum
2082 1347 2331 1427 finitum

411 1439 754 1520 imperium,
788 1442 847 1501 et
880 1436 1128 1501 breviter
1162 1439 1221 1499 et
1252 1440 1456 1517 aperte
1481 1436 1558 1499 ab
1595 1437 1724 1516 ipso
1751 1436 1989 1499 dicitur.
2056 1435 2332 1499 Nomina

410 1528 543 1591 sola
594 1546 719 1590 non
771 1526 985 1607 adicit,
1047 1524 1186 1605 quis
1236 1523 1344 1587 ille
1406 1544 1480 1588 ex
1541 1524 1891 1588 decemviris
1947 1523 2162 1607 fuerit,
2224 1527 2333 1605 qui

411 1619 624 1680 contra
669 1614 1001 1677 libertatem
1042 1613 1344 1676 vindicias
1387 1612 1640 1693 dederit,
1694 1617 1753 1676 et
1802 1613 1941 1693 quis
1991 1612 2096 1676 ille
2135 1618 2325 1693 pater,
2358 1629 2407 1668 15

411 1708 623 1768 contra
648 1702 823 1766 cuius
854 1700 1059 1782 filiam
1093 1702 1163 1764 id
1194 1701 1449 1764 decrerit
1454 1720 1476 1777 ;
1512 1701 1737 1764 scilicet
1758 1701 1921 1781 quod
1942 1701 2323 1765 notissimum

411 1798 499 1856 est
530 1791 927 1854 decemvirum
962 1789 1136 1852 illum
1171 1789 1454 1869 Appium
1481 1786 1819 1853 Claudium
1851 1789 2060 1871 fuisse,
2085 1793 2325 1870 patrem

410 1885 614 1944 autem
648 1879 909 1960 viryinis
938 1876 1011 1940 L.
1052 1876 1423 1959 Veryinium.
1499 1875 1706 1942 Unum
1739 1876 1846 1941 hoc
1882 1881 2122 1941 tantum
2154 1877 2327 1940 modo

412 1968 863 2050 explicandum,
917 1986 1034 2047 quo
1090 1966 1211 2030 loco
1251 1967 1535 2048 primum
1585 1968 1658 2031 de
1708 1967 1971 2031 secunda
2014 1966 2330 2031 secessione

400 2057 622 2140 plebis,
668 2055 880 2120 dehinc
922 2056 1242 2119 concordia
1280 2054 1453 2134 facta
1495 2055 1584 2119 sic
1626 2055 1804 2119 dicit:
2357 2071 2406 2109 20

455 2145 559 2208 49.
605 2143 772 2207 Tum
815 2142 1204 2227 interposita
1248 2142 1373 2206 fide
1419 2164 1535 2226 per
1559 2144 1714 2207 ·tres
1750 2142 2023 2229 legatOS,
2071 2142 2328 2227 amplis-

326 2235 523 2299 simos
568 2232 762 2316 viros,
806 2231 1083 2295 Romam
1129 2230 1364 2295 armati
1408 2235 1847 2315 revertuntur3
1889 2230 1958 2295 in
2003 2229 2328 2295 Aventino

324 2322 767 2405 consederunt,
810 2320 959 2384 inde
1007 2319 1241 2384 armati
1285 2319 1357 2383 in
1401 2318 1795 2403 Capitolium
1842 2323 2181 2402 venerunt,
2229 2319 2329 2384 de-

324 2434 459 2476 cem
513 2414 594 2475 tr.
648 2409 737 2494 pl.
781 2430 899 2491 per
950 2407 1351 2494 pontificem,
1406 2408 1578 2491 quod
1630 2408 2053 2493 magistratus
2108 2407 2326 2472 nullus

322 2504 489 2583 erat,
535 2500 930 2565 creaverunt.
2358 2510 2410 2549 2⁵

540 2588 759 2668 Leyati
793 2590 929 2667 tres,
972 2605 1233 2666 quorum
1265 2585 1524 2649 nomina
1556 2604 1680 2648 non
1713 2586 1910 2666 ponit,
1944 2583 2013 2647 hi
2043 2580 2327 2664 fuerunt·

409 2675 516 2758 Sp.
547 2675 863 2756 Tarpeius,
892 2671 956 2738 G
985 2673 1209 2751 Iulius,
1246 2671 1320 2737 P.
1347 2672 1675 2755 Sulpicius,
1711 2693 1915 2737 omnes
1949 2673 2326 2747 consulares,·

397 2763 684 2847 pontifex
728 2781 891 2826 max.
931 2760 1061 2840 fuit
1100 2761 1196 2826 M.
1240 2760 1557 2842 Papirius.

454 2851 556 2917 50.
590 2850 813 2914 Etiam
839 2850 999 2913 haee
1025 2849 1385 2913 recentiora
1421 2852 1772 2933 praetereo,
1808 2846 2122 2933 Porciam,
2157 2849 2327 2933 prin-

324 2941 560 3025 cipium
596 2938 992 3003 iustissimae
1029 2937 1373 3019 libertatis,
1411 2935 1719 3020 Cassiam,
1765 2958 1891 3020 qua
1925 2937 2070 3022 lege
2107 2937 2327 3001 suffra-
2357 2954 2411 2994 ³0

325 3030 578 3115 giorum
637 3027 735 3093 vis
792 3030 1209 3112 potestasque
1274 3026 1628 3109 convaluit,
1688 3025 1963 3090 alteram
2019 3023 2330 3108 Cassiam,

324 3140 485 3203 quae
533 3116 760 3201 populi
803 3113 1040 3180 iudicia
1084 3115 1385 3178 firmavit.

545 3205 714 3285 Quae
756 3205 841 3269 sit
880 3204 997 3267 illa
1041 3204 1135 3268 lex
1181 3201 1414 3285 Cassia,
1457 3223 1582 3285 qua
1628 3202 2108 3288 suffragiorum
2153 3206 2329 3287 pote-

411 3297 548 3358 stas
611 3290 992 3375 convaluit',
1054 3293 1452 3372 manifestum
1514 3296 1632 3368 est,·
1698 3312 1850 3355 nam
1911 3293 2042 3373 ipse
2102 3312 2331 3373 quoque

397 3380 593 3461 paulo
655 3385 798 3443 ante
857 3341 1019 3444 dixit
1076 3380 1255 3462 leyem
1310 3379 1594 3445 Cassium
1648 3380 1879 3463 tulisse,
1941 3384 2015 3443 ut
2061 3380 2330 3461 populus
2358 3395 2411 3435 ⁸⁵

400 3487 514 3547 per
576 3467 857 3530 tabellam
920 3467 1291 3549 suffraqium
1351 3469 1552 3549 ferret.
1655 3430 1879 3532 Altero}
1939 3467 2156 3533 Cassia
2219 3468 2329 3544 lex,

411 3550 597 3632 ‘quae
633 3554 858 3635 populi
894 3553 1130 3618 iudicia
1162 3554 1688 3638 firmavit’‚·quae
1726 3557 1825 3634 sit,
1857 3560 2059 3638 potest
2098 3556 2330 3636 quaeri.
