2630 3913
302 1182 358 1231 w

293 2064 358 2113 48

294 2768 357 2816 49

401 212 524 274 148
874 209 1058 264 CATO
1096 209 1332 263 MAIOR
1366 208 1465 261 DE
1504 208 1930 263 SENEOTUTE

395 372 540 436 istis
599 370 855 455 quidem
908 371 1069 457 ipsis
1115 371 1564 455 voluptatibus
1621 392 1838 434 carere
1886 391 2078 434 sensu
2122 373 2407 434 senectu-

396 466 547 525 tem.
645 460 750 524 Me
804 481 958 524 vero
1015 462 1082 523 et
1138 458 1520 545 magisteria
1574 458 1898 522 delectant
1952 480 1990 522 a
2053 457 2409 523 maioribus

395 550 722 622 instituta,
754 552 820 611 et
872 548 929 611 is
987 568 1238 631 sermo!
1289 547 1402 630 qui
1456 568 1634 611 more
1690 547 2007 610 maiorum
2063 569 2102 611 a
2157 567 2409 611 summo

398 637 740 702 adhibetur
802 636 872 699 in
933 636 1195 720 poculo,
1259 639 1326 699 et
1380 635 1639 719 pocula,
1703 635 1872 699 sicut
1934 635 2001 698 in
2066 631 2409 719 Symposio

397 724 846 809 Xenophontis
884 728 1001 807 est,
1045 724 1297 787 minuta
1335 728 1529 807 atque
1569 723 1877 808 rorantia,
1896 726 1963 787 et
1997 722 2411 808 refrigeratio
2468 740 2493 779 ⁶

399 817 646 878 aestate
704 816 769 876 et
822 812 1107 878 vicissim
1163 816 1277 876 aut
1333 812 1431 876 sol
1479 815 1591 877 aut
1635 811 1807 897 ignis
1853 810 2192 894 hibernus3
2248 833 2411 894 quae

400 901 655 985 quidem
703 901 899 965 etiam
945 901 1015 965 in
1050 898 1308 964 Sabinis
1344 899 1646 984 persequi
1692 900 1869 964 soleo
1917 899 2410 982 conviviumque

399 990 753 1054 vicinorum
800 988 1032 1054 cotidie
1078 990 1399 1073 compleo,
1454 987 1626 1072 quod
1680 988 1762 1051 ad
1816 989 2092 1053 multam
2134 991 2442 1071 noctem

398 1100 591 1161 quam
637 1078 915 1142 maxime
960 1098 1361 1162 possumus*
1393 1077 1575 1141 vario
1631 1097 1924 1140 sermone
1977 1075 2411 1161 producimus.

398 1166 489 1230 At
532 1188 665 1231 non
710 1170 810 1229 est
854 1166 1266 1251 voluptatum
1311 1170 1501 1229 tanta
1557 1164 1743 1248 quasi
1786 1164 2086 1229 titillatio
2131 1164 2201 1227 in
2249 1166 2411 1228 seni-
2446 1183 2495 1222 ιο

396 1256 533 1319 bus.
618 1252 852 1337 Credo,
909 1254 1022 1318 sed
1074 1275 1154 1318 ne
1203 1252 1588 1318 desideratio
1636 1252 1921 1336 quidem;
1979 1252 2144 1316 nihil
2192 1256 2410 1317 autem

399 1347 496 1406 est
540 1344 917 1425 molestum,
974 1341 1144 1425 quod
1199 1363 1332 1407 non
1387 1341 1724 1405 desideres.
1814 1339 1990 1405 Bene
2037 1338 2410 1425 Sophocles,

397 1451 542 1496 cum
570 1452 648 1495 ex
685 1452 760 1495 eo
798 1430 1114 1514 quidam
1095 1452 1227 1494 lam
1267 1429 1519 1494 adfecto
1558 1433 1771 1493 aetate
1810 1432 2166 1512 quaereret,
2203 1433 2411 1494 utere·

399 1524 584 1584 turne
620 1519 811 1583 rebus
841 1519 1142 1582 veneriis:
1182 1517 1307 1581 ‘Di
1347 1516 1725 1582 meliora!'
1761 1517 2000 1600 inquit3
2039 1516 2411 1582 ‘libenter

398 1629 576 1672 vero
623 1607 860 1671 istinc
906 1607 1110 1671 sicut
1149 1603 1239 1670 a'b
1288 1605 1591 1670 domino
1639 1606 1935 1691 agresti
1981 1626 2065 1670 ac
2109 1604 2408 1670 furioso
2441 1623 2491 1663 1⁸

399 1694 622 1780 profu
635 1693 752 1779 gi?
808 1692 1072 1779 Cupidis
1103 1694 1274 1758 enim
1303 1716 1519 1757 rerum
1545 1694 1778 1758 talium
1807 1692 2102 1759 odiosum
2128 1693 2409 1758 fortasse

400 1787 464 1846 et
500 1783 847 1847 molestum
885 1786 986 1846 est
1022 1803 1257 1865 carere,
1295 1782 1550 1846 satiatis
1587 1803 1741 1847 vero
1780 1786 1846 1846 et
1892 1781 2165 1866 expletis
2194 1782 2406 1847 iucun-

400 1871 540 1934 dius
569 1874 669 1933 est
696 1891 911 1934 carere
940 1891 1135 1953 quam
1162 1869 1308 1934 frui.
1375 1868 1779 1954 Quamquam
1813 1892 1946 1935 non
1982 1874 2159 1934 caret
2185 1870 2261 1953 is,
2298 1870 2408 1954 qui

399 1981 529 2023 non
556 1956 902 2042 desiderat3
940 1980 1095 2045 ergo
1134 1960 1256 2025 hoc
1291 1981 1422 2023 non
1451 1958 1813 2023 desiderare
1842 1959 1982 2024 dico
2016 1981 2155 2023 esse
2192 1959 2407 2024 iucun-

399 2047 556 2111 dius
621 2045 862 2121 Quodsi
898 2046 1044 2111 istis
1082 2048 1242 2133 ipsis
1279 2048 1728 2132 voluptatibus
1762 2048 1934 2113 bona
1962 2051 2142 2112 aetas
2168 2047 2409 2112 fruitur
2437 2064 2489 2104 πο

397 2135 730 2218 libentius,
775 2135 1056 2220 primum
1102 2136 1391 2220 parvulis
1437 2135 1676 2200 fruitur
1720 2136 1945 2219 rebus,
1990 2140 2065 2200 ut
2111 2136 2407 2220 diximus,

400 2224 621 2289 deinde
666 2224 775 2308 iis,
831 2224 1064 2308 quibus
1121 2229 1415 2289 senectus
1472 2225 1728 2289 etiamsi
1779 2246 1911 2289 non
1954 2224 2205 2289 abunde
2243 2224 2407 2309 poti-

398 2318 519 2396 tur,
564 2335 695 2378 non
741 2312 1002 2379 omnino
1049 2317 1241 2378 caret.
1332 2312 1425 2378 Ut
1472 2311 1794 2398 Turpione
1840 2312 2146 2377 Ambivio
2194 2313 2404 2399 magis

398 2402 776 2484 delectatur,
851 2401 960 2485 qui
1022 2401 1092 2465 in
1154 2401 1367 2486 prima
1430 2422 1624 2466 cavea
1696 2405 1977 2485 spectat,
2051 2401 2407 2466 delectatur

398 2495 616 2554 tamen
662 2489 875 2573 etiam,
922 2491 1032 2573 qui
1077 2488 1146 2552 ιιι
1191 2489 1451 2572 ultima,
1497 2488 1588 2553 sic
1634 2489 2070 2553 adulescentia
2113 2492 2407 2575 volupta-
2438 2505 2490 2546 ²⁵

398 2583 495 2642 tes
540 2581 807 2662 propter
860 2577 1118 2641 intuens
1174 2578 1386 2663 magis
1439 2576 1717 2641 fortasse
1773 2578 2082 2660 laetatur,
2138 2577 2251 2642 sed
2306 2577 2406 2642 de-

397 2668 674 2729 lectatur
727 2665 926 2728 etiam
982 2668 1274 2730 senectus
1329 2666 1553 2750 procul
1611 2687 1719 2730 eas
1775 2669 2074 2750 spectans
2129 2669 2406 2748 tantum,

398 2756 711 2836 quantum
757 2756 862 2854 sat
909 2757 1024 2817 est.
1113 2754 1207 2817 At
1249 2753 1367 2817 illa
1414 2754 1641 2837 quanti
1688 2758 1862 2837 sunt,
1910 2755 2199 2819 animum
2241 2758 2405 2818 tam-

397 2929 612 3007 tionis,
655 2929 1161 3013 inimicitiarum,
1206 2930 1631 3015 cupidltatum
1678 2932 1965 2996 omnium
2011 2952 2227 2996 secum
2264 2953 2406 2995 esse
2437 2947 2492 2987 ³⁰

399 3040 755 3102 secumque,
783 3021 857 3083 ut
885 3017 1135 3102 dicitur,
1161 3019 1402 3083 vivere!
1451 3016 1519 3083 Si
1546 3041 1699 3085 vero
1727 3020 1927 3083 habet
1956 3020 2218 3103 aliquod
2244 3023 2406 3087 tam-

399 3128 591 3190 quam
636 3107 951 3191 pabulum
997 3107 1193 3172 studii
1229 3111 1424 3191 atque
1463 3107 1809 3191 doctrinae,
1853 3107 2018 3171 nihil
2057 3112 2158 3172 est
2194 3108 2408 3172 otiosa

399 3199 726 3259 senectute
758 3194 1112 3260 iucundius.
1174 3195 1221 3276 †
1248 3195 1416 3259 Mori
1443 3195 1819 3260 videbamus
1855 3196 1925 3259 in
1960 3195 2173 3261 studio
2213 3196 2407 3261 dime—

397 3283 598 3347 tiendi
643 3305 846 3368 paene
893 3284 1054 3348 caeli
1101 3288 1292 3368 atque
1339 3289 1551 3348 terrae
1598 3282 1667 3349 C.
1715 3284 1969 3368 Galum,
2013 3284 2405 3351 familiarem

395 3371 602 3454 patris
658 3372 781 3455 tui,
842 3368 1083 3457 Scipi03
1149 3373 1446 3457 quotiens
1500 3371 1689 3436 illum
1744 3373 1853 3437 lux
1907 3377 2103 3438 noctu
2160 3374 2407 3458 aliquid
2438 3390 2492 3430 ⁸⁵

398 3458 800 3523 describere
780 3478 1164 3545 ingressum,
1190 3461 1489 3543 quotiens
1516 3482 1644 3526 nox
1673 3461 2014 3546 oppressit,
2042 3483 2187 3526 cum
2215 3485 2407 3528 mane

397 3546 742 3628 coepisset!
808 3568 1002 3631 quam
1059 3548 1423 3612 delectabat
1477 3570 1623 3613 eum
1678 3549 2065 3615 defectiones
2124 3551 2283 3615 solis
2339 3555 2407 3617 et
