2630 3913
880 247 1213 303 INCERTA.
1253 249 1293 301 Ι.
1334 248 1539 304 34--K.
1578 255 1628 304 8.
2134 250 2252 310 411

380 408 487 473 43.
533 407 742 472 Amm.
787 409 991 473 Mare.
1037 409 1180 473 XV
1212 413 1268 473 5.
1314 413 1405 475 23
1450 410 1853 475 Mirabamur
1904 411 2082 475 illam
2134 431 2265 475 sen-

249 497 502 560 tentiam
563 496 923 560 Tullianam
976 517 1050 561 ex
1101 498 1363 562 internis
1419 499 1692 562 veritatis
1752 499 1951 579 ipsius
1991 499 2268 579 promul-

241 588 473 665 9atam‚
517 604 675 665 quae
718 589 808 648 est
849 585 1026 649 talis:
1071 584 1161 648 Et
1208 607 1601 670 quamquam
1638 585 2121 670 optatissimum
2169 591 2268 650 est

247 674 562 755 perpetuo
626 671 961 737 fortunam
1027 695 1219 756 quam
1283 673 1811 739 florentissimam
1874 695 2269 758 permanere,

194 777 219 817 5
245 759 368 823 illa
421 762 646 824 tamen
698 760 1129 845 aequabilitas
1176 761 1350 826 vitae
1404 783 1536 826 non
1581 766 1839 827 tantum
1884 762 2085 826 habet
2131 783 2268 826 sen-

250 868 420 930 sum,
479 850 794 930 quantum
850 871 996 913 cum
1051 871 1129 913 ex
1183 849 1437 914 miseris
1492 855 1558 914 ei:
1612 851 1883 935 perditis
1938 850 2132 914 rebus
2189 850 2268 913 ad

248 935 587 1000 meliorem
644 939 891 1000 statum
945 937 1210 1002 fortuna
1267 942 1624 1003 revocatur.
1681 975 1764 984 —
1822 935 1915 1018 Cf.
1968 940 2043 1002 de
2093 940 2267 1004 domo

247 1027 353 1088 32.
400 1029 502 1106 86,
536 1030 681 1106 post
723 1026 847 1090 red.
893 1026 979 1089 ad
1024 1026 1197 1104 Quir.
1247 1031 1303 1089 1.
1350 1030 1412 1090 2.

1049 1274 1472 1284 ...Μή-...Μ

505 1479 585 1546 Κ.
650 1478 1091 1546 SINGULAE
1139 1479 1421 1547 VOGES
1467 1482 1580 1547 ΕΤ
1625 1478 2019 1547 PHRASES

799 1588 919 1652 EX
963 1584 1370 1654 INCERTIS
1415 1584 1718 1652 LIBRIS.

170 1660 223 1699 10

390 1730 444 1794 1.
484 1730 647 1795 Non.
682 1752 751 1813 p.
787 1732 884 1795 55.
920 1733 968 1794 2
1006 1728 1287 1795 ‘Arcera'
1313 1730 1674 1812 plaustrum
1710 1733 1798 1794 est
1829 1730 2127 1793 rusticum
2164 1733 2271 1793 tee-

252 1822 384 1882 tum
427 1820 695 1900 undique
737 1819 919 1899 quasi
961 1838 1128 1882 area.
1209 1819 1351 1883 Hoe
1392 1818 1749 1883 vocabulum
1792 1822 1850 1882 et
1891 1818 2064 1899 apud
2117 1817 2270 1881 Var-

250 1926 462 1971 ronem
522 1912 581 1970 et
640 1907 809 1988 apud
858 1907 952 1971 M.
1011 1906 1287 1972 Tullium
1345 1907 1672 1973 invenitur.
1732 1943 1807 1953 —
1867 1904 1962 1987 Cf.
2023 1905 2092 1987 Q.
2150 1904 2271 1971 Cio.

250 2015 447 2075 supra
481 2015 549 2075 p.
595 1997 718 2058 405
765 1994 908 2058 XV
940 2015 992 2059 v.
1039 2000 1139 2059 18.

174 2101 226 2140 15
388 2081 449 2146 2.
503 2079 742 2146 Charis.
786 2081 838 2144 I
872 2102 940 2162 p.
986 2086 1085 2146 33.
1131 2087 1209 2146 11
1255 2082 1458 2147 Cicero
1502 2084 1695 2147 dixit:
1749 2081 2017 2147 Fascem
2071 2105 2270 2145 unum

255 2171 312 2234 si
357 2172 632 2235 nanctus
671 2189 863 2252 essem,
896 2189 1015 2250 per
1057 2171 1219 2249 quod
1250 2170 1654 2250 intelleyimus
1687 2171 2028 2234 masculino
2059 2190 2273 2250 yenere

253 2260 380 2324 diei
424 2263 481 2323 et
525 2278 650 2323 non
693 2278 816 2323 esse
860 2262 1101 2321 tantum
1140 2258 1401 2339 plurale.

389 2348 449 2412 3.
503 2344 746 2412 Charis,
791 2345 842 2410 I
866 2366 935 2428 Ρ.
979 2349 1125 2410 129.
1169 2350 1214 2410 8
1258 2343 1498 2410 ‘Fretu'
1544 2343 1784 2409 Cicero:
1844 2367 1885 2407 a
1929 2342 2272 2429 GaditanO,

256 2437 482 2517 inquit,
526 2434 717 2499 fretu.

174 2543 229 2581 2⁰
391 2525 450 2588 4.
477 2524 920 2588 Fortunatian.
946 2522 1081 2587 III
1098 2527 1142 2587 4
1157 2544 1226 2606 Ρ.
1253 2526 1403 2588 122.
1427 2526 1517 2587 26
1543 2519 1709 2587 Sunt
1740 2522 2041 2603 quaedam
2075 2522 2272 2599 verba,

254 2632 416 2714 quae
452 2613 731 2694 quamvis
780 2611 1038 2677 obsoleta
1080 2612 1234 2695 sint,
1287 2616 1493 2676 tamen
1534 2610 1792 2675 vitanda
1834 2630 1960 2674 non
2002 2615 2174 2693 sunt,
2219 2613 2275 2675 si

254 2702 558 2766 nimirum
599 2701 863 2783 propria
913 2701 1043 2765 sint
1090 2705 1149 2765 et
1198 2700 1330 2765 illis
1381 2699 1599 2764 melius
1651 2699 2009 2781 expediatur
2060 2700 2273 2781 orati0,

253 2794 327 2853 ut
376 2789 472 2853 M.
530 2789 847 2854 Tullius‘
862 2788 1218 2853 serracum'
1276 2787 1434 2864 (Pis.
1484 2787 1605 2870 fry.
1660 2789 1732 2870 9)
1785 2786 1913 2852 et‘
1925 2787 2165 2872 picem'
2220 2794 2275 2851 et

256 2876 514 2942 ‘scalas'
552 2878 774 2964 (supra
798 2880 1301 2959 p.244.11,12‚
1334 2877 1444 2959 13)
1479 2878 1672 2941 dicere
1707 2897 1834 2940 non
1871 2880 2044 2957 turpe
2078 2877 2272 2940 duxit.

175 2983 227 3023 2⁵
392 2964 451 3030 5.
489 2963 735 3031 Charis.
775 2966 827 3029 I
851 2988 919 3048 p.
955 2971 1096 3030 109.
1133 2972 1213 3030 10
1251 2963 1485 3028 Plure'
1531 2969 1645 3029 aut
1683 2962 1962 3028 ‘minore'
2008 2968 2273 3046 emptum

255 3055 502 3135 antiqui
545 3055 836 3119 dicebant.
900 3052 1137 3119 Cicero:
1180 3054 1368 3137 plure
1414 3052 1608 3117 venit.

393 3143 477 3222 [6.
523 3141 767 3207 Paulus
808 3142 972 3206 Fest.
1014 3164 1074 3223 p.
1120 3147 1251 3207 263
1294 3141 1391 3205 M.
1436 3139 1749 3205 ‘Ructare'
1752 3190 1768 3218 ‚
1821 3160 1945 3204 non
1993 3138 2273 3204 ‘ructari'

125 3252 128 3257 ·
255 3231 577 3294 dicendum
617 3234 719 3295 est.
764 3267 838 3276 —
883 3228 1088 3295 Cicero
1134 3234 1339 3295 tamen
1378 3226 1788 3293 ‘ructaretur'
1834 3229 2011 3292 dixit.
2057 3262 2142 3274 -—
2180 3225 2274 3307 Cf.

257 3318 423 3382 Phil.
468 3317 560 3382 II
594 3320 697 3383 25.
745 3322 828 3382 63
874 3317 977 3381 cui
1021 3321 1329 3382 ructare
1375 3321 1589 3401 turpe
1636 3319 1852 3397 essen]

176 3422 230 3464 ιο
347 3463 350 3466 ,
394 3407 449 3470 7.
496 3407 734 3471 Auson.
778 3406 949 3488 idyll.
998 3405 1160 3469 XII
1193 3412 1273 3470 11
1312 3407 1798 3487 yrammatieom.
1842 3409 1922 3468 11

433 3493 726 3559 Bucolico
774 3492 1025 3576 ‘saepes'
1071 3495 1233 3558 dixit
1274 3495 1483 3570 Maro,
1528 3513 1639 3557 eur
1683 3491 1886 3557 Cicero
1935 3491 2216 3578 ‘saeps’?

390 3583 475 3662 [8.
539 3581 785 3647 Charis.
839 3582 932 3647 II
962 3603 1031 3665 p.
1084 3587 1229 3648 218.
1285 3588 1327 3643 6
1382 3578 1866 3647 ‘stomachose'
1923 3579 2157 3667 Civem,
2209 3587 2275 3645 ut
