<?xml version="1.0" encoding="UTF-8"?>
<!DOCTYPE html PUBLIC "-//W3C//DTD XHTML 1.0 Transitional//EN"
    "http://www.w3.org/TR/xhtml1/DTD/xhtml1-transitional.dtd">
<html xmlns="http://www.w3.org/1999/xhtml" xml:lang="en" lang="en">
 <head>
  <title>
</title>
<meta http-equiv="Content-Type" content="text/html;charset=utf-8" />
  <meta name='ocr-system' content='tesseract 3.04.00' />
  <meta name='ocr-capabilities' content='ocr_page ocr_carea ocr_par ocr_line ocrx_word'/>
</head>
<body>
  <div class='ocr_page' id='page_1' title='image "./scriptaquaemans01cicegoog_0255.png"; bbox 0 0 2630 3913; ppageno 0'>
   <div class='ocr_carea' id='block_1_1' title="bbox 902 212 2297 277">
    <p class='ocr_par' dir='ltr' id='par_1_1' title="bbox 902 212 2297 277">
     <span class='ocr_line' id='line_1_1' title="bbox 902 212 2297 277; baseline 0.009 -13"><span class='ocrx_word' id='word_1_1' title='bbox 902 212 1054 265; x_wconf 78' lang='lat' dir='ltr'>cAP.</span> <span class='ocrx_word' id='word_1_2' title='bbox 1096 218 1320 267; x_wconf 63' lang='grc' dir='ltr'><strong>ιιι-ιο.</strong></span> <span class='ocrx_word' id='word_1_3' title='bbox 1393 217 1424 277; x_wconf 70' lang='lat' dir='ltr'>g</span> <span class='ocrx_word' id='word_1_4' title='bbox 1461 218 1685 268; x_wconf 77' lang='lat'><strong>61—58.</strong></span> <span class='ocrx_word' id='word_1_5' title='bbox 2178 212 2297 276; x_wconf 88' lang='lat'>181</span> 
     </span>
    </p>
   </div>
   <div class='ocr_carea' id='block_1_2' title="bbox 211 372 2422 3622">
    <p class='ocr_par' dir='ltr' id='par_1_2' title="bbox 213 372 2406 1697">
     <span class='ocr_line' id='line_1_2' title="bbox 292 372 2302 459; baseline -0 -20"><span class='ocrx_word' id='word_1_6' title='bbox 292 373 701 440; x_wconf 77' lang='lat' dir='ltr'>tolerabilius</span> <span class='ocrx_word' id='word_1_7' title='bbox 764 373 904 438; x_wconf 89' lang='lat' dir='ltr'>fieri</span> <span class='ocrx_word' id='word_1_8' title='bbox 967 377 1202 457; x_wconf 75' lang='lat' dir='ltr'>potest.</span> <span class='ocrx_word' id='word_1_9' title='bbox 1301 372 1519 457; x_wconf 89' lang='lat' dir='ltr'>Atque</span> <span class='ocrx_word' id='word_1_10' title='bbox 1581 374 1705 439; x_wconf 89' lang='lat' dir='ltr'>hoc</span> <span class='ocrx_word' id='word_1_11' title='bbox 1768 373 2025 459; x_wconf 90' lang='lat' dir='ltr'>quidem</span> <span class='ocrx_word' id='word_1_12' title='bbox 2086 373 2302 439; x_wconf 80' lang='lat' dir='ltr'>videre</span> 
     </span>
     <span class='ocr_line' id='line_1_3' title="bbox 294 460 2303 548; baseline 0 -21"><span class='ocrx_word' id='word_1_13' title='bbox 294 464 473 547; x_wconf 88' lang='lat' dir='ltr'>licet,</span> <span class='ocrx_word' id='word_1_14' title='bbox 528 483 666 545; x_wconf 88' lang='lat' dir='ltr'>eos,</span> <span class='ocrx_word' id='word_1_15' title='bbox 726 462 836 545; x_wconf 91' lang='lat' dir='ltr'>qui</span> <span class='ocrx_word' id='word_1_16' title='bbox 882 465 1074 527; x_wconf 88' lang='lat' dir='ltr'>antea</span> <span class='ocrx_word' id='word_1_17' title='bbox 1119 461 1473 527; x_wconf 90' lang='lat' dir='ltr'>commodis</span> <span class='ocrx_word' id='word_1_18' title='bbox 1519 460 1759 526; x_wconf 87' lang='lat' dir='ltr'>fuerint</span> <span class='ocrx_word' id='word_1_19' title='bbox 1813 462 2130 548; x_wconf 83' lang='lat' dir='ltr'>moribus,</span> <span class='ocrx_word' id='word_1_20' title='bbox 2183 462 2303 527; x_wconf 90' lang='lat' dir='ltr'>im-</span> 
     </span>
     <span class='ocr_line' id='line_1_4' title="bbox 292 550 2301 637; baseline -0.001 -21"><span class='ocrx_word' id='word_1_21' title='bbox 292 551 491 637; x_wconf 90' lang='lat' dir='ltr'>perio,</span> <span class='ocrx_word' id='word_1_22' title='bbox 535 553 889 635; x_wconf 72' lang='lat' dir='ltr'><strong>potestate,</strong></span> <span class='ocrx_word' id='word_1_23' title='bbox 933 550 1260 635; x_wconf 81' lang='lat' dir='ltr'>prosperis</span> <span class='ocrx_word' id='word_1_24' title='bbox 1305 550 1500 615; x_wconf 90' lang='lat' dir='ltr'>rebus</span> <span class='ocrx_word' id='word_1_25' title='bbox 1545 550 1909 631; x_wconf 88' lang='lat' dir='ltr'>inmutari[,</span> <span class='ocrx_word' id='word_1_26' title='bbox 1955 551 2172 636; x_wconf 86' lang='lat' dir='ltr'>sperni</span> <span class='ocrx_word' id='word_1_27' title='bbox 2218 551 2301 615; x_wconf 90' lang='lat' dir='ltr'>ab</span> 
     </span>
     <span class='ocr_line' id='line_1_5' title="bbox 290 637 2406 723; baseline 0 -19"><span class='ocrx_word' id='word_1_28' title='bbox 290 640 371 704; x_wconf 89' lang='lat' dir='ltr'>iis</span> <span class='ocrx_word' id='word_1_29' title='bbox 436 642 687 703; x_wconf 84' lang='lat' dir='ltr'>veteres</span> <span class='ocrx_word' id='word_1_30' title='bbox 752 637 1100 721; x_wconf 90' lang='lat' dir='ltr'>amicitias,</span> <span class='ocrx_word' id='word_1_31' title='bbox 1160 637 1484 723; x_wconf 90' lang='lat' dir='ltr'>indulgeri</span> <span class='ocrx_word' id='word_1_32' title='bbox 1536 638 1772 720; x_wconf 80' lang='lat' dir='ltr'>novisJ.</span> <span class='ocrx_word' id='word_1_33' title='bbox 1861 638 2026 715; x_wconf 87' lang='lat' dir='ltr'>Quid</span> <span class='ocrx_word' id='word_1_34' title='bbox 2086 642 2300 704; x_wconf 90' lang='lat' dir='ltr'>autem</span> <span class='ocrx_word' id='word_1_35' title='bbox 2340 654 2406 705; x_wconf 87' lang='grc'>55</span> 
     </span>
     <span class='ocr_line' id='line_1_6' title="bbox 237 726 2303 812; baseline 0 -20"><span class='ocrx_word' id='word_1_36' title='bbox 237 742 269 784; x_wconf 73' lang='lat'>⁵</span> <span class='ocrx_word' id='word_1_37' title='bbox 292 727 559 793; x_wconf 84' lang='lat' dir='ltr'>stultius</span> <span class='ocrx_word' id='word_1_38' title='bbox 598 749 810 811; x_wconf 88' lang='lat' dir='ltr'>quam,</span> <span class='ocrx_word' id='word_1_39' title='bbox 847 748 993 792; x_wconf 91' lang='lat' dir='ltr'>cum</span> <span class='ocrx_word' id='word_1_40' title='bbox 1029 727 1382 810; x_wconf 90' lang='lat' dir='ltr'>plurimum</span> <span class='ocrx_word' id='word_1_41' title='bbox 1420 726 1641 812; x_wconf 88' lang='lat' dir='ltr'>copiis,</span> <span class='ocrx_word' id='word_1_42' title='bbox 1684 726 2125 812; x_wconf 86' lang='lat' dir='ltr'>facultatibus,</span> <span class='ocrx_word' id='word_1_43' title='bbox 2170 727 2303 812; x_wconf 85' lang='lat' dir='ltr'>opi·</span> 
     </span>
     <span class='ocr_line' id='line_1_7' title="bbox 289 816 2302 902; baseline 0 -22"><span class='ocrx_word' id='word_1_44' title='bbox 289 818 411 881; x_wconf 88' lang='lat' dir='ltr'>bus</span> <span class='ocrx_word' id='word_1_45' title='bbox 475 816 761 900; x_wconf 79' lang='lat' dir='ltr'>possint,</span> <span class='ocrx_word' id='word_1_46' title='bbox 823 818 1036 880; x_wconf 87' lang='lat' dir='ltr'>cetera</span> <span class='ocrx_word' id='word_1_47' title='bbox 1100 837 1356 899; x_wconf 88' lang='lat' dir='ltr'>parare,</span> <span class='ocrx_word' id='word_1_48' title='bbox 1419 838 1583 900; x_wconf 92' lang='lat' dir='ltr'>quae</span> <span class='ocrx_word' id='word_1_49' title='bbox 1645 819 1959 900; x_wconf 86' lang='lat' dir='ltr'>parantur</span> <span class='ocrx_word' id='word_1_50' title='bbox 2018 816 2302 902; x_wconf 83' lang='lat' dir='ltr'>pecunia,</span> 
     </span>
     <span class='ocr_line' id='line_1_8' title="bbox 292 903 2303 990; baseline 0.001 -24"><span class='ocrx_word' id='word_1_51' title='bbox 292 925 510 989; x_wconf 81' lang='lat' dir='ltr'>equos,</span> <span class='ocrx_word' id='word_1_52' title='bbox 553 903 855 987; x_wconf 88' lang='lat' dir='ltr'>famulos,</span> <span class='ocrx_word' id='word_1_53' title='bbox 898 907 1148 968; x_wconf 79' lang='lat' dir='ltr'>vestem</span> <span class='ocrx_word' id='word_1_54' title='bbox 1194 904 1553 990; x_wconf 78' lang='lat' dir='ltr'>egregiam,</span> <span class='ocrx_word' id='word_1_55' title='bbox 1596 926 1755 969; x_wconf 79' lang='lat' dir='ltr'>vasa</span> <span class='ocrx_word' id='word_1_56' title='bbox 1800 905 2103 989; x_wconf 84' lang='lat' dir='ltr'>pretiosa,</span> <span class='ocrx_word' id='word_1_57' title='bbox 2149 905 2303 970; x_wconf 90' lang='lat' dir='ltr'>ami·</span> 
     </span>
     <span class='ocr_line' id='line_1_9' title="bbox 290 992 2304 1079; baseline -0.001 -20"><span class='ocrx_word' id='word_1_58' title='bbox 290 1014 399 1059; x_wconf 84' lang='lat' dir='ltr'>cos</span> <span class='ocrx_word' id='word_1_59' title='bbox 445 1014 577 1057; x_wconf 90' lang='lat' dir='ltr'>non</span> <span class='ocrx_word' id='word_1_60' title='bbox 621 1014 853 1079; x_wconf 86' lang='lat' dir='ltr'>parare</span> <span class='ocrx_word' id='word_1_61' title='bbox 862 1042 880 1075; x_wconf 95' lang='lat'>,</span> <span class='ocrx_word' id='word_1_62' title='bbox 936 995 1271 1076; x_wconf 89' lang='lat' dir='ltr'>optumam</span> <span class='ocrx_word' id='word_1_63' title='bbox 1319 995 1384 1056; x_wconf 91' lang='lat' dir='ltr'>et</span> <span class='ocrx_word' id='word_1_64' title='bbox 1428 992 1932 1077; x_wconf 80' lang='lat' dir='ltr'>pulcherrimam</span> <span class='ocrx_word' id='word_1_65' title='bbox 1976 993 2176 1072; x_wconf 84' lang='lat' dir='ltr'>vitae,</span> <span class='ocrx_word' id='word_1_66' title='bbox 2228 996 2304 1057; x_wconf 93' lang='lat' dir='ltr'>ut</span> 
     </span>
     <span class='ocr_line' id='line_1_10' title="bbox 291 1080 2303 1166; baseline 0 -20"><span class='ocrx_word' id='word_1_67' title='bbox 291 1082 388 1146; x_wconf 83' lang='lat' dir='ltr'>ita</span> <span class='ocrx_word' id='word_1_68' title='bbox 432 1080 667 1159; x_wconf 86' lang='lat' dir='ltr'>dicam,</span> <span class='ocrx_word' id='word_1_69' title='bbox 722 1080 1237 1164; x_wconf 78' lang='lat' dir='ltr'>supellectilem?</span> <span class='ocrx_word' id='word_1_70' title='bbox 1297 1080 1538 1145; x_wconf 89' lang='lat' dir='ltr'>etenim</span> <span class='ocrx_word' id='word_1_71' title='bbox 1592 1084 1806 1146; x_wconf 88' lang='lat' dir='ltr'>cetera</span> <span class='ocrx_word' id='word_1_72' title='bbox 1859 1103 2002 1146; x_wconf 87' lang='lat' dir='ltr'>cum</span> <span class='ocrx_word' id='word_1_73' title='bbox 2048 1086 2303 1166; x_wconf 89' lang='lat' dir='ltr'>parant,</span> 
     </span>
     <span class='ocr_line' id='line_1_11' title="bbox 215 1166 2301 1256; baseline 0.003 -29"><span class='ocrx_word' id='word_1_74' title='bbox 215 1188 265 1227; x_wconf 83' lang='grc' dir='ltr'>ιο</span> <span class='ocrx_word' id='word_1_75' title='bbox 292 1169 395 1235; x_wconf 90' lang='lat' dir='ltr'>cui</span> <span class='ocrx_word' id='word_1_76' title='bbox 438 1171 699 1254; x_wconf 82' lang='lat' dir='ltr'>parent,</span> <span class='ocrx_word' id='word_1_77' title='bbox 750 1168 1073 1251; x_wconf 86' lang='lat' dir='ltr'>nesciunt,</span> <span class='ocrx_word' id='word_1_78' title='bbox 1129 1189 1248 1234; x_wconf 87' lang='lat' dir='ltr'>nec</span> <span class='ocrx_word' id='word_1_79' title='bbox 1302 1169 1483 1233; x_wconf 88' lang='lat' dir='ltr'>cuius</span> <span class='ocrx_word' id='word_1_80' title='bbox 1536 1190 1731 1234; x_wconf 87' lang='lat' dir='ltr'>causa</span> <span class='ocrx_word' id='word_1_81' title='bbox 1782 1169 2081 1235; x_wconf 81' lang='lat' dir='ltr'>laborent</span> <span class='ocrx_word' id='word_1_82' title='bbox 2134 1166 2301 1256; x_wconf 90' lang='lat' dir='ltr'>(eius</span> 
     </span>
     <span class='ocr_line' id='line_1_12' title="bbox 293 1254 2302 1343; baseline 0 -21"><span class='ocrx_word' id='word_1_83' title='bbox 293 1257 465 1323; x_wconf 88' lang='lat' dir='ltr'>enim</span> <span class='ocrx_word' id='word_1_84' title='bbox 511 1261 612 1321; x_wconf 88' lang='lat' dir='ltr'>est</span> <span class='ocrx_word' id='word_1_85' title='bbox 646 1256 923 1322; x_wconf 86' lang='lat' dir='ltr'>istorum</span> <span class='ocrx_word' id='word_1_86' title='bbox 969 1256 1266 1341; x_wconf 89' lang='lat' dir='ltr'>quidque,</span> <span class='ocrx_word' id='word_1_87' title='bbox 1311 1256 1423 1340; x_wconf 91' lang='lat' dir='ltr'>qui</span> <span class='ocrx_word' id='word_1_88' title='bbox 1458 1257 1616 1322; x_wconf 84' lang='lat' dir='ltr'>vicit</span> <span class='ocrx_word' id='word_1_89' title='bbox 1649 1254 1946 1343; x_wconf 82' lang='lat' dir='ltr'>viribus),</span> <span class='ocrx_word' id='word_1_90' title='bbox 1994 1257 2302 1323; x_wconf 86' lang='lat' dir='ltr'>amicitia-</span> 
     </span>
     <span class='ocr_line' id='line_1_13' title="bbox 292 1344 2304 1430; baseline 0 -20"><span class='ocrx_word' id='word_1_91' title='bbox 292 1368 436 1410; x_wconf 89' lang='lat' dir='ltr'>rum</span> <span class='ocrx_word' id='word_1_92' title='bbox 483 1367 600 1410; x_wconf 86' lang='lat' dir='ltr'>sua</span> <span class='ocrx_word' id='word_1_93' title='bbox 645 1344 872 1430; x_wconf 90' lang='lat' dir='ltr'>cuique</span> <span class='ocrx_word' id='word_1_94' title='bbox 918 1349 1255 1429; x_wconf 85' lang='lat' dir='ltr'>permanet</span> <span class='ocrx_word' id='word_1_95' title='bbox 1305 1345 1563 1410; x_wconf 81' lang='lat' dir='ltr'>stabilis</span> <span class='ocrx_word' id='word_1_96' title='bbox 1609 1349 1675 1409; x_wconf 88' lang='lat' dir='ltr'>et</span> <span class='ocrx_word' id='word_1_97' title='bbox 1721 1350 1899 1411; x_wconf 86' lang='lat' dir='ltr'>certa</span> <span class='ocrx_word' id='word_1_98' title='bbox 1951 1346 2304 1430; x_wconf 80' lang='lat' dir='ltr'>possessi03</span> 
     </span>
     <span class='ocr_line' id='line_1_14' title="bbox 291 1432 2300 1518; baseline -0 -19"><span class='ocrx_word' id='word_1_99' title='bbox 291 1437 393 1513; x_wconf 89' lang='lat' dir='ltr'>ut,</span> <span class='ocrx_word' id='word_1_100' title='bbox 446 1434 704 1498; x_wconf 87' lang='lat' dir='ltr'>etiamsi</span> <span class='ocrx_word' id='word_1_101' title='bbox 750 1434 864 1498; x_wconf 86' lang='lat' dir='ltr'>illa</span> <span class='ocrx_word' id='word_1_102' title='bbox 910 1437 1241 1517; x_wconf 88' lang='lat' dir='ltr'>maneant,</span> <span class='ocrx_word' id='word_1_103' title='bbox 1298 1455 1461 1517; x_wconf 87' lang='lat' dir='ltr'>quae</span> <span class='ocrx_word' id='word_1_104' title='bbox 1508 1437 1661 1498; x_wconf 88' lang='lat' dir='ltr'>sunt</span> <span class='ocrx_word' id='word_1_105' title='bbox 1706 1434 1892 1518; x_wconf 87' lang='lat' dir='ltr'>quasi</span> <span class='ocrx_word' id='word_1_106' title='bbox 1937 1433 2105 1499; x_wconf 87' lang='lat' dir='ltr'>dona</span> <span class='ocrx_word' id='word_1_107' title='bbox 2148 1432 2300 1499; x_wconf 88' lang='lat' dir='ltr'>For-</span> 
     </span>
     <span class='ocr_line' id='line_1_15' title="bbox 291 1521 2303 1606; baseline -0 -18"><span class='ocrx_word' id='word_1_108' title='bbox 291 1528 517 1606; x_wconf 90' lang='lat' dir='ltr'>tunae,</span> <span class='ocrx_word' id='word_1_109' title='bbox 570 1525 791 1586; x_wconf 85' lang='lat' dir='ltr'>tamen</span> <span class='ocrx_word' id='word_1_110' title='bbox 837 1521 974 1587; x_wconf 83' lang='lat' dir='ltr'>vita</span> <span class='ocrx_word' id='word_1_111' title='bbox 1027 1522 1274 1587; x_wconf 89' lang='lat' dir='ltr'>inculta</span> <span class='ocrx_word' id='word_1_112' title='bbox 1328 1527 1394 1586; x_wconf 91' lang='lat' dir='ltr'>et</span> <span class='ocrx_word' id='word_1_113' title='bbox 1449 1522 1702 1586; x_wconf 86' lang='lat' dir='ltr'>deserta</span> <span class='ocrx_word' id='word_1_114' title='bbox 1758 1523 1839 1587; x_wconf 90' lang='lat' dir='ltr'>ab</span> <span class='ocrx_word' id='word_1_115' title='bbox 1896 1523 2120 1587; x_wconf 83' lang='lat' dir='ltr'>amicis</span> <span class='ocrx_word' id='word_1_116' title='bbox 2171 1544 2303 1588; x_wconf 90' lang='lat' dir='ltr'>non</span> 
     </span>
     <span class='ocr_line' id='line_1_16' title="bbox 213 1608 1821 1697; baseline 0.003 -27"><span class='ocrx_word' id='word_1_117' title='bbox 213 1629 264 1670; x_wconf 67' lang='grc' dir='ltr'>ιε</span> <span class='ocrx_word' id='word_1_118' title='bbox 292 1611 501 1697; x_wconf 83' lang='lat' dir='ltr'>possit</span> <span class='ocrx_word' id='word_1_119' title='bbox 547 1631 688 1675; x_wconf 87' lang='lat' dir='ltr'>esse</span> <span class='ocrx_word' id='word_1_120' title='bbox 733 1609 1028 1675; x_wconf 79' lang='lat' dir='ltr'>iucunda.</span> <span class='ocrx_word' id='word_1_121' title='bbox 1119 1608 1244 1675; x_wconf 86' lang='lat' dir='ltr'>Sed</span> <span class='ocrx_word' id='word_1_122' title='bbox 1287 1611 1448 1675; x_wconf 86' lang='lat' dir='ltr'>haec</span> <span class='ocrx_word' id='word_1_123' title='bbox 1492 1610 1821 1676; x_wconf 88' lang='lat' dir='ltr'>hactenus.</span> 
     </span>
    </p>

    <p class='ocr_par' dir='ltr' id='par_1_3' title="bbox 290 1679 2406 2051">
     <span class='ocr_line' id='line_1_17' title="bbox 425 1679 2406 1805; baseline 0.001 -41"><span class='ocrx_word' id='word_1_124' title='bbox 425 1697 875 1765; x_wconf 88' lang='lat' dir='ltr'>Constituendi</span> <span class='ocrx_word' id='word_1_125' title='bbox 912 1702 1130 1763; x_wconf 88' lang='lat' dir='ltr'>autem</span> <span class='ocrx_word' id='word_1_126' title='bbox 1166 1702 1339 1783; x_wconf 89' lang='lat' dir='ltr'>sunt,</span> <span class='ocrx_word' id='word_1_127' title='bbox 1385 1699 1496 1783; x_wconf 92' lang='lat' dir='ltr'>qui</span> <span class='ocrx_word' id='word_1_128' title='bbox 1533 1700 1665 1763; x_wconf 89' lang='lat' dir='ltr'>sint</span> <span class='ocrx_word' id='word_1_129' title='bbox 1706 1699 1776 1763; x_wconf 89' lang='lat' dir='ltr'>in</span> <span class='ocrx_word' id='word_1_130' title='bbox 1812 1699 2098 1765; x_wconf 86' lang='lat' dir='ltr'>amicitia</span> <span class='ocrx_word' id='word_1_131' title='bbox 2142 1700 2301 1765; x_wconf 84' lang='lat' dir='ltr'>fines</span> <span class='ocrx_word' id='word_1_132' title='bbox 2327 1679 2406 1805; x_wconf 56' lang='lat'>1⁶6⁶</span> 
     </span>
     <span class='ocr_line' id='line_1_18' title="bbox 292 1786 2303 1873; baseline 0 -21"><span class='ocrx_word' id='word_1_133' title='bbox 292 1792 358 1852; x_wconf 90' lang='lat' dir='ltr'>et</span> <span class='ocrx_word' id='word_1_134' title='bbox 404 1787 591 1872; x_wconf 88' lang='lat' dir='ltr'>quasi</span> <span class='ocrx_word' id='word_1_135' title='bbox 636 1786 897 1852; x_wconf 79' lang='lat' dir='ltr'>termini</span> <span class='ocrx_word' id='word_1_136' title='bbox 944 1786 1271 1873; x_wconf 79' lang='lat' dir='ltr'>diligendi.</span> <span class='ocrx_word' id='word_1_137' title='bbox 1345 1786 1443 1854; x_wconf 88' lang='lat' dir='ltr'>De</span> <span class='ocrx_word' id='word_1_138' title='bbox 1491 1788 1724 1872; x_wconf 87' lang='lat' dir='ltr'>quibus</span> <span class='ocrx_word' id='word_1_139' title='bbox 1769 1792 1904 1852; x_wconf 84' lang='lat' dir='ltr'>tres</span> <span class='ocrx_word' id='word_1_140' title='bbox 1942 1788 2127 1854; x_wconf 81' lang='lat' dir='ltr'>video</span> <span class='ocrx_word' id='word_1_141' title='bbox 2166 1810 2303 1853; x_wconf 88' lang='lat' dir='ltr'>sen·</span> 
     </span>
     <span class='ocr_line' id='line_1_19' title="bbox 290 1875 2301 1962; baseline 0 -21"><span class='ocrx_word' id='word_1_142' title='bbox 290 1877 531 1941; x_wconf 86' lang='lat' dir='ltr'>tentias</span> <span class='ocrx_word' id='word_1_143' title='bbox 575 1875 760 1960; x_wconf 88' lang='lat' dir='ltr'>ferri,</span> <span class='ocrx_word' id='word_1_144' title='bbox 808 1897 1079 1960; x_wconf 88' lang='lat' dir='ltr'>quarum</span> <span class='ocrx_word' id='word_1_145' title='bbox 1123 1876 1372 1941; x_wconf 89' lang='lat' dir='ltr'>nullam</span> <span class='ocrx_word' id='word_1_146' title='bbox 1417 1876 1653 1962; x_wconf 87' lang='lat' dir='ltr'>prob0,</span> <span class='ocrx_word' id='word_1_147' title='bbox 1697 1898 1919 1960; x_wconf 89' lang='lat' dir='ltr'>unam,</span> <span class='ocrx_word' id='word_1_148' title='bbox 1962 1881 2037 1941; x_wconf 85' lang='lat' dir='ltr'>ut</span> <span class='ocrx_word' id='word_1_149' title='bbox 2078 1876 2301 1942; x_wconf 89' lang='lat' dir='ltr'>eodem</span> 
     </span>
     <span class='ocr_line' id='line_1_20' title="bbox 294 1963 2303 2051; baseline 0.001 -21"><span class='ocrx_word' id='word_1_150' title='bbox 294 1966 483 2041; x_wconf 84' lang='lat' dir='ltr'>modo</span> <span class='ocrx_word' id='word_1_151' title='bbox 540 1986 695 2051; x_wconf 89' lang='lat' dir='ltr'>erga</span> <span class='ocrx_word' id='word_1_152' title='bbox 750 1964 1029 2030; x_wconf 88' lang='lat' dir='ltr'>amicum</span> <span class='ocrx_word' id='word_1_153' title='bbox 1084 1963 1321 2031; x_wconf 86' lang='lat' dir='ltr'>adfecti</span> <span class='ocrx_word' id='word_1_154' title='bbox 1377 1965 1607 2050; x_wconf 90' lang='lat' dir='ltr'>simus,</span> <span class='ocrx_word' id='word_1_155' title='bbox 1662 1987 1789 2050; x_wconf 92' lang='lat' dir='ltr'>quo</span> <span class='ocrx_word' id='word_1_156' title='bbox 1844 1987 2001 2051; x_wconf 88' lang='lat' dir='ltr'>erga</span> <span class='ocrx_word' id='word_1_157' title='bbox 2047 1971 2303 2032; x_wconf 84' lang='lat' dir='ltr'>nosmet</span> 
     </span>
    </p>

    <p class='ocr_par' dir='ltr' id='par_1_4' title="bbox 213 2054 2403 2492">
     <span class='ocr_line' id='line_1_21' title="bbox 213 2054 2301 2138; baseline 0.003 -24"><span class='ocrx_word' id='word_1_158' title='bbox 213 2072 267 2111; x_wconf 63' lang='grc' dir='ltr'>πο</span> <span class='ocrx_word' id='word_1_159' title='bbox 293 2055 492 2138; x_wconf 88' lang='lat' dir='ltr'>ipsos,</span> <span class='ocrx_word' id='word_1_160' title='bbox 537 2054 839 2137; x_wconf 85' lang='lat' dir='ltr'>alteram,</span> <span class='ocrx_word' id='word_1_161' title='bbox 883 2057 959 2118; x_wconf 94' lang='lat' dir='ltr'>ut</span> <span class='ocrx_word' id='word_1_162' title='bbox 1000 2056 1229 2117; x_wconf 88' lang='lat' dir='ltr'>nostra</span> <span class='ocrx_word' id='word_1_163' title='bbox 1274 2054 1342 2117; x_wconf 85' lang='lat' dir='ltr'>in</span> <span class='ocrx_word' id='word_1_164' title='bbox 1389 2054 1630 2119; x_wconf 85' lang='lat' dir='ltr'>amicos</span> <span class='ocrx_word' id='word_1_165' title='bbox 1675 2054 2115 2120; x_wconf 80' lang='lat' dir='ltr'>benivolentia</span> <span class='ocrx_word' id='word_1_166' title='bbox 2158 2056 2301 2121; x_wconf 89' lang='lat' dir='ltr'>illo-</span> 
     </span>
     <span class='ocr_line' id='line_1_22' title="bbox 294 2141 2301 2226; baseline 0.001 -21"><span class='ocrx_word' id='word_1_167' title='bbox 294 2163 440 2205; x_wconf 90' lang='lat' dir='ltr'>rum</span> <span class='ocrx_word' id='word_1_168' title='bbox 486 2162 641 2226; x_wconf 87' lang='lat' dir='ltr'>erga</span> <span class='ocrx_word' id='word_1_169' title='bbox 684 2163 802 2206; x_wconf 89' lang='lat' dir='ltr'>nos</span> <span class='ocrx_word' id='word_1_170' title='bbox 850 2141 1327 2207; x_wconf 84' lang='lat' dir='ltr'>benivolentiae</span> <span class='ocrx_word' id='word_1_171' title='bbox 1381 2141 1626 2226; x_wconf 87' lang='lat' dir='ltr'>pariter</span> <span class='ocrx_word' id='word_1_172' title='bbox 1681 2144 2163 2226; x_wconf 80' lang='lat' dir='ltr'>aequaliterque</span> <span class='ocrx_word' id='word_1_173' title='bbox 2208 2166 2301 2208; x_wconf 89' lang='lat' dir='ltr'>re·</span> 
     </span>
     <span class='ocr_line' id='line_1_23' title="bbox 295 2229 2303 2315; baseline 0.001 -23"><span class='ocrx_word' id='word_1_174' title='bbox 295 2229 635 2313; x_wconf 85' lang='lat' dir='ltr'>spondeat,</span> <span class='ocrx_word' id='word_1_175' title='bbox 697 2229 987 2314; x_wconf 87' lang='lat' dir='ltr'>tertiam,</span> <span class='ocrx_word' id='word_1_176' title='bbox 1049 2233 1149 2312; x_wconf 90' lang='lat' dir='ltr'>ut,</span> <span class='ocrx_word' id='word_1_177' title='bbox 1206 2230 1432 2313; x_wconf 88' lang='lat' dir='ltr'>quanti</span> <span class='ocrx_word' id='word_1_178' title='bbox 1488 2230 1756 2315; x_wconf 90' lang='lat' dir='ltr'>quisque</span> <span class='ocrx_word' id='word_1_179' title='bbox 1812 2251 1880 2294; x_wconf 84' lang='lat' dir='ltr'>se</span> <span class='ocrx_word' id='word_1_180' title='bbox 1935 2230 2074 2315; x_wconf 86' lang='lat' dir='ltr'>ipse</span> <span class='ocrx_word' id='word_1_181' title='bbox 2125 2230 2303 2315; x_wconf 88' lang='lat' dir='ltr'>facit,</span> 
     </span>
     <span class='ocr_line' id='line_1_24' title="bbox 294 2316 2403 2385; baseline 0.001 -3"><span class='ocrx_word' id='word_1_182' title='bbox 294 2318 465 2382; x_wconf 83' lang='lat' dir='ltr'>tanti</span> <span class='ocrx_word' id='word_1_183' title='bbox 508 2316 625 2382; x_wconf 89' lang='lat' dir='ltr'>fiat</span> <span class='ocrx_word' id='word_1_184' title='bbox 671 2317 753 2382; x_wconf 90' lang='lat' dir='ltr'>ab</span> <span class='ocrx_word' id='word_1_185' title='bbox 800 2319 1040 2384; x_wconf 75' lang='lat' dir='ltr'>amiciS.</span> <span class='ocrx_word' id='word_1_186' title='bbox 1111 2316 1363 2382; x_wconf 87' lang='lat' dir='ltr'>Harum</span> <span class='ocrx_word' id='word_1_187' title='bbox 1399 2317 1598 2382; x_wconf 89' lang='lat' dir='ltr'>trium</span> <span class='ocrx_word' id='word_1_188' title='bbox 1636 2318 2101 2383; x_wconf 87' lang='lat' dir='ltr'>sententiarum</span> <span class='ocrx_word' id='word_1_189' title='bbox 2137 2320 2302 2385; x_wconf 90' lang='lat' dir='ltr'>nulli</span> <span class='ocrx_word' id='word_1_190' title='bbox 2339 2338 2403 2385; x_wconf 80' lang='grc'>57</span> 
     </span>
     <span class='ocr_line' id='line_1_25' title="bbox 291 2405 2302 2492; baseline 0.001 -23"><span class='ocrx_word' id='word_1_191' title='bbox 291 2427 557 2492; x_wconf 88' lang='lat' dir='ltr'>prorsus</span> <span class='ocrx_word' id='word_1_192' title='bbox 604 2405 947 2472; x_wconf 87' lang='lat' dir='ltr'>adsentior.</span> <span class='ocrx_word' id='word_1_193' title='bbox 1029 2405 1165 2471; x_wconf 85' lang='lat' dir='ltr'>Nec</span> <span class='ocrx_word' id='word_1_194' title='bbox 1211 2406 1381 2471; x_wconf 88' lang='lat' dir='ltr'>enim</span> <span class='ocrx_word' id='word_1_195' title='bbox 1427 2406 1544 2470; x_wconf 90' lang='lat' dir='ltr'>illa</span> <span class='ocrx_word' id='word_1_196' title='bbox 1587 2405 1800 2491; x_wconf 87' lang='lat' dir='ltr'>prima</span> <span class='ocrx_word' id='word_1_197' title='bbox 1845 2428 1998 2471; x_wconf 81' lang='lat' dir='ltr'>vera</span> <span class='ocrx_word' id='word_1_198' title='bbox 2044 2411 2161 2490; x_wconf 87' lang='lat' dir='ltr'>est,</span> <span class='ocrx_word' id='word_1_199' title='bbox 2209 2412 2302 2491; x_wconf 86' lang='lat' dir='ltr'>ut,</span> 
     </span>
    </p>

    <p class='ocr_par' dir='ltr' id='par_1_5' title="bbox 212 2493 2422 2933">
     <span class='ocr_line' id='line_1_26' title="bbox 212 2493 2422 2578; baseline 0 -20"><span class='ocrx_word' id='word_1_200' title='bbox 212 2512 263 2551; x_wconf 78' lang='lat'>2⁵</span> <span class='ocrx_word' id='word_1_201' title='bbox 293 2515 483 2578; x_wconf 88' lang='lat' dir='ltr'>quem</span> <span class='ocrx_word' id='word_1_202' title='bbox 531 2493 613 2558; x_wconf 87' lang='lat' dir='ltr'>ad</span> <span class='ocrx_word' id='word_1_203' title='bbox 658 2494 920 2559; x_wconf 91' lang='lat' dir='ltr'>modum</span> <span class='ocrx_word' id='word_1_204' title='bbox 965 2495 1033 2559; x_wconf 94' lang='lat' dir='ltr'>in</span> <span class='ocrx_word' id='word_1_205' title='bbox 1080 2516 1149 2559; x_wconf 92' lang='lat' dir='ltr'>se</span> <span class='ocrx_word' id='word_1_206' title='bbox 1196 2494 1465 2578; x_wconf 84' lang='lat' dir='ltr'>quisque</span> <span class='ocrx_word' id='word_1_207' title='bbox 1511 2493 1621 2576; x_wconf 89' lang='lat' dir='ltr'>sit,</span> <span class='ocrx_word' id='word_1_208' title='bbox 1666 2494 1757 2558; x_wconf 80' lang='lat' dir='ltr'>sic</span> <span class='ocrx_word' id='word_1_209' title='bbox 1796 2494 1864 2558; x_wconf 94' lang='lat' dir='ltr'>in</span> <span class='ocrx_word' id='word_1_210' title='bbox 1902 2494 2178 2559; x_wconf 87' lang='lat' dir='ltr'>amicum</span> <span class='ocrx_word' id='word_1_211' title='bbox 2216 2496 2302 2560; x_wconf 87' lang='lat' dir='ltr'>sit</span> <span class='ocrx_word' id='word_1_212' title='bbox 2405 2496 2422 2513; x_wconf 88' lang='grc'><strong>”</strong></span> 
     </span>
     <span class='ocr_line' id='line_1_27' title="bbox 293 2581 2300 2668; baseline 0.001 -22"><span class='ocrx_word' id='word_1_213' title='bbox 293 2583 635 2647; x_wconf 87' lang='lat' dir='ltr'>animatus.</span> <span class='ocrx_word' id='word_1_214' title='bbox 709 2581 917 2658; x_wconf 87' lang='lat' dir='ltr'>Quam</span> <span class='ocrx_word' id='word_1_215' title='bbox 953 2583 1162 2647; x_wconf 86' lang='lat' dir='ltr'>multa</span> <span class='ocrx_word' id='word_1_216' title='bbox 1198 2582 1388 2666; x_wconf 89' lang='lat' dir='ltr'>enim,</span> <span class='ocrx_word' id='word_1_217' title='bbox 1433 2603 1596 2668; x_wconf 88' lang='lat' dir='ltr'>quae</span> <span class='ocrx_word' id='word_1_218' title='bbox 1630 2586 1858 2647; x_wconf 89' lang='lat' dir='ltr'>nostra</span> <span class='ocrx_word' id='word_1_219' title='bbox 1894 2604 2087 2648; x_wconf 86' lang='lat' dir='ltr'>causa</span> <span class='ocrx_word' id='word_1_220' title='bbox 2121 2605 2300 2648; x_wconf 90' lang='lat' dir='ltr'>num·</span> 
     </span>
     <span class='ocr_line' id='line_1_28' title="bbox 292 2670 2298 2756; baseline 0.002 -22"><span class='ocrx_word' id='word_1_221' title='bbox 292 2693 488 2754; x_wconf 90' lang='lat' dir='ltr'>quam</span> <span class='ocrx_word' id='word_1_222' title='bbox 530 2670 907 2755; x_wconf 84' lang='lat' dir='ltr'>faceremus,</span> <span class='ocrx_word' id='word_1_223' title='bbox 954 2671 1221 2737; x_wconf 86' lang='lat' dir='ltr'>facimus</span> <span class='ocrx_word' id='word_1_224' title='bbox 1269 2692 1464 2737; x_wconf 88' lang='lat' dir='ltr'>causa</span> <span class='ocrx_word' id='word_1_225' title='bbox 1509 2670 1885 2737; x_wconf 83' lang='lat' dir='ltr'>amicorum!</span> <span class='ocrx_word' id='word_1_226' title='bbox 1930 2672 2179 2756; x_wconf 81' lang='lat' dir='ltr'>precari</span> <span class='ocrx_word' id='word_1_227' title='bbox 2217 2673 2298 2738; x_wconf 89' lang='lat' dir='ltr'>ab</span> 
     </span>
     <span class='ocr_line' id='line_1_29' title="bbox 290 2758 2299 2845; baseline 0.001 -22"><span class='ocrx_word' id='word_1_228' title='bbox 290 2758 589 2845; x_wconf 88' lang='lat' dir='ltr'>indigno,</span> <span class='ocrx_word' id='word_1_229' title='bbox 644 2759 1036 2844; x_wconf 86' lang='lat' dir='ltr'>supplicare,</span> <span class='ocrx_word' id='word_1_230' title='bbox 1090 2764 1232 2824; x_wconf 84' lang='lat' dir='ltr'>tum</span> <span class='ocrx_word' id='word_1_231' title='bbox 1286 2759 1578 2825; x_wconf 80' lang='lat' dir='ltr'>acerbius</span> <span class='ocrx_word' id='word_1_232' title='bbox 1631 2759 1700 2824; x_wconf 90' lang='lat' dir='ltr'>in</span> <span class='ocrx_word' id='word_1_233' title='bbox 1756 2760 2036 2845; x_wconf 90' lang='lat' dir='ltr'>aliquem</span> <span class='ocrx_word' id='word_1_234' title='bbox 2081 2761 2299 2827; x_wconf 87' lang='lat' dir='ltr'>invehi</span> 
     </span>
     <span class='ocr_line' id='line_1_30' title="bbox 292 2847 2300 2933; baseline 0.002 -22"><span class='ocrx_word' id='word_1_235' title='bbox 292 2847 721 2933; x_wconf 87' lang='lat' dir='ltr'>insectarique</span> <span class='ocrx_word' id='word_1_236' title='bbox 767 2848 1238 2931; x_wconf 84' lang='lat' dir='ltr'>vehementius,</span> <span class='ocrx_word' id='word_1_237' title='bbox 1293 2869 1457 2932; x_wconf 91' lang='lat' dir='ltr'>quae</span> <span class='ocrx_word' id='word_1_238' title='bbox 1511 2849 1581 2912; x_wconf 89' lang='lat' dir='ltr'>in</span> <span class='ocrx_word' id='word_1_239' title='bbox 1633 2849 1877 2913; x_wconf 89' lang='lat' dir='ltr'>nostris</span> <span class='ocrx_word' id='word_1_240' title='bbox 1933 2850 2123 2915; x_wconf 87' lang='lat' dir='ltr'>rebus</span> <span class='ocrx_word' id='word_1_241' title='bbox 2168 2872 2300 2915; x_wconf 92' lang='lat' dir='ltr'>non</span> 
     </span>
    </p>

    <p class='ocr_par' dir='ltr' id='par_1_6' title="bbox 214 2935 2399 3376">
     <span class='ocr_line' id='line_1_31' title="bbox 214 2935 2299 3020; baseline 0.001 -20"><span class='ocrx_word' id='word_1_242' title='bbox 214 2953 264 2992; x_wconf 70' lang='lat'>⁸⁰</span> <span class='ocrx_word' id='word_1_243' title='bbox 293 2936 451 3000; x_wconf 87' lang='lat' dir='ltr'>satis</span> <span class='ocrx_word' id='word_1_244' title='bbox 488 2936 780 3020; x_wconf 87' lang='lat' dir='ltr'>honeste,</span> <span class='ocrx_word' id='word_1_245' title='bbox 814 2935 883 3001; x_wconf 92' lang='lat' dir='ltr'>in</span> <span class='ocrx_word' id='word_1_246' title='bbox 921 2937 1272 3001; x_wconf 89' lang='lat' dir='ltr'>amicorum</span> <span class='ocrx_word' id='word_1_247' title='bbox 1309 2936 1476 3001; x_wconf 89' lang='lat' dir='ltr'>fiunt</span> <span class='ocrx_word' id='word_1_248' title='bbox 1510 2937 1991 3020; x_wconf 81' lang='lat' dir='ltr'>honestissime3</span> <span class='ocrx_word' id='word_1_249' title='bbox 2032 2939 2299 3002; x_wconf 89' lang='lat' dir='ltr'>multae-</span> 
     </span>
     <span class='ocr_line' id='line_1_32' title="bbox 291 3024 2299 3109; baseline 0 -20"><span class='ocrx_word' id='word_1_250' title='bbox 291 3046 414 3108; x_wconf 89' lang='lat' dir='ltr'>que</span> <span class='ocrx_word' id='word_1_251' title='bbox 460 3045 563 3089; x_wconf 89' lang='lat' dir='ltr'>res</span> <span class='ocrx_word' id='word_1_252' title='bbox 610 3028 787 3108; x_wconf 88' lang='lat' dir='ltr'>sunt,</span> <span class='ocrx_word' id='word_1_253' title='bbox 841 3025 911 3088; x_wconf 89' lang='lat' dir='ltr'>in</span> <span class='ocrx_word' id='word_1_254' title='bbox 966 3025 1197 3109; x_wconf 87' lang='lat' dir='ltr'>quibus</span> <span class='ocrx_word' id='word_1_255' title='bbox 1254 3024 1332 3089; x_wconf 88' lang='lat' dir='ltr'>de</span> <span class='ocrx_word' id='word_1_256' title='bbox 1388 3025 1521 3090; x_wconf 83' lang='lat' dir='ltr'>suis</span> <span class='ocrx_word' id='word_1_257' title='bbox 1578 3024 1931 3090; x_wconf 89' lang='lat' dir='ltr'>commodis</span> <span class='ocrx_word' id='word_1_258' title='bbox 1979 3025 2101 3090; x_wconf 87' lang='lat' dir='ltr'>viri</span> <span class='ocrx_word' id='word_1_259' title='bbox 2145 3026 2299 3090; x_wconf 91' lang='lat' dir='ltr'>boni</span> 
     </span>
     <span class='ocr_line' id='line_1_33' title="bbox 290 3111 2297 3197; baseline 0.001 -21"><span class='ocrx_word' id='word_1_260' title='bbox 290 3112 499 3177; x_wconf 85' lang='lat' dir='ltr'>multa</span> <span class='ocrx_word' id='word_1_261' title='bbox 553 3111 902 3178; x_wconf 84' lang='lat' dir='ltr'>detrahunt</span> <span class='ocrx_word' id='word_1_262' title='bbox 958 3112 1337 3197; x_wconf 87' lang='lat' dir='ltr'>detrahique</span> <span class='ocrx_word' id='word_1_263' title='bbox 1400 3113 1764 3197; x_wconf 86' lang='lat' dir='ltr'>patiuntur,</span> <span class='ocrx_word' id='word_1_264' title='bbox 1826 3116 1901 3177; x_wconf 91' lang='lat' dir='ltr'>ut</span> <span class='ocrx_word' id='word_1_265' title='bbox 1963 3113 2042 3177; x_wconf 90' lang='lat' dir='ltr'>iis</span> <span class='ocrx_word' id='word_1_266' title='bbox 2110 3115 2297 3179; x_wconf 89' lang='lat' dir='ltr'>amici</span> 
     </span>
     <span class='ocr_line' id='line_1_34' title="bbox 290 3200 2399 3286; baseline 0.001 -22"><span class='ocrx_word' id='word_1_267' title='bbox 290 3200 507 3285; x_wconf 86' lang='lat' dir='ltr'>potius</span> <span class='ocrx_word' id='word_1_268' title='bbox 555 3222 748 3284; x_wconf 90' lang='lat' dir='ltr'>quam</span> <span class='ocrx_word' id='word_1_269' title='bbox 790 3200 915 3285; x_wconf 87' lang='lat' dir='ltr'>ipsi</span> <span class='ocrx_word' id='word_1_270' title='bbox 951 3200 1267 3266; x_wconf 87' lang='lat' dir='ltr'>fruantur.</span> <span class='ocrx_word' id='word_1_271' title='bbox 1343 3202 1572 3267; x_wconf 84' lang='lat' dir='ltr'>Altera</span> <span class='ocrx_word' id='word_1_272' title='bbox 1608 3201 1929 3266; x_wconf 86' lang='lat' dir='ltr'>sententia</span> <span class='ocrx_word' id='word_1_273' title='bbox 1974 3204 2090 3286; x_wconf 89' lang='lat' dir='ltr'>est,</span> <span class='ocrx_word' id='word_1_274' title='bbox 2135 3224 2298 3286; x_wconf 90' lang='lat' dir='ltr'>quae</span> <span class='ocrx_word' id='word_1_275' title='bbox 2336 3219 2399 3267; x_wconf 76' lang='grc'>55</span> 
     </span>
     <span class='ocr_line' id='line_1_35' title="bbox 290 3288 2295 3376; baseline 0.002 -24"><span class='ocrx_word' id='word_1_276' title='bbox 290 3288 514 3352; x_wconf 82' lang='lat' dir='ltr'>definit</span> <span class='ocrx_word' id='word_1_277' title='bbox 550 3289 905 3355; x_wconf 79' lang='lat' dir='ltr'>amicitiam</span> <span class='ocrx_word' id='word_1_278' title='bbox 940 3289 1208 3376; x_wconf 88' lang='lat' dir='ltr'>paribus</span> <span class='ocrx_word' id='word_1_279' title='bbox 1246 3289 1476 3355; x_wconf 87' lang='lat' dir='ltr'>officiis</span> <span class='ocrx_word' id='word_1_280' title='bbox 1516 3312 1590 3355; x_wconf 88' lang='lat' dir='ltr'>ac</span> <span class='ocrx_word' id='word_1_281' title='bbox 1626 3289 2092 3355; x_wconf 80' lang='lat' dir='ltr'>voluntatibus.</span> <span class='ocrx_word' id='word_1_282' title='bbox 2155 3290 2295 3357; x_wconf 88' lang='lat' dir='ltr'>Hoc</span> 
     </span>
    </p>

    <p class='ocr_par' dir='ltr' id='par_1_7' title="bbox 211 3376 2297 3622">
     <span class='ocr_line' id='line_1_36' title="bbox 211 3376 2297 3463; baseline 0.001 -21"><span class='ocrx_word' id='word_1_283' title='bbox 211 3393 258 3433; x_wconf 67' lang='lat'>⁸⁵</span> <span class='ocrx_word' id='word_1_284' title='bbox 289 3376 548 3461; x_wconf 90' lang='lat' dir='ltr'>quidem</span> <span class='ocrx_word' id='word_1_285' title='bbox 589 3380 690 3441; x_wconf 90' lang='lat' dir='ltr'>est</span> <span class='ocrx_word' id='word_1_286' title='bbox 734 3378 928 3443; x_wconf 84' lang='lat' dir='ltr'>nimis</span> <span class='ocrx_word' id='word_1_287' title='bbox 974 3379 1200 3463; x_wconf 84' lang='lat' dir='ltr'>exigue</span> <span class='ocrx_word' id='word_1_288' title='bbox 1238 3382 1304 3442; x_wconf 85' lang='lat' dir='ltr'>et</span> <span class='ocrx_word' id='word_1_289' title='bbox 1342 3378 1595 3443; x_wconf 83' lang='lat' dir='ltr'>exiliter</span> <span class='ocrx_word' id='word_1_290' title='bbox 1632 3378 1713 3443; x_wconf 89' lang='lat' dir='ltr'>ad</span> <span class='ocrx_word' id='word_1_291' title='bbox 1749 3380 2031 3444; x_wconf 87' lang='lat' dir='ltr'>calculos</span> <span class='ocrx_word' id='word_1_292' title='bbox 2066 3401 2297 3444; x_wconf 83' lang='lat' dir='ltr'>vocare</span> 
     </span>
     <span class='ocr_line' id='line_1_37' title="bbox 289 3465 2297 3551; baseline 0.002 -23"><span class='ocrx_word' id='word_1_293' title='bbox 289 3465 669 3549; x_wconf 83' lang='lat' dir='ltr'>amicitiam,</span> <span class='ocrx_word' id='word_1_294' title='bbox 722 3470 798 3531; x_wconf 88' lang='lat' dir='ltr'>ut</span> <span class='ocrx_word' id='word_1_295' title='bbox 852 3489 971 3551; x_wconf 88' lang='lat' dir='ltr'>par</span> <span class='ocrx_word' id='word_1_296' title='bbox 1025 3467 1114 3531; x_wconf 84' lang='lat' dir='ltr'>sit</span> <span class='ocrx_word' id='word_1_297' title='bbox 1166 3467 1335 3532; x_wconf 87' lang='lat' dir='ltr'>ratio</span> <span class='ocrx_word' id='word_1_298' title='bbox 1394 3470 1802 3551; x_wconf 86' lang='lat' dir='ltr'>acceptorum</span> <span class='ocrx_word' id='word_1_299' title='bbox 1858 3472 1924 3532; x_wconf 91' lang='lat' dir='ltr'>et</span> <span class='ocrx_word' id='word_1_300' title='bbox 1980 3468 2297 3534; x_wconf 86' lang='lat' dir='ltr'>datorum.</span> 
     </span>
     <span class='ocr_line' id='line_1_38' title="bbox 290 3552 2295 3622; baseline 0.001 -5"><span class='ocrx_word' id='word_1_301' title='bbox 290 3552 571 3618; x_wconf 78' lang='lat' dir='ltr'>Divitior</span> <span class='ocrx_word' id='word_1_302' title='bbox 616 3554 778 3619; x_wconf 90' lang='lat' dir='ltr'>mihi</span> <span class='ocrx_word' id='word_1_303' title='bbox 824 3560 890 3619; x_wconf 91' lang='lat' dir='ltr'>et</span> <span class='ocrx_word' id='word_1_304' title='bbox 936 3554 1304 3620; x_wconf 85' lang='lat' dir='ltr'>affluentior</span> <span class='ocrx_word' id='word_1_305' title='bbox 1350 3553 1603 3620; x_wconf 86' lang='lat' dir='ltr'>videtur</span> <span class='ocrx_word' id='word_1_306' title='bbox 1640 3576 1779 3619; x_wconf 89' lang='lat' dir='ltr'>esse</span> <span class='ocrx_word' id='word_1_307' title='bbox 1815 3577 1970 3620; x_wconf 81' lang='lat' dir='ltr'>vera</span> <span class='ocrx_word' id='word_1_308' title='bbox 2010 3557 2295 3622; x_wconf 84' lang='lat' dir='ltr'>amicitia</span> 
     </span>
    </p>
   </div>
  </div>
 </body>
</html>
