2630 3913
315 187 439 250 158
787 184 975 239 CATO
1013 183 1249 238 MAIOR
1284 183 1384 237 DE
1423 182 1844 237 SENECTUTE

310 369 390 411 ne
435 345 916 412 crudelissimus
963 344 1224 428 quidem
1266 344 1479 408 hostis
1526 344 1769 409 honore
1810 345 2181 429 sepulturae
2217 366 2319 409 ca-

311 456 450 498 rere
496 456 727 519 passus
775 438 891 517 est,
939 432 1051 496 sed
1095 432 1387 518 legiones
1431 436 1712 516 nostras,
1760 432 1931 516 quod
1978 432 2208 517 scripsi
2251 433 2321 497 in

311 522 713 607 Originibus,
792 522 862 585 in
935 543 1079 586 eum
1156 521 1369 585 locum
1448 542 1638 605 saepe
1710 519 2038 605 profectas
2122 521 2321 586 alacri

313 612 527 675 animo
576 615 642 674 et
688 614 919 693 erecte,
963 609 1131 673 unde
1177 630 1247 673 se
1291 608 1611 673 redituras
1656 629 2011 709 numquam
2048 608 2320 674 arbitra-

312 704 554 763 rentur.
644 695 829 773 Quod
873 696 1077 783 igitur
1125 697 1597 780 adulescentes,
1651 701 1719 761 et
1771 696 1820 761 ii
1875 696 2134 781 quidem
2187 719 2320 762 non
2374 714 2400 755 ε

313 786 524 851 solum
570 785 831 869 indocti,
879 785 991 850 sed
1037 785 1234 850 etiam
1279 785 1521 869 rustici,
1565 790 2004 869 contemnunt,
2044 785 2110 849 id
2148 785 2320 850 docti

212 894 273 941 76
314 896 498 938 senes
545 874 1009 938 extimescent‘?
1064 872 1371 957 Omnino,
1419 878 1495 938 ut
1538 873 1700 937 mihi
1747 873 2004 956 quidem
2048 873 2323 957 videtur,

314 962 675 1027 studiorum
712 962 1001 1026 omnium
1029 962 1296 1026 satietas
1326 962 1500 1026 vitae
1525 960 1685 1026 facit
1713 961 2100 1027 satietatem.
2157 959 2320 1026 Sunt

312 1050 627 1135 pueritiae
673 1050 887 1115 studia
932 1054 1137 1132 certa3
1183 1072 1339 1114 num
1385 1049 1588 1135 igitur
1635 1072 1711 1113 ea
1758 1049 2125 1114 desiderant
2170 1049 2320 1115 adu-

312 1139 671 1203 lescentes?
736 1141 888 1203 sunt
931 1137 1212 1202 ineuntis
1268 1138 1769 1221 adulescentiae3
1830 1160 1989 1202 num
2043 1160 2120 1203 ea
2173 1160 2318 1203 con·
2350 1156 2401 1196 ιο

314 1232 495 1291 stans
541 1228 672 1291 iam
725 1226 1001 1309 requirit
1056 1230 1263 1309 aetaS,
1330 1247 1493 1310 quae
1552 1226 1764 1291 media
1818 1225 2094 1291 dicitur?
2169 1232 2321 1291 sunt

314 1316 512 1380 etiam
558 1315 694 1380 eius
742 1314 1006 1397 aetatis3
1069 1336 1150 1379 ne
1206 1336 1281 1378 ea
1336 1313 1594 1396 quidem
1649 1319 2044 1397 quaeruntur
2105 1314 2173 1378 in
2228 1336 2321 1379 se·

311 1408 598 1486 nectute3
634 1408 786 1467 sunt
823 1407 1110 1467 extrema
1138 1401 1454 1486 quaedam
1486 1401 1701 1466 studia
1729 1402 2109 1485 senectutis3
2146 1424 2320 1488 erg0,

312 1497 386 1556 ut
429 1492 836 1575 superiorum
882 1494 1172 1555 aetatum
1228 1490 1444 1554 studia
1498 1490 1823 1574 occidunt,
1878 1490 1970 1556 sic
2024 1490 2322 1555 occidunt

209 1631 288 1693 21
314 1580 511 1644 etiam
560 1578 938 1731 sinectutis·
923 1627 940 1661 ,
986 1579 1158 1728 qpod
1194 1579 1609 1730 zssmrtevessit,
1647 1578 1914 1643 satietas
1952 1578 2130 1748 *satae
2162 1585 2399 1644 tem-1⁶

357 1690 432 1731 us
489 1689 597 1731 ma
628 1689 818 1731 urum
881 1687 1024 1730 mor
1055 1688 1113 1729 ιε
1168 1688 1206 1729 a
1280 1688 1312 1729 e
1485 1683 1636 1730 lon
1691 1666 1862 1731 enim
1915 1688 1980 1731 vl
2026 1687 2101 1731 eo
2191 1689 2305 1732 cur

210 1707 274 1757 '1⁷
311 1692 468 1839 {uid
512 1756 651 1839 ipse
699 1754 975 1818 sentiam
1019 1754 1095 1817 de
1133 1757 1361 1837 morte,
1395 1775 1526 1818 non
1564 1754 1834 1819 audeam
1870 1755 2056 1820 vobis
2095 1716 2322 1840 dicere:

315 1843 487 1927 quod
533 1864 607 1906 eo
655 1863 911 1906 cernere
957 1841 1117 1905 mihi
1165 1842 1396 1906 melius
1441 1842 1690 1924 videor,
1750 1864 1877 1926 quo
1924 1844 2007 1907 ab
2053 1865 2129 1908 ea
2177 1865 2321 1928 pro-

314 1931 458 2016 pius
515 1931 761 1995 absum.
851 1928 997 2015 Ego
1053 1933 1305 1995 vestros
1360 1934 1608 2015 patres,
1671 1929 1741 1996 P.
1796 1929 2041 2016 Scipio,
2103 1936 2319 2016 tuque,

314 2018 382 2084 C.
410 2018 610 2101 Laeli,
651 2019 825 2083 viros
865 2019 1260 2083 clarissimos
1297 2018 1585 2103 mihique
1622 2020 2067 2103 amicissimos,
2103 2021 2319 2086 vivere
2346 2038 2397 2077 ὀ

315 2107 625 2190 arbitror,
689 2110 756 2170 et
810 2129 952 2170 eam
1004 2107 1261 2190 quidem
1319 2107 1552 2190 vitam,
1615 2129 1778 2191 quae
1834 2111 1933 2172 est
1988 2109 2131 2174 sola
2181 2109 2321 2173 vita

312 2194 720 2259 nominanda.
810 2193 1015 2279 Nam,
1061 2195 1212 2260 dum
1259 2217 1481 2259 sumus
1527 2196 1759 2261 inclusi
1803 2196 1874 2260 in
1916 2195 2020 2261 his
2065 2218 2319 2280 compa-

314 2284 503 2369 gibus
551 2283 866 2367 corporiS,
921 2305 1184 2348 munere
1240 2284 1521 2367 quodam
1564 2284 1972 2349 necessitatis
2019 2289 2085 2349 et
2132 2285 2319 2370 gravi

313 2370 1441 2544 ἴξὲἷὲοΡᾞῗίἰὲἷῇἭοξέἒεείῗῗι
1463 2372 2059 2543 Ἢδᾱὲζῗέἰὲζῗ
2092 2374 2320 2525 ιῖἷιὲἶ·
2347 2478 2400 2518 ,⁵
2473 2544 2474 2547 ψ

314 2571 472 2632 ram,
516 2548 730 2612 locum
776 2547 1030 2611 divinae
1066 2552 1337 2611 naturae
1375 2547 1870 2631 aeternitatique
1907 2549 2318 2614 contrarium.

315 2634 439 2701 Sed
477 2634 664 2699 credo
706 2635 857 2698 deos
894 2634 1276 2699 inmortales
1313 2634 1630 2719 sparsisse
1659 2636 1908 2701 animos
1944 2636 2015 2701 in
2051 2659 2323 2723 corpora

313 2725 623 2805 humana,
676 2725 751 2785 ut
798 2727 1041 2804 essent,
1087 2722 1197 2806 qui
1243 2727 1452 2787 terras
1497 2727 1860 2808 tuerentur,
1906 2725 2141 2810 quique
2187 2747 2323 2791 cae-

314 2810 576 2875 lestium
624 2810 913 2874 ordinem
959 2811 1474 2895 contemplantes
1519 2811 1931 2877 imitarentur
1967 2836 2113 2878 eum
2148 2814 2322 2879 vitae

315 2899 505 2964 modo
554 2902 747 2982 atque
795 2897 1178 2963 constantia.
1268 2897 1406 2964 Nec
1450 2921 1553 2963 me
1600 2901 1813 2965 solum
1857 2901 2025 2966 ratio
2074 2923 2148 2968 ac
2198 2902 2322 2966 dis-
2350 2921 2403 2961 so

314 2988 568 3073 putatio
613 2986 894 3070 impulit,
939 2990 1014 3049 ut
1058 2987 1154 3050 ita
1198 2987 1548 3072 crederem,
1603 2987 1717 3053 sed
1770 2989 2080 3053 nobilitas
2126 2990 2323 3055 etiam

213 3094 277 3141 78
315 3097 713 3140 summorum
768 3074 1306 3158 philosophorum
1369 3080 1436 3140 et
1500 3076 1870 3141 auctoritas.
1961 3078 2324 3143 Audiebam

314 3163 760 3248 Pythagoram
821 3161 1424 3247 Pythagoreosque,
1485 3164 1730 3228 incolas
1785 3186 1988 3266 paene
2041 3170 2325 3251 nostros,

317 3251 427 3335 qui
473 3255 689 3315 essent
734 3249 949 3315 Italici
994 3250 1371 3350 philosophi
1408 3251 1732 3335 quondam
1766 3252 2104 3338 nominati,
2144 3277 2325 3319 num-

318 3360 512 3421 quam
558 3338 916 3420 dubitasse,
977 3338 1131 3421 quin
1178 3360 1255 3402 ex
1303 3339 1601 3404 universa
1645 3344 1858 3405 mente
1905 3341 2123 3407 divina
2169 3343 2326 3407 deli·
2353 3361 2405 3402 ιο

317 3426 508 3488 batos
537 3425 787 3489 animos
816 3425 1220 3489 haberemus
1284 3425 1921 3493 Demonstrabantur
1957 3429 2118 3494 mihi
2145 3453 2325 3514 prae-

317 3517 516 3594 terea,
545 3532 709 3593 quae
738 3509 1036 3576 Socrates
1066 3534 1369 3597 supremo
1396 3515 1571 3580 vitae
1609 3515 1711 3580 die
1748 3515 1826 3581 de
1853 3517 2328 3584 inmortalitate
