2630 3913
355 195 480 260 176
946 196 1251 251 LAELIUS
1286 196 1387 250 DE
1423 196 1753 252 AMICITIA

350 377 544 422 causa
589 358 984 442 peccaveris3
1034 380 1188 422 nam
1234 379 1381 422 cum
1427 358 1830 423 conciliatrix
1867 358 2190 423 amicitiae
2241 359 2366 423 vir·

350 446 513 510 tutis
561 447 778 531 opinio
815 446 1030 530 fuerit,
1076 445 1338 510 difficile
1375 449 1476 510 est
1512 446 1865 511 amicitiam
1907 467 2185 522 manere,
2232 447 2288 511 si
2325 470 2365 512 a

247 551 314 600 88
351 535 594 599 virtute
630 534 954 599 defeceris,
1027 532 1270 609 Quodsi
1308 537 1559 598 rectum
1605 535 2022 598 statuerimus
2067 535 2173 599 vel
2220 555 2366 599 con-

246 1168 313 1217 89

243 2443 314 2492 40

242 3021 308 3068 41

350 622 572 688 cedere
619 622 869 706 amiciS,
924 622 1231 706 quidquid
1286 622 1517 699 velint,
1570 623 1675 686 vel
1729 622 2056 707 inpetrare
2129 622 2212 687 ab
2265 623 2367 705 iis,

353 710 662 795 quidquid
707 710 999 793 velimus,
1044 709 1333 795 perfecta
1379 710 1637 794 quidem
1682 711 2003 795 sapientia
2050 710 2106 775 si
2143 710 2364 794 simus,
2419 731 2448 772 5

349 799 517 863 nihil
561 798 802 863 habeat
848 820 950 863 res
996 799 1169 881 vitii3
1216 798 1329 863 sed
1370 798 1697 884 loquimur
1735 800 1812 864 de
1847 799 1928 863 iis
1967 799 2208 881 amicis,
2255 800 2366 882 qui

353 890 504 951 ante
543 887 764 952 oculos
803 890 971 969 sunt,
1010 908 1172 971 quos
1207 887 1486 951 vidimus
1525 891 1639 950 aut
1676 886 1753 952 de
1791 888 2024 971 quibus
2052 888 2366 952 memoria

352 975 734 1058 accepimus,
771 997 931 1059 quos
965 975 1152 1039 novit
1187 974 1327 1040 vita
1361 974 1737 1040 communis.
1811 975 1913 1040 Ex
1941 975 2067 1041 hoc
2095 997 2364 1040 numero

349 1062 540 1127 nobis
570 1065 865 1148 exempla
893 1063 1203 1128 sumenda
1232 1066 1404 1141 sunt,
1440 1068 1507 1127 et
1534 1084 1755 1128 eorum
1785 1063 2040 1147 quidem
2070 1063 2366 1146 maxime,

352 1151 463 1236 qui
499 1151 581 1216 ad
616 1151 1001 1236 sapientiam
1028 1173 1340 1236 proxume
1381 1151 1706 1216 accedunt.
1767 1149 2078 1217 Videmus
2112 1150 2365 1236 Papum
2397 1175 2448 1214 10

351 1240 703 1305 Aemilium
756 1239 1032 1305 Luscino
1086 1239 1478 1304 familiarem
1541 1239 1741 1304 fuisse
1797 1240 1918 1324 (sic
1974 1263 2013 1305 a
2065 1240 2362 1325 patribus

352 1325 765 1414 accepimus),
799 1329 901 1410 bis
937 1350 1067 1392 una
1103 1329 1416 1411 consules,
1453 1327 1795 1413 collegas
1776 1350 1846 1392 m
1882 1350 2177 1411 censura3
2222 1332 2363 1393 tum

353 1421 420 1480 et
463 1438 609 1481 cum
654 1417 734 1480 iis
782 1420 848 1481 et
891 1417 1061 1481 inter
1107 1437 1179 1481 se
1234 1415 1792 1481 coniunctissimos
1847 1416 2049 1481 fuisse
2093 1415 2196 1480 Μ’.
2244 1414 2365 1482 Cu-

352 1505 538 1588 rium,
584 1503 680 1569 Ti.
709 1501 1183 1569 Coruncanium
1220 1504 1568 1568 memoriae
1603 1503 1933 1588 proditum
1961 1508 2078 1570 est.
2150 1503 2365 1590 Igitur

350 1615 433 1657 ne
486 1593 801 1676 suspicari
855 1592 1111 1675 quidem
1165 1613 1509 1675 possumus
1567 1613 1954 1677 quemquam
1998 1592 2231 1658 horum
2279 1594 2362 1656 ab
2393 1614 2444 1653 ιιι

353 1681 560 1746 amico
600 1680 934 1765 quippiam
961 1679 1383 1762 contendisse,
1421 1680 1590 1764 quod
1628 1685 1854 1745 contra
1888 1680 2100 1764 fidem,
2137 1684 2361 1746 contra

352 1770 454 1833 ius
498 1768 872 1850 iurandum,
919 1772 1144 1833 contra
1189 1790 1328 1833 rem
1371 1768 1700 1852 publicam
1747 1773 1935 1834 esset.
2023 1768 2196 1834 Nam
2240 1769 2363 1834 hoc

354 1856 609 1941 quidem
655 1856 725 1920 in
767 1857 1010 1921 talibus
1057 1857 1214 1920 viris
1263 1856 1415 1939 quid
1458 1857 1705 1921 adtinet
1742 1856 1968 1941 dicere,
2013 1858 2070 1922 si
2106 1862 2364 1922 conten-

352 1945 579 2027 disset,
622 1944 1123 2029 impetraturum
1166 1967 1297 2010 non
1340 1944 1584 2011 fuisse?
1631 1968 1776 2011 cum
1820 1945 1923 2010 illi
1971 1946 2363 2012 sanctissimi

350 2034 476 2099 viri
537 2033 804 2117 fuerint,
870 2055 1068 2118 aeque
1133 2038 1351 2099 autem
1412 2033 1596 2100 nefas
1661 2034 1749 2099 sit
1807 2036 1940 2099 tale
1995 2035 2241 2118 aliquid
2296 2039 2361 2099 et
2388 2055 2442 2103 ιο

350 2122 561 2187 facere
625 2125 927 2207 rogatum
989 2126 1055 2186 et
1107 2144 1358 2208 rogare.
1447 2122 1539 2186 At
1595 2144 1746 2187 vero
1802 2122 1942 2188 Tib.
1999 2121 2361 2188 Gracchum

352 2210 786 2296 sequebantur
815 2209 883 2277 O.
914 2209 1145 2295 Carbo,
1190 2209 1258 2277 C.
1293 2209 1476 2294 Cato,
1522 2215 1588 2275 et
1624 2211 1887 2275 minime
1923 2218 2065 2276 tum
2102 2211 2360 2294 quidem

351 2297 420 2365 G.
464 2299 668 2363 frater
720 2321 889 2365 nunc
934 2300 1104 2364 idem
1150 2301 1517 2365 acerrimus.

481 2387 663 2453 Haec
714 2387 917 2474 igitur
971 2389 1074 2452 lex
1129 2388 1197 2451 in
1252 2388 1536 2453 amicitia
1601 2388 1951 2469 sanciatur,
2015 2391 2091 2452 ut
2151 2409 2359 2470 neque

348 2496 651 2562 rogemus
697 2498 801 2541 res
848 2481 1069 2560 turpes
1106 2498 1223 2541 nec
1256 2476 1570 2541 faciamus
1606 2476 1839 2561 rogati.
1913 2474 2148 2560 Turpis
2186 2476 2358 2540 enim
2391 2498 2438 2538 25

349 2564 677 2629 excusatio
742 2568 842 2628 est
905 2568 972 2629 et
1035 2564 1297 2628 minime
1364 2564 1732 2648 accipienda
1793 2586 1939 2628 cum
2000 2564 2070 2628 in
2128 2564 2359 2628 ceteris

347 2652 659 2736 peccatis,
711 2655 852 2716 tum
908 2653 964 2716 si
1018 2652 1161 2735 quis
1217 2655 1444 2716 contra
1497 2674 1635 2716 rem
1679 2651 2007 2736 publicam
2053 2673 2121 2716 se
2168 2652 2358 2720 amici

348 2761 545 2805 causa
577 2738 807 2804 fecisse
847 2739 1149 2804 fateatur.
1210 2739 1473 2804 Etenim
1510 2761 1584 2804 eo
1622 2740 1784 2823 loco,
1828 2738 2036 2804 Fanni
2074 2743 2140 2804 et
2177 2737 2360 2805 Scae-

347 2827 525 2910 vola,
581 2828 782 2893 locati
827 2848 1074 2912 sumus,
1126 2831 1201 2892 ut
1243 2849 1363 2893 nos
1410 2829 1602 2912 longe
1647 2828 2013 2913 prospicere
2060 2832 2359 2914 oporteat

347 2915 602 2981 futuros
649 2937 834 2980 casus
881 2917 976 2981 rei
1028 2916 1342 3000 publicae.
1434 2916 1713 2981 Defiexit
1766 2916 1896 2981 iam
1952 2917 2357 3000 aliquantum
2384 2936 2435 2978 so

350 3005 427 3069 de
500 3004 713 3088 spatio
788 3005 1230 3089 curriculoque
1303 3004 1696 3070 consuetudo
1769 3005 2105 3069 maiorum.
2217 3004 2359 3070 Tib.

349 3091 678 3158 Gracchus
723 3114 995 3179 regnum
1042 3114 1353 3177 occupare
1399 3096 1670 3159 conatus
1716 3097 1842 3176 est,
1900 3093 2005 3158 vel
2058 3093 2360 3178 regnavit

348 3182 403 3245 is
453 3181 708 3265 quidem
754 3203 992 3265 paucos
1038 3203 1308 3246 menses.
1399 3180 1572 3245 Num
1620 3181 1771 3265 quid
1819 3181 2029 3246 simile
2077 3182 2358 3265 populus

347 3269 679 3334 Romanus
717 3270 1008 3335 audierat
1044 3276 1158 3335 aut
1193 3270 1485 3335 viderat?
1549 3268 1739 3335 Hunc
1777 3270 1974 3334 etiam
2009 3273 2161 3354 post
2191 3291 2358 3334 mor·

347 3361 481 3420 tem
527 3358 731 3422 secuti
767 3358 957 3423 amici
993 3362 1059 3423 et
1094 3358 1443 3443 propinqui
1485 3357 1637 3440 quid
1674 3358 1742 3421 in
1777 3356 1847 3423 P.
1877 3355 2174 3442 Scipione
2213 3358 2356 3422 effe-
2388 3376 2436 3417 ³5

350 3443 580 3526 cerint,
637 3444 775 3509 sine
830 3446 1112 3510 lacrimis
1167 3468 1298 3510 non
1354 3466 1517 3529 queo
1574 3444 1800 3511 dicere.
1890 3444 2062 3510 Nam
2118 3444 2356 3511 Carbo-

348 3549 523 3608 nem,
586 3552 982 3616 quocumque
1037 3533 1227 3598 modo
1290 3532 1645 3618 potuimus,
1708 3538 1977 3620 propter
2032 3538 2359 3599 recentem
