<?xml version="1.0" encoding="UTF-8"?>
<!DOCTYPE html PUBLIC "-//W3C//DTD XHTML 1.0 Transitional//EN"
    "http://www.w3.org/TR/xhtml1/DTD/xhtml1-transitional.dtd">
<html xmlns="http://www.w3.org/1999/xhtml" xml:lang="en" lang="en">
 <head>
  <title>
</title>
<meta http-equiv="Content-Type" content="text/html;charset=utf-8" />
  <meta name='ocr-system' content='tesseract 3.04.00' />
  <meta name='ocr-capabilities' content='ocr_page ocr_carea ocr_par ocr_line ocrx_word'/>
</head>
<body>
  <div class='ocr_page' id='page_1' title='image "./scriptaquaemans01cicegoog_0072.png"; bbox 0 0 2630 3913; ppageno 0'>
   <div class='ocr_carea' id='block_1_1' title="bbox 298 175 1528 243">
    <p class='ocr_par' dir='ltr' id='par_1_1' title="bbox 298 175 1528 243">
     <span class='ocr_line' id='line_1_1' title="bbox 298 175 1528 243; baseline 0.003 -16"><span class='ocrx_word' id='word_1_1' title='bbox 298 180 339 243; x_wconf 89' lang='lat'>6</span> <span class='ocrx_word' id='word_1_2' title='bbox 1091 177 1186 231; x_wconf 83' lang='lat' dir='ltr'>DE</span> <span class='ocrx_word' id='word_1_3' title='bbox 1227 175 1528 231; x_wconf 67' lang='lat' dir='ltr'>ormcns</span> 
     </span>
    </p>
   </div>
   <div class='ocr_carea' id='block_1_2' title="bbox 294 318 2387 954">
    <p class='ocr_par' dir='ltr' id='par_1_2' title="bbox 294 318 2387 954">
     <span class='ocr_line' id='line_1_2' title="bbox 298 318 2325 443; baseline -0.001 -36"><span class='ocrx_word' id='word_1_4' title='bbox 298 340 727 443; x_wconf 56' lang='lat' dir='ltr'>soluquuod</span> <span class='ocrx_word' id='word_1_5' title='bbox 748 339 931 405; x_wconf 90' lang='lat' dir='ltr'>adest</span> <span class='ocrx_word' id='word_1_6' title='bbox 960 338 1254 424; x_wconf 90' lang='lat' dir='ltr'>quodque</span> <span class='ocrx_word' id='word_1_7' title='bbox 1281 361 1587 424; x_wconf 81' lang='lat' dir='ltr'>praesens</span> <span class='ocrx_word' id='word_1_8' title='bbox 1617 342 1741 425; x_wconf 50' lang='lat' dir='ltr'>est,</span> <span class='ocrx_word' id='word_1_9' title='bbox 1765 318 2325 437; x_wconf 43' lang='lat' dir='ltr'>se&#39;accommodat,</span> 
     </span>
     <span class='ocr_line' id='line_1_3' title="bbox 295 427 2308 514; baseline -0.001 -20"><span class='ocrx_word' id='word_1_10' title='bbox 295 429 564 514; x_wconf 88' lang='lat' dir='ltr'>paulum</span> <span class='ocrx_word' id='word_1_11' title='bbox 619 428 964 494; x_wconf 79' lang='lat' dir='ltr'><strong>admodum</strong></span> <span class='ocrx_word' id='word_1_12' title='bbox 1021 427 1301 493; x_wconf 90' lang='lat' dir='ltr'>sentiens</span> <span class='ocrx_word' id='word_1_13' title='bbox 1357 427 1783 512; x_wconf 89' lang='lat' dir='ltr'>praeteritum</span> <span class='ocrx_word' id='word_1_14' title='bbox 1830 431 1943 492; x_wconf 90' lang='lat' dir='ltr'>aut</span> <span class='ocrx_word' id='word_1_15' title='bbox 1985 428 2308 508; x_wconf 80' lang='lat' dir='ltr'>futurum3</span> 
     </span>
     <span class='ocr_line' id='line_1_4' title="bbox 295 516 2307 601; baseline -0 -19"><span class='ocrx_word' id='word_1_16' title='bbox 295 518 491 583; x_wconf 90' lang='lat' dir='ltr'>homo</span> <span class='ocrx_word' id='word_1_17' title='bbox 539 521 783 601; x_wconf 89' lang='lat' dir='ltr'>autem,</span> <span class='ocrx_word' id='word_1_18' title='bbox 840 516 1011 601; x_wconf 88' lang='lat' dir='ltr'>quod</span> <span class='ocrx_word' id='word_1_19' title='bbox 1056 516 1330 580; x_wconf 84' lang='lat' dir='ltr'>rationis</span> <span class='ocrx_word' id='word_1_20' title='bbox 1380 520 1481 580; x_wconf 89' lang='lat' dir='ltr'>est</span> <span class='ocrx_word' id='word_1_21' title='bbox 1534 516 1859 600; x_wconf 89' lang='lat' dir='ltr'>particeps</span> <span class='ocrx_word' id='word_1_22' title='bbox 1870 565 1887 599; x_wconf 94' lang='lat'>,</span> <span class='ocrx_word' id='word_1_23' title='bbox 1941 537 2057 600; x_wconf 91' lang='lat' dir='ltr'>per</span> <span class='ocrx_word' id='word_1_24' title='bbox 2114 537 2307 599; x_wconf 86' lang='lat' dir='ltr'>quam</span> 
     </span>
     <span class='ocr_line' id='line_1_5' title="bbox 296 605 2307 690; baseline -0.001 -19"><span class='ocrx_word' id='word_1_25' title='bbox 296 605 756 690; x_wconf 90' lang='lat' dir='ltr'>consequentia</span> <span class='ocrx_word' id='word_1_26' title='bbox 783 606 1005 687; x_wconf 91' lang='lat' dir='ltr'>cernit,</span> <span class='ocrx_word' id='word_1_27' title='bbox 1043 625 1270 670; x_wconf 79' lang='lat' dir='ltr'><strong>causas</strong></span> <span class='ocrx_word' id='word_1_28' title='bbox 1297 625 1515 668; x_wconf 90' lang='lat' dir='ltr'>rerum</span> <span class='ocrx_word' id='word_1_29' title='bbox 1542 605 1719 669; x_wconf 86' lang='lat' dir='ltr'>videt</span> <span class='ocrx_word' id='word_1_30' title='bbox 1747 625 2095 687; x_wconf 91' lang='lat' dir='ltr'>earumque</span> <span class='ocrx_word' id='word_1_31' title='bbox 2127 626 2307 688; x_wconf 90' lang='lat' dir='ltr'>prae·</span> 
     </span>
     <span class='ocr_line' id='line_1_6' title="bbox 298 692 2387 779; baseline -0 -21"><span class='ocrx_word' id='word_1_32' title='bbox 298 715 558 779; x_wconf 83' lang='lat' dir='ltr'>gressus</span> <span class='ocrx_word' id='word_1_33' title='bbox 588 697 654 758; x_wconf 89' lang='lat' dir='ltr'>et</span> <span class='ocrx_word' id='word_1_34' title='bbox 684 693 868 777; x_wconf 87' lang='lat' dir='ltr'>quasi</span> <span class='ocrx_word' id='word_1_35' title='bbox 897 692 1369 758; x_wconf 74' lang='lat' dir='ltr'>antecessiones</span> <span class='ocrx_word' id='word_1_36' title='bbox 1393 714 1524 757; x_wconf 93' lang='lat' dir='ltr'>non</span> <span class='ocrx_word' id='word_1_37' title='bbox 1543 693 1821 777; x_wconf 76' lang='lat' dir='ltr'><strong>ignorat,</strong></span> <span class='ocrx_word' id='word_1_38' title='bbox 1850 692 2304 757; x_wconf 80' lang='lat' dir='ltr'>similitudines</span> <span class='ocrx_word' id='word_1_39' title='bbox 2361 708 2387 749; x_wconf 83' lang='lat'><strong>⁶</strong></span> 
     </span>
     <span class='ocr_line' id='line_1_7' title="bbox 297 781 2307 868; baseline -0.001 -20"><span class='ocrx_word' id='word_1_40' title='bbox 297 786 632 868; x_wconf 89' lang='lat' dir='ltr'>comparat</span> <span class='ocrx_word' id='word_1_41' title='bbox 658 782 975 866; x_wconf 86' lang='lat' dir='ltr'>rebusque</span> <span class='ocrx_word' id='word_1_42' title='bbox 1004 781 1452 866; x_wconf 89' lang='lat' dir='ltr'>praesentibus</span> <span class='ocrx_word' id='word_1_43' title='bbox 1484 781 1778 866; x_wconf 89' lang='lat' dir='ltr'>adiungit</span> <span class='ocrx_word' id='word_1_44' title='bbox 1798 784 1993 864; x_wconf 89' lang='lat' dir='ltr'>atque</span> <span class='ocrx_word' id='word_1_45' title='bbox 2023 781 2307 846; x_wconf 73' lang='lat' dir='ltr'>adnectit</span> 
     </span>
     <span class='ocr_line' id='line_1_8' title="bbox 294 826 2306 954; baseline -0 -19"><span class='ocrx_word' id='word_1_46' title='bbox 294 870 549 935; x_wconf 83' lang='lat' dir='ltr'>futuras</span> <span class='ocrx_word' id='word_1_47' title='bbox 559 921 577 954; x_wconf 99' lang='lat'>,</span> <span class='ocrx_word' id='word_1_48' title='bbox 629 826 820 935; x_wconf 54' lang='lat' dir='ltr'>iacile</span> <span class='ocrx_word' id='word_1_49' title='bbox 872 870 1078 934; x_wconf 91' lang='lat' dir='ltr'>totius</span> <span class='ocrx_word' id='word_1_50' title='bbox 1133 869 1306 934; x_wconf 86' lang='lat' dir='ltr'>vitae</span> <span class='ocrx_word' id='word_1_51' title='bbox 1363 891 1621 934; x_wconf 90' lang='lat' dir='ltr'>cursum</span> <span class='ocrx_word' id='word_1_52' title='bbox 1675 869 1852 933; x_wconf 83' lang='lat' dir='ltr'>videt</span> <span class='ocrx_word' id='word_1_53' title='bbox 1909 868 1991 933; x_wconf 84' lang='lat' dir='ltr'>ad</span> <span class='ocrx_word' id='word_1_54' title='bbox 2037 890 2306 954; x_wconf 90' lang='lat' dir='ltr'>eamque</span> 
     </span>
    </p>
   </div>
   <div class='ocr_carea' id='block_1_3' title="bbox 195 956 2306 1045">
    <p class='ocr_par' dir='ltr' id='par_1_3' title="bbox 195 956 2306 1045">
     <span class='ocr_line' id='line_1_9' title="bbox 195 956 2306 1045; baseline -0.001 -20"><span class='ocrx_word' id='word_1_55' title='bbox 195 977 258 1026; x_wconf 77' lang='lat'>12</span> <span class='ocrx_word' id='word_1_56' title='bbox 297 959 653 1045; x_wconf 86' lang='lat' dir='ltr'>degendam</span> <span class='ocrx_word' id='word_1_57' title='bbox 706 961 1056 1043; x_wconf 89' lang='lat' dir='ltr'>praeparat</span> <span class='ocrx_word' id='word_1_58' title='bbox 1108 978 1212 1021; x_wconf 91' lang='lat' dir='ltr'>res</span> <span class='ocrx_word' id='word_1_59' title='bbox 1265 958 1681 1023; x_wconf 86' lang='lat' dir='ltr'>necessarias.</span> <span class='ocrx_word' id='word_1_60' title='bbox 1768 956 2140 1041; x_wconf 85' lang='lat' dir='ltr'>Eademque</span> <span class='ocrx_word' id='word_1_61' title='bbox 2197 979 2306 1022; x_wconf 91' lang='lat' dir='ltr'>na·</span> 
     </span>
    </p>
   </div>
   <div class='ocr_carea' id='block_1_4' title="bbox 292 1045 2385 1748">
    <p class='ocr_par' dir='ltr' id='par_1_4' title="bbox 292 1045 2385 1748">
     <span class='ocr_line' id='line_1_10' title="bbox 294 1045 2305 1112; baseline 0 -2"><span class='ocrx_word' id='word_1_62' title='bbox 294 1051 445 1112; x_wconf 89' lang='lat' dir='ltr'>tura</span> <span class='ocrx_word' id='word_1_63' title='bbox 487 1048 554 1112; x_wconf 85' lang='lat' dir='ltr'>vi</span> <span class='ocrx_word' id='word_1_64' title='bbox 599 1047 871 1111; x_wconf 91' lang='lat' dir='ltr'>rationis</span> <span class='ocrx_word' id='word_1_65' title='bbox 916 1045 1244 1111; x_wconf 91' lang='lat' dir='ltr'>hominem</span> <span class='ocrx_word' id='word_1_66' title='bbox 1288 1045 1592 1111; x_wconf 92' lang='lat' dir='ltr'>conciliat</span> <span class='ocrx_word' id='word_1_67' title='bbox 1634 1045 1884 1110; x_wconf 90' lang='lat' dir='ltr'>homini</span> <span class='ocrx_word' id='word_1_68' title='bbox 1930 1049 1996 1111; x_wconf 90' lang='lat' dir='ltr'>et</span> <span class='ocrx_word' id='word_1_69' title='bbox 2040 1045 2121 1110; x_wconf 88' lang='lat' dir='ltr'>ad</span> <span class='ocrx_word' id='word_1_70' title='bbox 2168 1067 2305 1111; x_wconf 90' lang='lat' dir='ltr'>ora·</span> 
     </span>
     <span class='ocr_line' id='line_1_11' title="bbox 295 1133 2385 1223; baseline -0 -23"><span class='ocrx_word' id='word_1_71' title='bbox 295 1136 491 1201; x_wconf 92' lang='lat' dir='ltr'>tionis</span> <span class='ocrx_word' id='word_1_72' title='bbox 549 1139 615 1199; x_wconf 91' lang='lat' dir='ltr'>et</span> <span class='ocrx_word' id='word_1_73' title='bbox 669 1135 751 1200; x_wconf 89' lang='lat' dir='ltr'>ad</span> <span class='ocrx_word' id='word_1_74' title='bbox 803 1135 976 1199; x_wconf 85' lang='lat' dir='ltr'>vitae</span> <span class='ocrx_word' id='word_1_75' title='bbox 1033 1134 1426 1223; x_wconf 76' lang='lat' dir='ltr'>societatem,</span> <span class='ocrx_word' id='word_1_76' title='bbox 1452 1134 1917 1220; x_wconf 85' lang='lat' dir='ltr'>ingeneratque</span> <span class='ocrx_word' id='word_1_77' title='bbox 1961 1135 2031 1199; x_wconf 92' lang='lat' dir='ltr'>in</span> <span class='ocrx_word' id='word_1_78' title='bbox 2074 1133 2301 1218; x_wconf 90' lang='lat' dir='ltr'>primis</span> <span class='ocrx_word' id='word_1_79' title='bbox 2335 1151 2385 1191; x_wconf 87' lang='lat'>¹0</span> 
     </span>
     <span class='ocr_line' id='line_1_12' title="bbox 295 1222 2306 1308; baseline -0 -21"><span class='ocrx_word' id='word_1_80' title='bbox 295 1224 711 1308; x_wconf 89' lang='lat' dir='ltr'>praecipuum</span> <span class='ocrx_word' id='word_1_81' title='bbox 767 1223 1083 1306; x_wconf 88' lang='lat' dir='ltr'>quendam</span> <span class='ocrx_word' id='word_1_82' title='bbox 1139 1244 1427 1287; x_wconf 90' lang='lat' dir='ltr'>amorem</span> <span class='ocrx_word' id='word_1_83' title='bbox 1479 1223 1548 1286; x_wconf 90' lang='lat' dir='ltr'>in</span> <span class='ocrx_word' id='word_1_84' title='bbox 1606 1243 1759 1308; x_wconf 57' lang='lat' dir='ltr'>eos,</span> <span class='ocrx_word' id='word_1_85' title='bbox 1808 1223 1918 1306; x_wconf 92' lang='lat' dir='ltr'>qui</span> <span class='ocrx_word' id='word_1_86' title='bbox 1980 1222 2306 1306; x_wconf 88' lang='lat' dir='ltr'>procreati</span> 
     </span>
     <span class='ocr_line' id='line_1_13' title="bbox 296 1310 2305 1396; baseline -0 -20"><span class='ocrx_word' id='word_1_87' title='bbox 296 1315 465 1396; x_wconf 91' lang='lat' dir='ltr'>sunt,</span> <span class='ocrx_word' id='word_1_88' title='bbox 510 1310 953 1396; x_wconf 54' lang='lat' dir='ltr'>impellitque,</span> <span class='ocrx_word' id='word_1_89' title='bbox 982 1315 1057 1374; x_wconf 89' lang='lat' dir='ltr'>ut</span> <span class='ocrx_word' id='word_1_90' title='bbox 1100 1310 1438 1375; x_wconf 88' lang='lat' dir='ltr'>hominum</span> <span class='ocrx_word' id='word_1_91' title='bbox 1479 1310 1722 1375; x_wconf 34' lang='lat' dir='ltr'>coetus!</span> <span class='ocrx_word' id='word_1_92' title='bbox 1737 1314 1802 1375; x_wconf 89' lang='lat' dir='ltr'>et</span> <span class='ocrx_word' id='word_1_93' title='bbox 1839 1310 2305 1375; x_wconf 86' lang='lat' dir='ltr'>celebrationes</span> 
     </span>
     <span class='ocr_line' id='line_1_14' title="bbox 296 1399 2306 1481; baseline -0.001 -16"><span class='ocrx_word' id='word_1_94' title='bbox 296 1404 360 1465; x_wconf 90' lang='lat' dir='ltr'>et</span> <span class='ocrx_word' id='word_1_95' title='bbox 408 1421 546 1465; x_wconf 89' lang='lat' dir='ltr'>esse</span> <span class='ocrx_word' id='word_1_96' title='bbox 595 1404 661 1465; x_wconf 91' lang='lat' dir='ltr'>et</span> <span class='ocrx_word' id='word_1_97' title='bbox 706 1423 746 1465; x_wconf 90' lang='lat' dir='ltr'>a</span> <span class='ocrx_word' id='word_1_98' title='bbox 792 1421 860 1464; x_wconf 90' lang='lat' dir='ltr'>se</span> <span class='ocrx_word' id='word_1_99' title='bbox 908 1399 1074 1464; x_wconf 90' lang='lat' dir='ltr'>obiri</span> <span class='ocrx_word' id='word_1_100' title='bbox 1116 1399 1309 1479; x_wconf 70' lang='lat' dir='ltr'>velit,</span> <span class='ocrx_word' id='word_1_101' title='bbox 1334 1399 1416 1463; x_wconf 94' lang='lat' dir='ltr'>ob</span> <span class='ocrx_word' id='word_1_102' title='bbox 1475 1420 1708 1481; x_wconf 89' lang='lat' dir='ltr'>easque</span> <span class='ocrx_word' id='word_1_103' title='bbox 1765 1420 1991 1464; x_wconf 87' lang='lat' dir='ltr'>causas</span> <span class='ocrx_word' id='word_1_104' title='bbox 2049 1399 2306 1464; x_wconf 89' lang='lat' dir='ltr'>studeat</span> 
     </span>
     <span class='ocr_line' id='line_1_15' title="bbox 292 1487 2304 1574; baseline -0.001 -21"><span class='ocrx_word' id='word_1_105' title='bbox 292 1510 523 1574; x_wconf 91' lang='lat' dir='ltr'>parare</span> <span class='ocrx_word' id='word_1_106' title='bbox 571 1510 697 1573; x_wconf 31' lang='lat' dir='ltr'>ea?</span> <span class='ocrx_word' id='word_1_107' title='bbox 716 1509 880 1572; x_wconf 89' lang='lat' dir='ltr'>quae</span> <span class='ocrx_word' id='word_1_108' title='bbox 927 1487 1342 1572; x_wconf 90' lang='lat' dir='ltr'>suppeditent</span> <span class='ocrx_word' id='word_1_109' title='bbox 1387 1487 1469 1552; x_wconf 92' lang='lat' dir='ltr'>ad</span> <span class='ocrx_word' id='word_1_110' title='bbox 1514 1488 1759 1552; x_wconf 90' lang='lat' dir='ltr'>cultum</span> <span class='ocrx_word' id='word_1_111' title='bbox 1807 1492 1872 1551; x_wconf 88' lang='lat' dir='ltr'>et</span> <span class='ocrx_word' id='word_1_112' title='bbox 1918 1488 1998 1551; x_wconf 92' lang='lat' dir='ltr'>ad</span> <span class='ocrx_word' id='word_1_113' title='bbox 2044 1488 2304 1571; x_wconf 81' lang='lat' dir='ltr'>victum,</span> 
     </span>
     <span class='ocr_line' id='line_1_16' title="bbox 292 1574 2383 1661; baseline -0 -20"><span class='ocrx_word' id='word_1_114' title='bbox 292 1599 409 1641; x_wconf 86' lang='lat' dir='ltr'>nec</span> <span class='ocrx_word' id='word_1_115' title='bbox 446 1576 574 1641; x_wconf 90' lang='lat' dir='ltr'>sibi</span> <span class='ocrx_word' id='word_1_116' title='bbox 611 1576 761 1661; x_wconf 72' lang='lat' dir='ltr'>soli,</span> <span class='ocrx_word' id='word_1_117' title='bbox 791 1575 903 1640; x_wconf 93' lang='lat' dir='ltr'>sed</span> <span class='ocrx_word' id='word_1_118' title='bbox 938 1575 1215 1660; x_wconf 86' lang='lat' dir='ltr'>coniugi,</span> <span class='ocrx_word' id='word_1_119' title='bbox 1251 1574 1476 1640; x_wconf 93' lang='lat' dir='ltr'>liberis</span> <span class='ocrx_word' id='word_1_120' title='bbox 1515 1575 1900 1659; x_wconf 51' lang='lat' dir='ltr'>ceterisque,</span> <span class='ocrx_word' id='word_1_121' title='bbox 1926 1597 2087 1659; x_wconf 91' lang='lat' dir='ltr'>quos</span> <span class='ocrx_word' id='word_1_122' title='bbox 2117 1596 2302 1641; x_wconf 88' lang='lat' dir='ltr'>caros</span> <span class='ocrx_word' id='word_1_123' title='bbox 2332 1592 2383 1633; x_wconf 82' lang='lat'>1⁶</span> 
     </span>
     <span class='ocr_line' id='line_1_17' title="bbox 293 1663 2302 1748; baseline -0.001 -18"><span class='ocrx_word' id='word_1_124' title='bbox 293 1666 535 1730; x_wconf 87' lang='lat' dir='ltr'>habeat</span> <span class='ocrx_word' id='word_1_125' title='bbox 587 1663 882 1748; x_wconf 88' lang='lat' dir='ltr'>tuerique</span> <span class='ocrx_word' id='word_1_126' title='bbox 936 1663 1194 1743; x_wconf 85' lang='lat' dir='ltr'>debeat3</span> <span class='ocrx_word' id='word_1_127' title='bbox 1261 1685 1423 1747; x_wconf 90' lang='lat' dir='ltr'>quae</span> <span class='ocrx_word' id='word_1_128' title='bbox 1487 1685 1639 1728; x_wconf 90' lang='lat' dir='ltr'>cura</span> <span class='ocrx_word' id='word_1_129' title='bbox 1698 1664 2050 1729; x_wconf 83' lang='lat' dir='ltr'>exsuscitat</span> <span class='ocrx_word' id='word_1_130' title='bbox 2105 1664 2302 1728; x_wconf 89' lang='lat' dir='ltr'>etiam</span> 
     </span>
    </p>
   </div>
   <div class='ocr_carea' id='block_1_5' title="bbox 194 1751 2303 1853">
    <p class='ocr_par' dir='ltr' id='par_1_5' title="bbox 194 1751 2303 1853">
     <span class='ocr_line' id='line_1_18' title="bbox 194 1751 2303 1853; baseline -0.001 -35"><span class='ocrx_word' id='word_1_131' title='bbox 194 1768 255 1818; x_wconf 83' lang='lat'>13</span> <span class='ocrx_word' id='word_1_132' title='bbox 296 1754 543 1817; x_wconf 90' lang='lat' dir='ltr'>animos</span> <span class='ocrx_word' id='word_1_133' title='bbox 592 1756 658 1817; x_wconf 92' lang='lat' dir='ltr'>et</span> <span class='ocrx_word' id='word_1_134' title='bbox 703 1752 979 1816; x_wconf 90' lang='lat' dir='ltr'>maiores</span> <span class='ocrx_word' id='word_1_135' title='bbox 1020 1751 1098 1816; x_wconf 92' lang='lat' dir='ltr'>ad</span> <span class='ocrx_word' id='word_1_136' title='bbox 1142 1774 1280 1816; x_wconf 92' lang='lat' dir='ltr'>rem</span> <span class='ocrx_word' id='word_1_137' title='bbox 1318 1751 1663 1853; x_wconf 79' lang='lat' dir='ltr'>gerendam</span> <span class='ocrx_word' id='word_1_138' title='bbox 1698 1751 1874 1817; x_wconf 87' lang='lat' dir='ltr'>facit.</span> <span class='ocrx_word' id='word_1_139' title='bbox 1937 1751 2016 1816; x_wconf 92' lang='lat' dir='ltr'>In</span> <span class='ocrx_word' id='word_1_140' title='bbox 2049 1753 2303 1836; x_wconf 88' lang='lat' dir='ltr'>primis-</span> 
     </span>
    </p>
   </div>
   <div class='ocr_carea' id='block_1_6' title="bbox 188 2827 253 2875">
    <p class='ocr_par' dir='ltr' id='par_1_6' title="bbox 188 2827 253 2875">
     <span class='ocr_line' id='line_1_19' title="bbox 188 2827 253 2875; baseline 0 0"><span class='ocrx_word' id='word_1_141' title='bbox 188 2827 253 2875; x_wconf 82' lang='lat'>14</span> 
     </span>
    </p>
   </div>
   <div class='ocr_carea' id='block_1_7' title="bbox 286 1840 2382 3603">
    <p class='ocr_par' dir='ltr' id='par_1_7' title="bbox 286 1840 2382 3603">
     <span class='ocr_line' id='line_1_20' title="bbox 294 1840 2301 1925; baseline -0 -20"><span class='ocrx_word' id='word_1_142' title='bbox 294 1863 416 1913; x_wconf 80' lang='lat' dir='ltr'>que</span> <span class='ocrx_word' id='word_1_143' title='bbox 461 1840 743 1906; x_wconf 91' lang='lat' dir='ltr'>hominis</span> <span class='ocrx_word' id='word_1_144' title='bbox 791 1844 891 1905; x_wconf 89' lang='lat' dir='ltr'>est</span> <span class='ocrx_word' id='word_1_145' title='bbox 932 1840 1200 1925; x_wconf 91' lang='lat' dir='ltr'>propria</span> <span class='ocrx_word' id='word_1_146' title='bbox 1242 1861 1381 1905; x_wconf 81' lang='lat' dir='ltr'>veri</span> <span class='ocrx_word' id='word_1_147' title='bbox 1425 1840 1757 1924; x_wconf 90' lang='lat' dir='ltr'>inquisitio</span> <span class='ocrx_word' id='word_1_148' title='bbox 1805 1844 1998 1923; x_wconf 92' lang='lat' dir='ltr'>atque</span> <span class='ocrx_word' id='word_1_149' title='bbox 2039 1841 2301 1905; x_wconf 89' lang='lat' dir='ltr'>investi·</span> 
     </span>
     <span class='ocr_line' id='line_1_21' title="bbox 294 1927 2301 2016; baseline 0 -22"><span class='ocrx_word' id='word_1_150' title='bbox 294 1929 490 2016; x_wconf 88' lang='lat' dir='ltr'>gatio.</span> <span class='ocrx_word' id='word_1_151' title='bbox 563 1927 792 2014; x_wconf 91' lang='lat' dir='ltr'>Itaque</span> <span class='ocrx_word' id='word_1_152' title='bbox 834 1950 980 1994; x_wconf 92' lang='lat' dir='ltr'>cum</span> <span class='ocrx_word' id='word_1_153' title='bbox 1018 1949 1237 1993; x_wconf 91' lang='lat' dir='ltr'>sumus</span> <span class='ocrx_word' id='word_1_154' title='bbox 1275 1927 1656 1995; x_wconf 87' lang='lat' dir='ltr'>necessariis</span> <span class='ocrx_word' id='word_1_155' title='bbox 1693 1928 1975 2015; x_wconf 89' lang='lat' dir='ltr'>negotiis</span> <span class='ocrx_word' id='word_1_156' title='bbox 2006 1929 2301 2014; x_wconf 90' lang='lat' dir='ltr'>curisque</span> 
     </span>
     <span class='ocr_line' id='line_1_22' title="bbox 290 2017 2382 2115; baseline -0.002 -32"><span class='ocrx_word' id='word_1_157' title='bbox 290 2018 503 2101; x_wconf 85' lang='lat' dir='ltr'>vacui,</span> <span class='ocrx_word' id='word_1_158' title='bbox 558 2022 699 2082; x_wconf 91' lang='lat' dir='ltr'>tum</span> <span class='ocrx_word' id='word_1_159' title='bbox 757 2039 1018 2083; x_wconf 85' lang='lat' dir='ltr'>avemus</span> <span class='ocrx_word' id='word_1_160' title='bbox 1075 2017 1320 2101; x_wconf 86' lang='lat' dir='ltr'>aliquid</span> <span class='ocrx_word' id='word_1_161' title='bbox 1372 2018 1616 2102; x_wconf 79' lang='lat' dir='ltr'>videre,</span> <span class='ocrx_word' id='word_1_162' title='bbox 1671 2018 1917 2103; x_wconf 87' lang='lat' dir='ltr'>audire,</span> <span class='ocrx_word' id='word_1_163' title='bbox 1972 2018 2382 2115; x_wconf 67' lang='lat' dir='ltr'>addiscere,20</span> 
     </span>
     <span class='ocr_line' id='line_1_23' title="bbox 291 2106 2298 2191; baseline -0 -19"><span class='ocrx_word' id='word_1_164' title='bbox 291 2106 853 2191; x_wconf 83' lang='lat' dir='ltr'>cognitionemque</span> <span class='ocrx_word' id='word_1_165' title='bbox 907 2128 1122 2170; x_wconf 85' lang='lat' dir='ltr'>rerum</span> <span class='ocrx_word' id='word_1_166' title='bbox 1177 2109 1291 2170; x_wconf 92' lang='lat' dir='ltr'>aut</span> <span class='ocrx_word' id='word_1_167' title='bbox 1347 2106 1745 2171; x_wconf 91' lang='lat' dir='ltr'>occultarum</span> <span class='ocrx_word' id='word_1_168' title='bbox 1791 2110 1906 2172; x_wconf 89' lang='lat' dir='ltr'>aut</span> <span class='ocrx_word' id='word_1_169' title='bbox 1961 2107 2298 2171; x_wconf 84' lang='lat' dir='ltr'>admirabi-</span> 
     </span>
     <span class='ocr_line' id='line_1_24' title="bbox 291 2194 2302 2260; baseline 0 -1"><span class='ocrx_word' id='word_1_170' title='bbox 291 2195 450 2259; x_wconf 90' lang='lat' dir='ltr'>lium</span> <span class='ocrx_word' id='word_1_171' title='bbox 517 2194 599 2259; x_wconf 88' lang='lat' dir='ltr'>ad</span> <span class='ocrx_word' id='word_1_172' title='bbox 660 2195 849 2258; x_wconf 90' lang='lat' dir='ltr'>beate</span> <span class='ocrx_word' id='word_1_173' title='bbox 903 2194 1247 2259; x_wconf 83' lang='lat' dir='ltr'>vivendum</span> <span class='ocrx_word' id='word_1_174' title='bbox 1308 2195 1739 2260; x_wconf 89' lang='lat' dir='ltr'>necessariam</span> <span class='ocrx_word' id='word_1_175' title='bbox 1803 2195 2109 2260; x_wconf 89' lang='lat' dir='ltr'>ducimus.</span> <span class='ocrx_word' id='word_1_176' title='bbox 2199 2194 2302 2260; x_wconf 82' lang='lat' dir='ltr'>Ex</span> 
     </span>
     <span class='ocr_line' id='line_1_25' title="bbox 293 2282 2301 2369; baseline 0 -22"><span class='ocrx_word' id='word_1_177' title='bbox 293 2305 418 2366; x_wconf 90' lang='lat' dir='ltr'>quo</span> <span class='ocrx_word' id='word_1_178' title='bbox 455 2283 880 2369; x_wconf 89' lang='lat' dir='ltr'>intellegitur,</span> <span class='ocrx_word' id='word_1_179' title='bbox 918 2282 1088 2366; x_wconf 94' lang='lat' dir='ltr'>quod</span> <span class='ocrx_word' id='word_1_180' title='bbox 1123 2303 1367 2367; x_wconf 86' lang='lat' dir='ltr'>verum,</span> <span class='ocrx_word' id='word_1_181' title='bbox 1404 2283 1678 2367; x_wconf 83' lang='lat' dir='ltr'>simplex</span> <span class='ocrx_word' id='word_1_182' title='bbox 1716 2283 2157 2368; x_wconf 90' lang='lat' dir='ltr'>sincerumque</span> <span class='ocrx_word' id='word_1_183' title='bbox 2196 2284 2301 2367; x_wconf 93' lang='lat' dir='ltr'>sit,</span> 
     </span>
     <span class='ocr_line' id='line_1_26' title="bbox 290 2370 2301 2454; baseline 0.001 -20"><span class='ocrx_word' id='word_1_184' title='bbox 290 2371 357 2434; x_wconf 93' lang='lat' dir='ltr'>id</span> <span class='ocrx_word' id='word_1_185' title='bbox 386 2393 524 2436; x_wconf 89' lang='lat' dir='ltr'>esse</span> <span class='ocrx_word' id='word_1_186' title='bbox 559 2375 833 2436; x_wconf 91' lang='lat' dir='ltr'>naturae</span> <span class='ocrx_word' id='word_1_187' title='bbox 870 2370 1150 2435; x_wconf 87' lang='lat' dir='ltr'>hominis</span> <span class='ocrx_word' id='word_1_188' title='bbox 1189 2371 1615 2454; x_wconf 89' lang='lat' dir='ltr'>aptissimum.</span> <span class='ocrx_word' id='word_1_189' title='bbox 1677 2371 1847 2437; x_wconf 90' lang='lat' dir='ltr'>Huic</span> <span class='ocrx_word' id='word_1_190' title='bbox 1873 2373 2011 2437; x_wconf 86' lang='lat' dir='ltr'>veri</span> <span class='ocrx_word' id='word_1_191' title='bbox 2041 2371 2301 2437; x_wconf 85' lang='lat' dir='ltr'>videndi</span> 
     </span>
     <span class='ocr_line' id='line_1_27' title="bbox 291 2459 2380 2545; baseline 0 -20"><span class='ocrx_word' id='word_1_192' title='bbox 291 2460 632 2544; x_wconf 89' lang='lat' dir='ltr'>cupiditati</span> <span class='ocrx_word' id='word_1_193' title='bbox 678 2460 980 2525; x_wconf 89' lang='lat' dir='ltr'>adiuncta</span> <span class='ocrx_word' id='word_1_194' title='bbox 1026 2464 1126 2523; x_wconf 90' lang='lat' dir='ltr'>est</span> <span class='ocrx_word' id='word_1_195' title='bbox 1171 2460 1483 2544; x_wconf 90' lang='lat' dir='ltr'>adpetitio</span> <span class='ocrx_word' id='word_1_196' title='bbox 1528 2459 1843 2544; x_wconf 88' lang='lat' dir='ltr'>quaedam</span> <span class='ocrx_word' id='word_1_197' title='bbox 1879 2461 2299 2545; x_wconf 78' lang='lat' dir='ltr'>principatuS,</span> <span class='ocrx_word' id='word_1_198' title='bbox 2326 2478 2380 2518; x_wconf 72' lang='grc' dir='ltr'>2ο</span> 
     </span>
     <span class='ocr_line' id='line_1_28' title="bbox 290 2547 2298 2632; baseline 0 -20"><span class='ocrx_word' id='word_1_199' title='bbox 290 2552 364 2612; x_wconf 91' lang='lat' dir='ltr'>ut</span> <span class='ocrx_word' id='word_1_200' title='bbox 416 2548 659 2612; x_wconf 84' lang='lat' dir='ltr'>nemini</span> <span class='ocrx_word' id='word_1_201' title='bbox 712 2568 939 2632; x_wconf 90' lang='lat' dir='ltr'>parere</span> <span class='ocrx_word' id='word_1_202' title='bbox 994 2548 1245 2611; x_wconf 90' lang='lat' dir='ltr'>animus</span> <span class='ocrx_word' id='word_1_203' title='bbox 1300 2548 1464 2612; x_wconf 92' lang='lat' dir='ltr'>bene</span> <span class='ocrx_word' id='word_1_204' title='bbox 1517 2547 1908 2613; x_wconf 86' lang='lat' dir='ltr'>informatus</span> <span class='ocrx_word' id='word_1_205' title='bbox 1959 2571 2002 2612; x_wconf 88' lang='lat' dir='ltr'>a</span> <span class='ocrx_word' id='word_1_206' title='bbox 2064 2552 2298 2614; x_wconf 90' lang='lat' dir='ltr'>natura</span> 
     </span>
     <span class='ocr_line' id='line_1_29' title="bbox 290 2635 2299 2719; baseline 0 -18"><span class='ocrx_word' id='word_1_207' title='bbox 290 2636 450 2701; x_wconf 84' lang='lat' dir='ltr'>velit</span> <span class='ocrx_word' id='word_1_208' title='bbox 494 2636 622 2700; x_wconf 92' lang='lat' dir='ltr'>nisi</span> <span class='ocrx_word' id='word_1_209' title='bbox 666 2635 1088 2719; x_wconf 83' lang='lat' dir='ltr'>praecipienti</span> <span class='ocrx_word' id='word_1_210' title='bbox 1134 2639 1247 2699; x_wconf 90' lang='lat' dir='ltr'>aut</span> <span class='ocrx_word' id='word_1_211' title='bbox 1293 2635 1548 2700; x_wconf 90' lang='lat' dir='ltr'>docenti</span> <span class='ocrx_word' id='word_1_212' title='bbox 1594 2639 1708 2700; x_wconf 91' lang='lat' dir='ltr'>aut</span> <span class='ocrx_word' id='word_1_213' title='bbox 1751 2636 2058 2701; x_wconf 90' lang='lat' dir='ltr'>utilitatis</span> <span class='ocrx_word' id='word_1_214' title='bbox 2105 2658 2299 2702; x_wconf 88' lang='lat' dir='ltr'>causa</span> 
     </span>
     <span class='ocr_line' id='line_1_30' title="bbox 289 2723 2300 2810; baseline 0.002 -24"><span class='ocrx_word' id='word_1_215' title='bbox 289 2724 457 2788; x_wconf 90' lang='lat' dir='ltr'>iuste</span> <span class='ocrx_word' id='word_1_216' title='bbox 505 2727 570 2787; x_wconf 89' lang='lat' dir='ltr'>et</span> <span class='ocrx_word' id='word_1_217' title='bbox 614 2723 904 2808; x_wconf 90' lang='lat' dir='ltr'>legitime</span> <span class='ocrx_word' id='word_1_218' title='bbox 949 2723 1323 2807; x_wconf 82' lang='lat' dir='ltr'>imperanti3</span> <span class='ocrx_word' id='word_1_219' title='bbox 1374 2745 1452 2788; x_wconf 84' lang='lat' dir='ltr'>ex</span> <span class='ocrx_word' id='word_1_220' title='bbox 1497 2745 1624 2808; x_wconf 90' lang='lat' dir='ltr'>quo</span> <span class='ocrx_word' id='word_1_221' title='bbox 1671 2724 2051 2810; x_wconf 89' lang='lat' dir='ltr'>magnitudo</span> <span class='ocrx_word' id='word_1_222' title='bbox 2099 2725 2300 2791; x_wconf 90' lang='lat' dir='ltr'>animi</span> 
     </span>
     <span class='ocr_line' id='line_1_31' title="bbox 292 2810 2296 2897; baseline 0.002 -23"><span class='ocrx_word' id='word_1_223' title='bbox 292 2811 512 2875; x_wconf 83' lang='lat' dir='ltr'>existit</span> <span class='ocrx_word' id='word_1_224' title='bbox 564 2810 1119 2895; x_wconf 89' lang='lat' dir='ltr'>humanarumque</span> <span class='ocrx_word' id='word_1_225' title='bbox 1174 2833 1390 2876; x_wconf 90' lang='lat' dir='ltr'>rerum</span> <span class='ocrx_word' id='word_1_226' title='bbox 1449 2812 1861 2897; x_wconf 78' lang='lat' dir='ltr'>contemptio,</span> <span class='ocrx_word' id='word_1_227' title='bbox 1951 2811 2088 2879; x_wconf 88' lang='lat' dir='ltr'>Nec</span> <span class='ocrx_word' id='word_1_228' title='bbox 2141 2836 2296 2879; x_wconf 83' lang='lat' dir='ltr'>vero</span> 
     </span>
     <span class='ocr_line' id='line_1_32' title="bbox 288 2899 2380 2986; baseline 0.002 -23"><span class='ocrx_word' id='word_1_229' title='bbox 288 2900 405 2964; x_wconf 90' lang='lat' dir='ltr'>illa</span> <span class='ocrx_word' id='word_1_230' title='bbox 442 2921 646 2984; x_wconf 89' lang='lat' dir='ltr'>parva</span> <span class='ocrx_word' id='word_1_231' title='bbox 680 2899 778 2963; x_wconf 84' lang='lat' dir='ltr'>vis</span> <span class='ocrx_word' id='word_1_232' title='bbox 816 2904 1086 2964; x_wconf 90' lang='lat' dir='ltr'>naturae</span> <span class='ocrx_word' id='word_1_233' title='bbox 1124 2904 1225 2963; x_wconf 90' lang='lat' dir='ltr'>est</span> <span class='ocrx_word' id='word_1_234' title='bbox 1269 2900 1688 2985; x_wconf 88' lang='lat' dir='ltr'>rationisque,</span> <span class='ocrx_word' id='word_1_235' title='bbox 1735 2901 1906 2986; x_wconf 90' lang='lat' dir='ltr'>quod</span> <span class='ocrx_word' id='word_1_236' title='bbox 1939 2924 2137 2967; x_wconf 90' lang='lat' dir='ltr'>unum</span> <span class='ocrx_word' id='word_1_237' title='bbox 2173 2902 2296 2968; x_wconf 92' lang='lat' dir='ltr'>hoc</span> <span class='ocrx_word' id='word_1_238' title='bbox 2324 2919 2380 2960; x_wconf 77' lang='lat'>⁸⁰</span> 
     </span>
     <span class='ocr_line' id='line_1_33' title="bbox 290 2987 2299 3075; baseline 0.001 -22"><span class='ocrx_word' id='word_1_239' title='bbox 290 2988 531 3053; x_wconf 90' lang='lat' dir='ltr'>animal</span> <span class='ocrx_word' id='word_1_240' title='bbox 569 2988 805 3072; x_wconf 39' lang='lat' dir='ltr'>sentitss</span> <span class='ocrx_word' id='word_1_241' title='bbox 832 2987 986 3071; x_wconf 89' lang='lat' dir='ltr'>quid</span> <span class='ocrx_word' id='word_1_242' title='bbox 1023 2988 1109 3052; x_wconf 93' lang='lat' dir='ltr'>sit</span> <span class='ocrx_word' id='word_1_243' title='bbox 1156 2988 1331 3072; x_wconf 91' lang='lat' dir='ltr'>ordo,</span> <span class='ocrx_word' id='word_1_244' title='bbox 1379 2989 1532 3073; x_wconf 90' lang='lat' dir='ltr'>quid</span> <span class='ocrx_word' id='word_1_245' title='bbox 1578 2989 1688 3074; x_wconf 74' lang='lat' dir='ltr'>sit,</span> <span class='ocrx_word' id='word_1_246' title='bbox 1729 2990 1900 3073; x_wconf 92' lang='lat' dir='ltr'>quod</span> <span class='ocrx_word' id='word_1_247' title='bbox 1947 2990 2184 3075; x_wconf 90' lang='lat' dir='ltr'>deceat,</span> <span class='ocrx_word' id='word_1_248' title='bbox 2228 2991 2299 3056; x_wconf 89' lang='lat' dir='ltr'>in</span> 
     </span>
     <span class='ocr_line' id='line_1_34' title="bbox 286 3076 2310 3164; baseline 0.002 -24"><span class='ocrx_word' id='word_1_249' title='bbox 286 3076 479 3142; x_wconf 82' lang='lat' dir='ltr'>factis</span> <span class='ocrx_word' id='word_1_250' title='bbox 545 3076 859 3160; x_wconf 91' lang='lat' dir='ltr'>dictisque</span> <span class='ocrx_word' id='word_1_251' title='bbox 924 3076 1034 3159; x_wconf 89' lang='lat' dir='ltr'>qui</span> <span class='ocrx_word' id='word_1_252' title='bbox 1090 3076 1335 3142; x_wconf 88' lang='lat' dir='ltr'>modus.</span> <span class='ocrx_word' id='word_1_253' title='bbox 1424 3076 1653 3161; x_wconf 89' lang='lat' dir='ltr'>Itaque</span> <span class='ocrx_word' id='word_1_254' title='bbox 1714 3099 1936 3143; x_wconf 91' lang='lat' dir='ltr'>eorum</span> <span class='ocrx_word' id='word_1_255' title='bbox 1988 3080 2310 3164; x_wconf 53' lang='lat' dir='ltr'>ipsorum„</span> 
     </span>
     <span class='ocr_line' id='line_1_35' title="bbox 290 3165 2297 3252; baseline 0.002 -24"><span class='ocrx_word' id='word_1_256' title='bbox 290 3186 451 3249; x_wconf 90' lang='lat' dir='ltr'>quae</span> <span class='ocrx_word' id='word_1_257' title='bbox 499 3169 763 3251; x_wconf 87' lang='lat' dir='ltr'>aspectu</span> <span class='ocrx_word' id='word_1_258' title='bbox 810 3165 1191 3249; x_wconf 88' lang='lat' dir='ltr'>sentiuntur,</span> <span class='ocrx_word' id='word_1_259' title='bbox 1236 3166 1490 3231; x_wconf 88' lang='lat' dir='ltr'>nullum</span> <span class='ocrx_word' id='word_1_260' title='bbox 1528 3165 1704 3230; x_wconf 89' lang='lat' dir='ltr'>aliud</span> <span class='ocrx_word' id='word_1_261' title='bbox 1741 3167 1983 3232; x_wconf 84' lang='lat' dir='ltr'>animal</span> <span class='ocrx_word' id='word_1_262' title='bbox 2019 3168 2297 3252; x_wconf 90' lang='lat' dir='ltr'>pulchri-</span> 
     </span>
     <span class='ocr_line' id='line_1_36' title="bbox 286 3253 2297 3339; baseline 0.002 -22"><span class='ocrx_word' id='word_1_263' title='bbox 286 3253 602 3336; x_wconf 88' lang='lat' dir='ltr'>tudinem,</span> <span class='ocrx_word' id='word_1_264' title='bbox 664 3257 1099 3338; x_wconf 88' lang='lat' dir='ltr'>venustatem,</span> <span class='ocrx_word' id='word_1_265' title='bbox 1163 3255 1676 3319; x_wconf 81' lang='lat' dir='ltr'>convenientiam</span> <span class='ocrx_word' id='word_1_266' title='bbox 1729 3256 2016 3338; x_wconf 89' lang='lat' dir='ltr'>partium</span> <span class='ocrx_word' id='word_1_267' title='bbox 2072 3257 2297 3339; x_wconf 85' lang='lat' dir='ltr'>sentit3</span> 
     </span>
     <span class='ocr_line' id='line_1_37' title="bbox 289 3342 2373 3426; baseline 0 -21"><span class='ocrx_word' id='word_1_268' title='bbox 289 3362 482 3424; x_wconf 90' lang='lat' dir='ltr'>quam</span> <span class='ocrx_word' id='word_1_269' title='bbox 531 3342 1018 3406; x_wconf 90' lang='lat' dir='ltr'>similitudinem</span> <span class='ocrx_word' id='word_1_270' title='bbox 1063 3345 1298 3406; x_wconf 90' lang='lat' dir='ltr'>natura</span> <span class='ocrx_word' id='word_1_271' title='bbox 1343 3343 1637 3426; x_wconf 90' lang='lat' dir='ltr'>ratioque</span> <span class='ocrx_word' id='word_1_272' title='bbox 1685 3344 1766 3407; x_wconf 90' lang='lat' dir='ltr'>ab</span> <span class='ocrx_word' id='word_1_273' title='bbox 1806 3344 2008 3409; x_wconf 91' lang='lat' dir='ltr'>oculis</span> <span class='ocrx_word' id='word_1_274' title='bbox 2047 3344 2127 3408; x_wconf 91' lang='lat' dir='ltr'>ad</span> <span class='ocrx_word' id='word_1_275' title='bbox 2166 3345 2295 3408; x_wconf 87' lang='lat' dir='ltr'>ani-</span> <span class='ocrx_word' id='word_1_276' title='bbox 2323 3363 2373 3404; x_wconf 77' lang='lat'>35</span> 
     </span>
     <span class='ocr_line' id='line_1_38' title="bbox 288 3429 2295 3517; baseline 0.002 -26"><span class='ocrx_word' id='word_1_277' title='bbox 288 3450 465 3492; x_wconf 91' lang='lat' dir='ltr'>mum</span> <span class='ocrx_word' id='word_1_278' title='bbox 519 3429 941 3496; x_wconf 38' lang='lat' dir='ltr'>trans-ferens*¹</span> <span class='ocrx_word' id='word_1_279' title='bbox 970 3431 1177 3494; x_wconf 90' lang='lat' dir='ltr'>multo</span> <span class='ocrx_word' id='word_1_280' title='bbox 1232 3430 1430 3495; x_wconf 90' lang='lat' dir='ltr'>etiam</span> <span class='ocrx_word' id='word_1_281' title='bbox 1475 3431 1686 3516; x_wconf 88' lang='lat' dir='ltr'>magis</span> <span class='ocrx_word' id='word_1_282' title='bbox 1732 3432 2295 3517; x_wconf 90' lang='lat' dir='ltr'>pulchritudinem,</span> 
     </span>
     <span class='ocr_line' id='line_1_39' title="bbox 286 3517 2295 3603; baseline 0.001 -21"><span class='ocrx_word' id='word_1_283' title='bbox 286 3518 739 3602; x_wconf 88' lang='lat' dir='ltr'>constantiam,</span> <span class='ocrx_word' id='word_1_284' title='bbox 786 3517 1074 3583; x_wconf 89' lang='lat' dir='ltr'>ordinem</span> <span class='ocrx_word' id='word_1_285' title='bbox 1119 3517 1189 3581; x_wconf 91' lang='lat' dir='ltr'>in</span> <span class='ocrx_word' id='word_1_286' title='bbox 1235 3517 1520 3582; x_wconf 89' lang='lat' dir='ltr'>consiliis</span> <span class='ocrx_word' id='word_1_287' title='bbox 1556 3518 1875 3603; x_wconf 85' lang='lat' dir='ltr'>factisque</span> <span class='ocrx_word' id='word_1_288' title='bbox 1917 3542 2295 3586; x_wconf 85' lang='lat' dir='ltr'>conservan-</span> 
     </span>
    </p>
   </div>
  </div>
 </body>
</html>
