2630 3913
348 200 476 265 268
1123 196 1574 251 FRAGMENTA

343 362 520 445 quod
572 382 718 426 cum
772 359 1027 443 saepius
1084 380 1308 443 ageres
1366 363 1431 422 et
1484 358 1919 442 imp=2dentius
1978 380 2017 421 a
2062 378 2166 420 me
2208 378 2358 422 con-

346 451 660 531 tenderes,
707 446 1058 512 meministi
1102 469 1204 510 me
1249 447 1371 510 tibi
1418 447 1804 530 respondere
1850 446 2252 531 impudenter
2288 448 2358 509 te

347 539 576 621 facere,
624 536 733 620 qui
776 536 843 599 id
890 558 928 598 a
974 556 1077 598 me
1122 539 1393 619 petereS,
1440 536 1610 618 quod
1657 558 1696 599 a
1739 539 1806 599 te
1848 533 2130 599 Boculus
2176 556 2358 597 num-

351 649 545 710 quam
568 624 1050 777 11)ᾞὲῖέΐῖῒὲνῖ
1076 732 1271 792 supra
1306 711 1520 777 Sullae
1559 712 1739 794 ludis,
1783 731 1933 792 quos
1975 711 2073 774 hic
2109 714 2361 793 prcmter
2418 727 2445 769 ⁵

436 803 753 867 victoriam
782 800 1006 882 fecerit,
1049 801 1386 881 quadriyas
1421 799 1484 865 C.
1513 800 1859 864 Antonium
1893 804 1951 863 et
1982 799 2142 863 alios
2185 819 2359 879 quos-

436 892 582 954 dam
625 889 852 953 nobiles
894 888 1166 952 homines
1200 890 1478 970 ayitasse.
1549 888 1879 952 Praeterea
1914 887 2229 951 Antonius
2262 907 2358 950 re·

436 980 710 1060 demptas
745 977 999 1041 habebat
1040 977 1117 1041 ab
1153 978 1397 1040 aerario
1430 977 1741 1057 vectiyales
1774 976 2126 1056 quadriyaS,
2170 995 2360 1056 quam

436 1067 901 1147 redemptionem
926 1066 1196 1129 senatori
1221 1064 1435 1128 habere
1464 1065 1718 1146 licetper
1746 1065 1944 1145 leyem.
1981 1063 2140 1127 Fuit
2154 1068 2359 1127 autem

437 1156 793 1220 notissimus
836 1155 905 1217 in
950 1155 1117 1222 circo,
1150 1154 1594 1234 quadriyarum
1638 1155 1907 1234 ayitator
1952 1152 2240 1216 Boculus.
2391 1171 2446 1212 ιο

570 1243 749 1308 Dicit
789 1244 861 1306 de
905 1243 1091 1306 malis
1135 1241 1397 1305 civibus:

484 1333 586 1397 27.
632 1330 756 1405 Qui
801 1334 1226 1413 posteaquam
1269 1330 1406 1410 illo,
1451 1351 1567 1410 quo
1613 1329 1829 1394 conati
1874 1330 2078 1410 erant,
2121 1325 2358 1410 Hispa-

349 1420 557 1485 niensi
603 1419 996 1504 pugiunculo
1043 1439 1274 1482 nervos
1320 1417 1598 1481 incidere
1645 1417 1878 1481 civium
1924 1415 2358 1479 Romanorum

349 1532 479 1574 non
535 1510 910 1592 potuerunt,
976 1506 1131 1570 duas
1196 1527 1323 1568 uno
1384 1509 1674 1589 tempore
1729 1508 2045 1569 conantur
2098 1503 2167 1567 in
2219 1525 2357 1567 rem

351 1596 678 1682 publicam
728 1595 891 1658 sicas
938 1593 1355 1678 destringere.
2390 1612 2443 1652 15

572 1682 1089 1767 Hispaniensem
1119 1679 1605 1765 pugiunculum'
1631 1679 1740 1745 Cn.
1760 1681 2048 1746 Pisonem
2074 1680 2359 1763 aspellat,

437 1793 614 1854 quem
640 1773 711 1836 in
736 1770 1058 1851 Hispania
1084 1770 1345 1833 occisum
1380 1789 1502 1833 esse
1535 1770 1686 1834 dixi.
1744 1768 1945 1833 Duas
1974 1768 2163 1834 sicas'
2194 1766 2358 1833 Cati·

442 1862 637 1925 linam
681 1863 738 1921 et
779 1858 1126 1921 Antonium
1169 1857 1474 1938 amoellari
1517 1858 1913 1937 manifestum
1956 1864 2058 1922 est.

484 1949 587 2014 28.
640 1945 829 2011 Hunc
886 1967 1002 2011 vos
1068 1944 1296 2010 scitote
1352 1944 1667 2010 Licinium
1734 1945 2162 2031 gladiatorem
2226 1945 2356 2009 iam

351 2036 697 2101 immisisse
755 2034 1051 2118 lapillum
1107 2033 1425 2098 Catilinae
1470 2035 1517 2117 †
1569 2035 1756 2099 iudic.
1812 2045 1939 2118 qua
1985 2033 2057 2110 Q.
2113 2057 2192 2098 ue
2238 2032 2358 2098 Cu·
2386 2054 2443 2093 so

353 2126 520 2189 rium
566 2122 892 2188 hominem
941 2123 1400 2207 quaestorium.

573 2212 802 2278 Curius
863 2211 962 2275 hic
1021 2212 1378 2276 notissimus
1427 2212 1556 2291 fuit
1613 2212 1846 2275 aleator
1915 2213 2360 2292 damnatusque

432 2307 644 2384 postea
686 2305 787 2366 est.
846 2299 932 2362 In
975 2299 1136 2364 hunc
1180 2305 1268 2363 est
1308 2300 1836 2380 hendecasyllabus
1863 2298 2040 2364 Calvi
2083 2300 2355 2381 eleyans:

826 2387 914 2450 Et
958 2388 1129 2452 talos
1177 2386 1408 2451 Curius
1456 2387 1876 2470 pereruditus,

573 2478 746 2542 Huic
806 2478 1076 2540 orationi
1130 2475 1436 2542 Ciceronis
1491 2481 1547 2539 et
1598 2474 1874 2540 Catilina
1935 2481 1992 2539 et
2043 2476 2358 2541 Antonius
2387 2492 2443 2534 2⁵

440 2566 859 2631 contumeliose
910 2565 1371 2645 responderunt,
1434 2564 1596 2644 quod
1653 2564 1849 2628 solum
1893 2569 2199 2645 poterant,
2260 2565 2355 2628 in·

440 2657 585 2719 vecti
637 2655 708 2717 in
759 2653 1086 2716 novitatem
1138 2653 1280 2716 eius.
1380 2652 1698 2715 Feruntur
1760 2672 1992 2733 quoque
2054 2654 2356 2716 orationes

439 2743 686 2806 nomine
735 2741 985 2805 illorum
1038 2741 1230 2804 editae
1281 2759 1408 2804 non
1459 2740 1536 2804 ab
1591 2741 1742 2820 ipsis
1793 2742 2074 2821 scriptae,
2128 2742 2233 2805 sed
2280 2741 2358 2804 ab

442 2830 746 2895 Ciceronis
781 2827 1285 2908 obtrectatoribus,
1321 2848 1477 2909 quas
1502 2829 1697 2892 nescio
1725 2848 1810 2892 an
1845 2830 2040 2892 satius
2074 2829 2159 2893 sit
2191 2829 2358 2910 iyno·

440 2939 597 2982 rare.
670 2914 944 2982 Ceterum
992 2915 1197 2981 Cicero
1242 2917 1452 2981 consul
1496 2918 1772 2980 omnium
1824 2936 2115 2981 consensu
2154 2915 2359 2995 factus
2388 2934 2449 2978 ao

441 3012 557 3082 est,·
613 3006 926 3069 Antonius
969 3005 1257 3087 pauculis
1310 3005 1601 3069 centuriis
1647 3003 1985 3069 Catilinam
2032 3006 2359 3087 superavit,

441 3115 580 3158 cum
623 3095 679 3157 ei
718 3098 972 3175 propter
1013 3094 1221 3174 patris
1274 3112 1493 3156 nomen
1536 3094 1731 3174 paulo
1776 3094 2094 3174 speciosior
2136 3113 2361 3158 manus

440 3182 788 3265 suffrayata
831 3186 978 3247 esset
1019 3201 1205 3263 quam
1252 3179 1575 3246 Catilinae.

1148 3429 1567 3437 ———————
