2630 3913
712 221 1161 302 ORATIOIIUM.
1199 223 1264 276 A.
1303 221 1434 274 XIII
1470 228 1712 277 20—33.
2095 221 2226 286 275

220 391 337 470 est,
382 387 576 469 longe
612 390 679 449 te
726 407 765 449 a
799 383 1086 469 pulchris
1134 384 1360 447 abesse
1407 383 1684 448 sensisti.
1756 382 1949 466 (Non.
1982 406 2047 466 p.
2083 390 2224 451 339.

218 480 307 541 23
351 481 407 538 et
449 478 594 539 434.
638 474 774 557 21.)

351 563 455 627 26.
491 561 585 626 At
623 583 783 644 sum,
819 560 1049 645 inquit,
1087 560 1442 624 absolutus,
1507 558 1697 623 Novo
1728 560 1983 643 quidem
2010 561 2226 626 hercle

220 673 423 733 more,
471 650 573 715 cui
616 649 730 715 uni
776 649 1077 714 absoluto
1124 648 1275 713 lites
1321 647 1702 712 aestimatae
1750 652 1918 712 sunt.

164 758 192 799 5
352 741 455 804 27.
501 737 701 814 Quasi
745 759 866 823 ego
904 758 1036 802 non
1071 739 1412 801 contentus
1450 735 1591 820 sim,
1644 736 1812 818 quod
1850 737 2013 801 mihi
2048 739 2226 822 quin-

221 850 342 912 que
398 831 462 891 et
517 826 755 912 viginti
807 825 1048 890 iudices
1103 825 1532 890 crediderunt!
1625 824 1879 889 XXXI
1915 826 2026 890 tibi
2067 827 2229 890 nihil

218 918 615 992 erediderunt,
654 914 765 999 qui
793 918 1157 998 sequestres
1195 914 1312 977 abs
1351 917 1418 975 te
1456 912 1810 996 locupletes
1849 914 2226 997 acceperint.

352 1094 454 1157 28.
501 1091 874 1155 Divortium
917 1089 1242 1174 pontificis
1289 1088 1570 1152 maximi.

141 1202 191 1238 10
353 1181 456 1244 29.
499 1179 855 1263 Integritas
901 1183 1017 1242 tua
1060 1181 1126 1242 te
1171 1177 1509 1262 purgavit,
1556 1176 1717 1241 mihi
1762 1176 1974 1262 crede,
2019 1177 2230 1263 pudor

223 1269 484 1353 eripuit,
530 1266 668 1331 vita
713 1271 863 1331 ante
911 1270 1056 1331 acta
1100 1265 1402 1330 servavit.

355 1357 459 1421 30.
504 1359 812 1439 quattuor
856 1354 980 1419 tibi
1018 1353 1370 1417 sententias
1410 1354 1582 1417 solas
1621 1353 1702 1417 ad
1737 1353 2085 1437 perniciem
2128 1355 2230 1419 de-

221 1444 441 1509 fuisse.

356 1533 458 1597 31.
504 1554 656 1596 nam
700 1530 771 1595 L.
819 1530 1075 1615 quidem
1122 1528 1334 1594 Cotta.

144 1640 194 1679 15
354 1621 458 1685 32.
503 1625 578 1684 ut
620 1619 894 1704 posthac
939 1618 1084 1704 lege
1120 1617 1389 1682 Aurelia
1425 1617 1614 1681 iudex
1650 1638 1790 1681 esse
1824 1638 1958 1682 non
1999 1619 2229 1703 possit.

354 1709 457 1773 33.
512 1707 631 1774 Cic.
685 1710 771 1772 ad
821 1708 951 1771 Att.
1009 1707 1060 1769 I
1104 1712 1202 1770 16.
1258 1711 1301 1772 8
1321 1726 1450 1787 sqq.
1522 1704 1805 1771 Clodium
1849 1713 2229 1787 praesentem

216 1798 377 1879 freyi
419 1798 490 1861 in
532 1802 748 1862 senatu
792 1816 931 1861 eum
974 1796 1248 1860 oratione
1279 1798 1578 1876 perpetua
1611 1794 1976 1876 plenissima
2022 1797 2226 1879 yravi-

220 1887 391 1968 tatis‚
438 1889 568 1949 tum
612 1886 1014 1949 altereatione.
1060 1920 1148 1929 —-
1193 1883 1367 1947 Nam
1409 1887 1482 1947 ut
1522 1882 1741 1947 Idibus
1783 1883 1985 1949 Maiis
2028 1885 2099 1949 in
2141 1905 2228 1950 se-

220 1980 440 2038 natum
484 1975 885 2051 convenimus,
929 1978 1178 2055 royatus
1220 1993 1324 2054 eqo
1361 1973 1723 2036 sententiam
1756 1973 1955 2036 multa
1989 1975 2124 2039 dixi
2157 1976 2230 2040 de

142 2081 195 2120 20
221 2083 466 2126 summa
516 2082 583 2125 re
622 2062 900 2144 publiea,
958 2066 1139 2142 atque
1190 2061 1295 2124 ille
1348 2060 1512 2124 loeus
1564 2060 1850 2125 inductus
1902 2082 1945 2124 a
1997 2082 2093 2126 me
2147 2068 2234 2127 est

223 2151 536 2226 divinituS,
578 2169 656 2213 ne
697 2169 828 2212 una
861 2149 1055 2232 playa
1098 2153 1337 2229 accepta
1359 2152 1573 2230 patres
1605 2149 1929 2229 consmpti
1964 2152 2229 2215 concide-

225 2242 376 2314 rent,
420 2257 496 2300 ne
539 2237 880 2318 deficerent;
926 2237 1149 2300 vulnus
1191 2256 1313 2300 esse
1348 2237 1480 2302 eius
1513 2238 1698 2314 modi,
1740 2238 1905 2320 quod
1934 2238 2090 2302 mihi
2123 2259 2230 2304 nee

225 2325 741 2390 dissimulandum
775 2344 883 2388 nec
905 2325 1447 2405 pertimescendum
1470 2325 1790 2403 videretur,
1823 2345 1900 2389 ne
1924 2331 2038 2390 aut
2059 2328 2228 2408 ἑρπο-

225 2415 423 2478 rando
467 2414 814 2478 stultissimi
857 2418 968 2477 aut
1008 2414 1320 2477 metuendo
1359 2414 1748 2494 iynavissimi
1783 2414 2227 2489 iudicaremur,-

139 2520 197 2561 25
225 2503 318 2567 bis
352 2503 695 2566 absolutum
730 2522 853 2566 esse
886 2502 1234 2583 Lentulum,
1272 2501 1364 2565 bis
1392 2500 1744 2579 Catilinam,
1789 2500 1949 2565 hunc
1984 2503 2228 2567 tertium

223 2591 355 2654 iam
398 2610 519 2656 esse
562 2611 604 2654 a
638 2591 940 2655 iudicibus
973 2591 1045 2654 in
1081 2610 1211 2654 rem
1234 2590 1551 2671 publicam
1584 2590 1962 2654 immissum:
2007 2589 2228 2674 Euae,

225 2677 437 2762 Clodi3
500 2700 630 2743 non
683 2682 749 2742 te
803 2678 1042 2743 iudices
1105 2677 1277 2760 urbi,
1344 2678 1455 2741 sed
1518 2678 1757 2744 carceri
1818 2684 2230 2744 reservarunt

222 2789 429 2850 neque
475 2770 540 2831 te
586 2768 864 2831 retinere
907 2767 977 2831 in
1022 2766 1312 2849 civitate,
1372 2766 1484 2830 sed
1539 2766 1765 2831 exsilio
1820 2767 2074 2851 privare
2120 2791 2228 2834 vo-

224 2854 499 2919 luerunt.
573 2853 778 2929 Quam
826 2855 908 2919 ob
954 2875 1109 2938 rem,
1153 2858 1373 2938 patres
1419 2855 1784 2939 conscripti,
1832 2855 2061 2941 erigite
2099 2857 2229 2921 ani-

140 2959 195 3000 30
224 2965 400 3024 moss
449 2943 720 3008 retinete
774 2946 1060 3007 vestram
1116 2942 1528 3027 dignitatem3
1590 2946 1811 3007 manet
1863 2943 1983 3008 illa
2036 2944 2106 3008 in
2160 2966 2229 3008 re

221 2994 481 3115 publica
527 3033 843 3096 bonorum
890 3030 1251 3112 consensio3
1297 3031 1483 3095 dolor
1520 3032 1792 3095 accessit
1827 3031 2016 3096 bonis
2054 3032 2230 3114 viriS‚

222 3119 429 3183 virtus
475 3142 607 3184 non
642 3124 741 3184 est
777 3119 1145 3202 imminuta3
1186 3080 1353 3182 nihil
1391 3122 1492 3220 eost
1529 3119 1745 3183 damni
1780 3119 2025 3184 factum
2059 3120 2230 3202 novi,

223 3207 362 3289 sed,
418 3209 588 3291 quod
634 3211 799 3289 erat,
853 3207 1184 3271 inventum
1236 3211 1362 3290 est3
1415 3206 1485 3271 in
1527 3207 1717 3272 unius
1762 3207 2044 3272 hominis
2090 3230 2230 3292 per-

223 3295 344 3360 diti
390 3296 622 3360 iudicio
667 3297 886 3380 plures
930 3295 1172 3360 similes
1209 3296 1452 3379 reperti
1489 3298 1656 3361 sunt.
1728 3296 1852 3361 Sed
1883 3298 2036 3378 quid
2068 3297 2229 3379 ayo?

138 3401 191 3441 35
215 3404 410 3465 paene
463 3385 799 3449 orationem
850 3385 922 3448 in
972 3384 1297 3467 epistulam
1349 3384 1591 3450 inclusi.
1681 3383 1880 3449 Redeo
1925 3387 2012 3451 ad
2053 3386 2232 3450 alter-

220 3473 533 3537 cationem.
632 3471 850 3553 Suryit
898 3471 1241 3553 pulchellus
1289 3492 1476 3553 puer,
1538 3473 1720 3537 obicit
1777 3473 1933 3537 mihi
1993 3495 2088 3538 me
2149 3476 2236 3540 ad

222 3559 429 3625 Baias
487 3560 698 3639 fuisse.
788 3558 1079 3643 Falsum,
1144 3559 1256 3624 sed
1309 3563 1528 3623 tamen
1583 3559 1736 3643 quid
1789 3560 1954 3626 hoc?
2021 3562 2231 3626 simile

1809 3662 1914 3718 18*
