2630 3913
309 162 394 226 32
399 162 438 225 8
1087 159 1539 215 FRAGMENTA

310 324 397 387 ad
439 342 535 386 me
580 323 752 386 misit
792 322 865 386 de
910 320 1163 403 Catone,
1205 326 1531 402 propterea
1573 321 1706 385 volo
1750 320 2060 401 divulyari
2101 341 2144 383 a
2189 322 2339 404 tuiS,

311 415 382 474 ut
423 430 499 474 ea:
543 411 802 474 istorum
845 410 1286 490 vituperatione
1329 410 1416 472 sit
1455 408 1630 473 illius
1674 410 1876 472 maior
1921 409 2212 473 laudatio.

448 497 506 561 7.
554 496 674 561 Cio.
720 498 850 561 Att.
895 496 1096 560 XIII
1130 499 1239 561 27.
1283 500 1324 560 1
1372 495 1538 575 Quid
1587 516 1737 578 opus
1788 502 1876 561 est
1925 497 2337 578 παρακινδυ-

312 580 584 649 νεύεινὲ
617 585 986 666 praesertim
1021 603 1159 647 cum
1195 584 1356 647 illud
1388 589 1678 666 occurrat,
1721 584 1920 661 illum,
1964 604 2101 647 cum
2145 589 2337 647 antea

311 672 473 736 nihil
516 672 883 753 scripserim,
927 672 1423 736 existimaturum
1465 692 1562 735 me
1603 673 1731 736 uisi
1775 676 1894 735 toto
1940 671 2088 735 bello
2134 670 2172 752 (
2164 671 2332 735 Par-
2395 691 2427 734 5

315 759 502 841 thico)
528 760 785 838 confecto
821 758 981 822 nihil
1015 760 1388 840 scripturum
1420 760 1613 838 fuisse
1620 780 1642 836 ‚·
1679 764 1858 840 atque
1892 760 2077 823 etiam
2111 780 2338 836 vereor,

312 868 389 911 ue
421 851 601 928 putet
640 867 735 911 me
776 846 886 911 hoc
928 848 1110 927 quasi
1154 845 1408 911 Catonis
1452 849 1759 929 μείλιγμα
1804 866 1928 911 esse
1970 847 2241 911 voluisse.

448 934 507 998 8.
554 932 675 999 Cic.
721 934 852 999 Att.
892 934 1089 998 XIII
1121 938 1224 998 46.
1258 938 1306 999 2
1354 934 1502 1017 Leyi
1538 933 1852 1015 (Caesaris
1896 935 1981 998 acl
2021 934 2336 1017 Balbum)

313 1022 669 1103 epistulam:
714 1022 913 1085 multa
946 1022 1021 1087 de
1053 1041 1181 1085 meo
1218 1020 1460 1102 Catone,
1494 1041 1672 1103 quem
1705 1023 2054 1103 saepissime
2090 1022 2335 1104 leyenolo

314 1130 376 1174 se
427 1110 576 1174 dicit
626 1110 1014 1191 copiosiorem
1062 1111 1326 1193 factum,
1377 1108 1576 1173 Bruti
1620 1108 1848 1175 Catone
1903 1110 2045 1176 lecto
2095 1128 2162 1175 se
2209 1109 2338 1175 sibi
2367 1130 2426 1170 10

313 1198 516 1263 visum
558 1198 866 1261 disertum.

448 1286 509 1349 9.
548 1283 669 1349 Cic.
701 1286 847 1366 Top.
873 1288 976 1349 25.
1004 1289 1090 1350 94
1115 1283 1276 1370 Oum
1311 1285 1554 1365 aliquid
1585 1285 1658 1349 de
1690 1285 1974 1367 utilitate,
2008 1282 2336 1366 honestate,

315 1374 618 1454 aequitate
660 1373 981 1438 disseritm·
1024 1374 1163 1437 deve
1208 1374 1289 1437 iis
1332 1373 1526 1455 rebusg
1569 1392 1724 1454 quae
1766 1372 1864 1437 his
1905 1377 2053 1436 sunt
2092 1377 2335 1436 contra-

318 1462 465 1543 riae,
510 1462 837 1526 incurrunt
876 1465 1076 1525 status
1118 1465 1231 1524 aut
1273 1461 1433 1524 iuris
1476 1464 1591 1524 aut
1618 1460 1920 1535 nominis;
1965 1460 2129 1539 quod
2168 1460 2335 1523 idem

315 1549 611 1630 coutiuyit
660 1549 731 1612 in
784 1548 1253 1612 laudationibus.
1346 1547 1518 1611 Nam
1577 1552 1690 1611 aut
1739 1549 1955 1628 neyari
2008 1551 2204 1628 potest
2263 1549 2338 1612 id
2366 1566 2424 1608 15

313 1637 549 1716 factum
592 1655 730 1717 esse,
771 1637 934 1716 quod
976 1635 1276 1719 laudetur,
1321 1640 1435 1698 aut
1475 1655 1601 1699 nou
1642 1655 1708 1699 eo
1752 1636 1999 1699 nomine
2041 1636 2332 1717 adficien-

316 1726 490 1805 dum,
542 1743 660 1804 quo
706 1723 991 1786 laudator
1033 1723 1345 1801 adfecerit,
1399 1727 1511 1786 aut
1563 1723 1807 1786 omnino
1860 1743 1987 1787 non
2028 1742 2152 1788 esse
2196 1723 2332 1786 lau-

315 1811 538 1893 dabile,
598 1811 761 1891 quod
817 1829 944 1873 nou
1002 1814 1181 1892 recte,
1241 1830 1369 1874 non
1431 1811 1565 1874 iwre
1621 1811 1857 1890 factum
1909 1811 2006 1874 sit.
2098 1809 2335 1888 Quibus

316 1898 596 1962 omuibus
650 1896 969 1979 ⁴qeneribus
1035 1916 1186 1963 usus
1255 1903 1343 1963 est
1406 1899 1598 1963 nimis
1659 1899 2038 1981 impudenter
2102 1897 2334 1964 Caesar

316 1991 528 2051 contra
572 1985 860 2049 Catonem
904 2006 1119 2050 meum.
2360 2007 2421 2048 20

455 2073 551 2138 10.
618 2073 983 2154 Quintilian.
1054 2074 1117 2139 V
1167 2079 1266 2138 10.
1331 2079 1372 2139 9
1434 2073 1578 2155 Ipse
1640 2072 1846 2140 Cicero
1906 2076 1993 2139 acl
2048 2074 2333 2138 Brutum

316 2161 537 2245 (supra
569 2181 637 2242 p.
680 2167 823 2226 300.
868 2163 983 2243 14)
1025 2163 1119 2226 ita
1161 2162 1403 2226 scribit:
1465 2161 1483 2189 ‘
1498 2163 1738 2227 Veritus
1778 2163 2055 2245 fortasse,
2097 2182 2175 2226 ue
2217 2181 2333 2227 nos

316 2250 385 2312 iu
445 2247 735 2313 Catonem
794 2254 1072 2313 nostrum
1134 2250 1609 2329 transferremus
1670 2249 1831 2314 illim
1894 2250 2156 2332 aliquid,
2219 2251 2334 2315 etsi

315 2341 742 2419 aryumentum
785 2338 985 2402 simile
1026 2357 1153 2401 uon
1196 2336 1369 2402 erat'.

455 2426 486 2487 1
499 2426 554 2488 1.
617 2422 962 2490 Cremutius
1019 2425 1253 2490 Cordus
1314 2446 1414 2506 ap.
1472 2424 1755 2488 Tacitum
1817 2425 2028 2489 annal.
2084 2425 2196 2488 IV
2240 2429 2330 2489 34
2360 2444 2417 2485 25

316 2512 411 2575 M.
468 2511 775 2577 Ciceronis
832 2513 1012 2596 libro,
1072 2533 1189 2593 quo
1245 2510 1535 2576 Catonem
1595 2512 1756 2577 caelo
1809 2513 2116 2595 aequavit,
2179 2513 2335 2592 quid

316 2600 494 2664 aliud
526 2601 785 2665 dictator
823 2598 1051 2664 Caesar
1085 2620 1273 2680 quam
1306 2601 1602 2681 rescripta
1644 2601 1916 2664 oratione
1958 2601 2122 2664 velut
2161 2602 2334 2682 apud

317 2688 544 2752 iudices
587 2687 939 2767 respoudit?

457 2775 554 2838 12.
610 2773 921 2839 Plutarch.
976 2771 1139 2840 GaeS.
1196 2777 1280 2839 54
1336 2770 1771 2858 Πυθόμενος,
1838 2769 1927 2851 ὥς
1990 2770 2232 2839 ἑαυτὸν
2289 2769 2328 2840 ὁ

317 2856 490 2945 ἀνὴρ
546 2857 999 2945 διεργάσαιτο,
1057 2863 1259 2944 δῆλος
1312 2860 1433 2944 μὲν
1488 2852 1574 2945 ἦν
1629 2860 1932 2946 δηχθεὶς,
1991 2857 2096 2945 ἐφ’
2157 2851 2213 2951 ᾧ
2260 2856 2324 2928 δ’
2359 2881 2418 2922 so

317 2946 589 3032 ἄδηλον.
663 2943 830 3013 Εἷπε
872 2945 936 3014 δ’
981 2939 1106 3013 οὖν
1145 2939 1247 3014 ‘³52
1283 2946 1551 3032 Κάτων,
1600 2951 1841 3032 φθονῶ
1890 2967 1997 3014 σοι
2042 2951 2162 3015 τοῦ
2206 2957 2329 3015 θα-

317 3035 547 3118 νάτου,
584 3035 693 3100 καὶ
730 3033 858 3121 γὰρ
896 3034 980 3102 σύ
1017 3061 1130 3121 μοι
1168 3038 1284 3121 τῆς
1320 3042 1643 3122 σωτηρίας
1671 3033 2097 3120 ἐφθόνησαςῖ
2130 3076 2212 3085 -
2246 3075 2323 3085 ·-—

324 3127 416 3208 Τῇ
456 3122 532 3190 δὲ
568 3121 733 3210 πρὸς
761 3123 1110 3209 Κικέρωνα
1137 3123 1248 3189 καὶ
1277 3127 1587 3209 Βροῦτον
1620 3124 1732 3188 καὶ
1771 3129 2048 3210 μυρίους
2084 3122 2332 3203 ἄλλους

314 3214 449 3276 τῶν
495 3209 1044 3296 πεπολεμηκότων
1093 3213 1372 3298 ἐπιεικίᾳ
1413 3216 1875 3321 τεκμαίρονται
1910 3211 2020 3277 καὶ
2065 3211 2186 3277 τὸν
2224 3210 2332 3278 λό-

315 3324 439 3380 γον
486 3299 743 3364 ἐκεῖνον
792 3295 915 3364 οὐκ
962 3299 1028 3378 ἐξ
1074 3295 1458 3384 ἀπεχθείας,
1507 3306 1679 3365 αλλα
1728 3304 2108 3384 φιλοτιμίας
2146 3307 2331 3366 πολι·
2360 3319 2418 3358 35

317 3389 498 3467 τικῆς
532 3384 976 3470 συντετάχθαι
1014 3385 1125 3452 διὰ
1165 3385 1483 3470 τοιαύτην
1521 3390 1758 3453 αἰτίαν.
1807 3384 2101 3473 ’Έγραψε
2137 3388 2332 3454 Κικέ-

317 3493 454 3546 ρων
475 3469 802 3551 ἐγκώμιον
822 3472 1143 3552 Κάτωνος
1164 3472 1378 3559 ὄνομα
1397 3478 1488 3564 τῷ
1509 3472 1685 3564 λόγῳ
1706 3476 1992 3561 θέμενος
2012 3474 2332 3542 Κάτωνα·
