2630 3913
367 216 498 276 414
774 209 1223 264 FRAGMENTA
1259 208 1592 262 INCERTA.
1632 209 1698 264 Κ.
1737 214 1962 264 28-37,

366 376 471 438 sed
520 375 780 453 antiqua
830 391 980 436 usus
1032 376 1122 435 est
1175 372 1626 448 consuetudine,
1690 373 1967 436 dativum
2008 377 2223 452 posuit
2263 363 2390 454 pro

361 463 654 543 genetivo,
710 465 784 524 ut
825 457 1063 524 Cicero:
1119 457 1484 541 ‘filiumque
1530 457 1753 522 Verri'
1790 479 1911 540 Ρνο
1957 458 2253 524 ‘Verris'.
2304 497 2383 506 —-

369 548 610 614 Charis.
655 546 706 610 I
731 568 798 629 Ρ.
845 551 944 612 68.
990 550 1078 611 20
1124 545 1432 612 Ciceronis
1475 547 1742 627 exemplo
1786 547 2089 627 abstinet]

500 638 604 701 29.
650 635 831 700 Prob.
879 634 1093 698 cathol.
1140 634 1256 698 IV
1275 654 1344 715 Ρ.
1389 639 1491 698 43.
1539 640 1579 698 6
1626 634 2040 700 Choriambus
2091 639 2152 699 et
2180 656 2385 717 paeon

370 726 615 789 tertius:
661 722 1028 806 composuit
1073 722 1412 786 rationem.
2440 744 2466 783 5

501 812 605 876 30.
651 811 818 892 Sery.
861 811 1102 890 explan.
1146 812 1216 874 in
1259 810 1490 874 Donat.
1527 809 1577 873 I
1610 809 1679 872 Τ.
1716 810 1832 873 IV
1854 831 1921 891 Ρ.
1959 813 2097 875 511.
2135 815 2229 876 28
2266 811 2393 876 Sed

364 901 637 981 plerique
670 898 1022 963 nominibus
1057 899 1375 962 civitatum
1409 899 1747 962 iunxerunt
1767 900 2274 979 praepositiones,
2318 905 2393 964 ut

369 988 603 1052 Cicero:
648 986 730 1051 ad
773 984 1145 1050 Messanam
1189 986 1386 1049 venit..

503 1075 634 1155 [31.
681 1073 961 1139 Gramm.
1006 1076 1080 1138 de
1121 1074 1258 1137 dub.
1303 1094 1463 1137 nom.
1506 1073 1576 1137 Τ.
1623 1072 1687 1137 V
1708 1094 1775 1154 Ρ.
1821 1075 1966 1139 576.
2007 1080 2051 1139 3
2097 1072 2387 1140 ‘Currus'

362 1164 602 1244 yeneris
653 1163 983 1227 masculini
1038 1167 1096 1225 et
1146 1162 1278 1226 ideo
1332 1161 1694 1225 diminutive
1748 1160 2168 1237 ‘curriculus,·'
2235 1184 2389 1227 nam
2416 1184 2466 1223 ιο

369 1249 574 1316 Cicero
622 1248 1020 1315 ‘curriculos'
1066 1254 1125 1314 et
1167 1247 1531 1313 ‘curricula'
1576 1250 1751 1313 divit.
1802 1285 1877 1296 —
1919 1249 2014 1330 Cf.
2052 1248 2303 1316 Charis.
2349 1251 2400 1315 I

363 1360 425 1419 Ρ.
474 1344 577 1404 77.
622 1344 700 1402 11
746 1335 1151 1403 ‘Curriculus'
1207 1337 1543 1401 masculine
1593 1338 1926 1402 deminutio
1969 1343 2058 1402 est
2102 1337 2389 1420 ecurrus',

368 1427 727 1491 neutraliter
779 1431 982 1490 autem
1037 1424 1054 1453 ‘
1067 1425 1442 1507 curriculum
1455 1423 1495 1506 ',
1554 1427 1826 1506 spatium
1883 1426 1970 1490 ad
2019 1429 2390 1491 currendum

369 1519 583 1595 aptum
625 1514 717 1578 vel
759 1514 962 1594 ipsum
1016 1514 1301 1577 currendi
1354 1512 1652 1594 officium,
1706 1518 1778 1576 ut
1818 1511 2023 1577 Cicero
2073 1519 2133 1578 et
2186 1513 2387 1580 Varro

371 1604 665 1666 locuntur.
718 1637 793 1646 —
845 1601 1007 1666 Non.
1043 1622 1110 1682 Ρ.
1154 1604 1299 1666 263.
1347 1606 1387 1663 1
1432 1598 1857 1682 ‘curriculus’‚
1909 1606 1983 1664 ut
2023 1604 2386 1667 consuetudo
2414 1620 2461 1661 ιο

365 1691 506 1770 fert,
551 1710 593 1753 a
636 1710 823 1753 curru
866 1690 1192 1753 diminutio
1236 1693 1354 1764 est,·
1399 1688 1625 1752 dicitur
1667 1688 2086 1753 brevissimum
2128 1689 2388 1755 vehiculi

370 1778 552 1842 biroti
598 1787 806 1857 oenus.
897 1774 1358 1853 ‘Curi-iculum’‚
1411 1796 1642 1841 cursus.
1696 1812 1783 1822 -
1836 1775 1935 1841 Id.
1976 1798 2045 1858 Ρ.
2098 1782 2244 1842 198.
2298 1782 2388 1843 27

372 1862 812 1929 ‘Curriciaelum'
857 1868 1072 1927 neutro
1108 1882 1324 1945 yenere
1369 1862 1574 1928 Cicero
1624 1863 1872 1928 Timaeo
1915 1864 2002 1946 (Ρ.
2046 1868 2202 1930 222.
2230 1868 2315 1930 35
2305 1867 2385 1949 ).]

503 1951 606 2015 32.
662 1949 842 2015 Prob.
901 1950 1091 2015 instit.
1153 1952 1389 2015 artium
1447 1952 1516 2016 Τ.
1569 1950 1687 2018 IV
1725 1974 1791 2034 Ρ.
1846 1958 1988 2017 149.
2042 1958 2126 2019 12
2183 1952 2385 2018 ‘Cum’

368 2041 679 2121 siqnificat
712 2044 770 2103 et
800 2039 1168 2123 adverbium,
1203 2045 1275 2104 ut
1307 2042 1478 2122 apud
1503 2040 1880 2105 Ciceronem:
1916 2040 1965 2123 †
1996 2063 2141 2106 eum
2177 2041 2386 2107 fasces
2413 2062 2460 2100 20

371 2150 516 2192 eum
565 2147 835 2191 secures,

506 2215 635 2295 [33.
674 2212 920 2280 Charis.
957 2214 1008 2279 I
1031 2236 1101 2298 Ρ.
1141 2220 1284 2281 102.
1328 2220 1418 2281 20
1467 2213 1704 2297 ‘Hm-es,
1737 2237 1986 2299 parens,
2029 2216 2230 2282 homo'
2278 2221 2388 2283 etsi

369 2305 442 2368 in
486 2305 796 2369 communi
837 2323 987 2368 sexu
1029 2305 1484 2386 intellegantur,
1539 2309 1742 2367 tamen
1798 2305 2136 2369 masculino
2175 2325 2388 2387 yenere

369 2412 604 2474 semper
657 2392 961 2457 dicuntur.
1051 2392 1248 2457 Nemo
1302 2393 1466 2456 enim
1518 2396 1632 2455 aut
1685 2390 2032 2456 ‘secundam
2091 2392 2385 2458 heredem’

371 2482 522 2544 dicit
570 2486 684 2544 aut
726 2479 978 2544 ‘bonam
1014 2478 1369 2561 parentem'
1414 2484 1528 2543 aut
1572 2477 1836 2543 ‘malam
1877 2479 2230 2557 hominem'‚
2285 2483 2389 2546 sed
2411 2499 2457 2538 2⁵

371 2568 724 2649 masculine,
762 2569 1001 2631 tametsi
1035 2568 1107 2631 de
1137 2569 1376 2648 femina
1408 2587 1603 2631 sermo
1633 2567 1943 2633 habeatur.
2004 2569 2177 2632 Nam
2203 2569 2386 2633 Mar-

370 2676 474 2720 cus
516 2657 641 2720 ait:
689 2654 973 2719 Heredes
1020 2654 1200 2738 ipsus
1248 2654 1606 2734 secundus]

504 2742 607 2807 34.
643 2741 797 2806 Isid.
838 2741 1005 2824 Oriy.
1040 2742 1113 2806 X
1134 2746 1268 2807 223
1291 2763 1360 2822 Ρ.
1395 2746 1528 2807 342
1568 2740 1705 2806 Otto
1742 2742 1982 2809 Cicero:
2020 2743 2175 2828 quid
2214 2745 2386 2809 enim

370 2834 510 2895 tam
554 2831 985 2914 praevarum?
1031 2831 1102 2893 id
1141 2834 1229 2894 est
1269 2831 1445 2895 valde
1488 2851 1724 2894 varum.

505 2917 608 2983 35.
654 2916 870 2999 Pomp.
914 2921 1222 2981 comment.
1265 2917 1335 2981 Τ.
1384 2918 1446 2982 V
1470 2938 1537 2999 Ρ.
1570 2921 1719 2983 254.
1763 2923 1845 2984 31
1889 2920 2179 3002 Leqimus
2222 2921 2393 3002 apud
2414 2937 2461 2975 ³⁰

373 3005 750 3071 Ciceronem:
797 3003 1115 3089 Olympus
1160 3005 1229 3068 in
1274 3004 1641 3070 inmensum
1687 3006 1914 3071 edituS.

505 3094 608 3158 36.
652 3092 934 3158 Diomed.
979 3092 1071 3156 II
1095 3114 1162 3174 Ρ.
1208 3097 1356 3158 448.
1401 3096 1442 3158 5
1485 3093 1790 3174 Dialyton
1834 3100 1923 3159 est
1963 3097 2192 3177 oratio,
2237 3117 2394 3177 quae

372 3183 504 3245 sine
557 3181 1080 3245 coniunctionibus
1129 3181 1322 3245 solute
1375 3201 1450 3245 ac
1498 3182 1857 3263 simpliciter
1908 3182 2162 3262 effertur
2214 3185 2394 3248 nulla

369 3269 791 3333 coniunctione
831 3269 1192 3350 interposita
1234 3270 1539 3350 superiori
1581 3271 1919 3352 contraria,
1978 3276 2051 3334 ut
2098 3307 2174 3317 —-
2227 3274 2396 3353 apud

378 3355 687 3420 Tullium:
733 3355 1032 3439 pertulit,
1079 3355 1415 3441 cogitavit.
2416 3374 2463 3414 ³⁵

508 3441 610 3504 37.
648 3441 890 3507 Cledon.
931 3443 1000 3507 Τ.
1050 3443 1112 3508 V
1126 3465 1194 3524 Ρ.
1236 3449 1337 3508 76.
1371 3447 1466 3510 22
1502 3443 1892 3509 ‘Adversum'
1935 3445 2213 3511 Tullius:
2263 3447 2393 3512 Ad-

375 3547 636 3589 versum
682 3528 860 3611 leges
910 3552 1246 3614 moresque
1293 3532 1631 3596 maiorum.

2556 3570 2581 3607 θ
