2630 3913
1086 651 1161 717 E.
1225 650 1768 717 FRAGMENTA

935 773 1920 842 EPISTULARUM.

1033 958 1082 1017 I.
1146 958 1256 1017 AD
1300 958 1380 1017 M.
1427 956 1810 1018 TITINIUM.

556 1092 798 1159 Sueten.
843 1095 915 1159 de
949 1095 1094 1158 rhet.
1129 1099 1191 1160 2.
1256 1095 1329 1158 L.
1364 1093 1605 1158 Plotius
1641 1091 1880 1158 Gallus,
1944 1092 2042 1157 De
2083 1092 2193 1158 hoe
2226 1092 2436 1159 Cicero
2588 1149 2589 1152 ,

429 1183 495 1246 in
538 1183 799 1263 epistula
841 1184 929 1247 ad
959 1184 1054 1247 M.
1095 1184 1399 1247 Titinium
1443 1184 1529 1247 sic
1570 1183 1784 1262 refert:
1829 1181 2144 1265 Equidem
2193 1202 2435 1246 memo·
2490 1204 2515 1242 5
2588 1257 2589 1268 ἶ

427 1270 524 1334 ria
567 1273 756 1334 teneo
801 1272 1016 1355 pueris
1060 1272 1248 1335 nobis
1294 1271 1578 1355 primum
1610 1269 1840 1335 Latine
1882 1269 2106 1335 docere
2143 1272 2434 1355 coepisse
2588 1285 2589 1290 ’

425 1358 494 1421 L.
530 1357 818 1423 Plotium
857 1359 1190 1443 quendam.
1264 1358 1369 1422 Ad
1412 1381 1596 1443 quem
1646 1380 1791 1423 cum
1836 1358 2021 1423 fieret
2066 1380 2435 1443 concursus,

426 1446 596 1530 quod
660 1447 1167 1511 studiosissimus
1235 1447 1502 1531 quisque
1567 1446 1736 1530 apud
1800 1468 1941 1510 eum
2013 1452 2433 1531 exerceretur,

425 1536 722 1599 dolebam
787 1536 947 1599 mihi
1010 1536 1178 1599 idem
1240 1557 1373 1600 non
1435 1535 1644 1598 licere.
1753 1532 2145 1600 Continebar
2210 1540 2431 1600 autem
2588 1607 2589 1610 Ἴ

424 1623 941 1688 doctissimorum
984 1623 1320 1688 hominum
1367 1623 1769 1706 auctoritate,
1816 1623 1924 1707 qui
1966 1623 2431 1689 existimabant
2462 1647 2511 1685 10

424 1711 686 1777 Graecis
732 1712 1296 1777 exercitationibus
1346 1711 1434 1774 ali
1480 1711 1709 1775 melius
1754 1711 2015 1798 ingenia
2057 1733 2269 1796 posse.

665 2016 744 2076 H.
807 2016 919 2075 AD
968 2015 1435 2076 CORNELIUM
1478 2015 1863 2076 NEPOTEM
1907 2018 2058 2076 LIB.
2103 2019 2182 2077 Π.

559 2155 611 2217 l.
659 2153 930 2220 Maerob.
976 2151 1107 2219 Sat.
1152 2153 1242 2217 II
1278 2159 1335 2218 1.
1381 2159 1463 2217 14
1509 2153 1712 2220 Cicero
1761 2191 1838 2198 —
1887 2155 1958 2219 in
2003 2154 2156 2219 libro
2209 2155 2420 2236 epistu-

421 2243 627 2306 larum
680 2245 765 2307 ad
814 2242 1164 2308 Cornelium
1219 2243 1509 2324 Nepotem
1559 2243 1815 2307 secundo
1866 2244 1955 2307 sie
2006 2244 2130 2306 ait:
2195 2241 2425 2328 Itaque

419 2330 645 2416 nostri,
674 2353 818 2396 cum
847 2331 1078 2413 omnia,
1118 2352 1279 2415 quae
1308 2330 1706 2413 dixissemuS,
1743 2329 1959 2395 ‘dicta’
1989 2335 2220 2415 essent,
2262 2353 2426 2415 quae
2458 2351 2510 2389 15

418 2419 625 2484 facete
672 2423 738 2484 et
782 2419 1065 2483 breviter
1112 2422 1177 2482 et
1223 2423 1408 2483 acute
1454 2419 1653 2482 locuti
1699 2440 2001 2498 essemus,
2048 2441 2124 2484 ea
2158 2421 2426 2505 proprio

417 2508 676 2572 nomine
723 2507 1040 2592 appellari
1087 2506 1302 2570 ‘dieta’
1351 2507 1705 2571 voluerunt.

817 2664 912 2716 AD
951 2661 1261 2716 EUNDEM
1297 2661 1396 2714 EX
1431 2662 1644 2716 LIBRO
1682 2661 2016 2717 INCERTO.

550 2772 609 2853 2,
656 2772 714 2836 3.
768 2770 1132 2836 Priscianus
1188 2770 1373 2834 VIII
1409 2776 1468 2834 4.
1513 2777 1597 2835 17
1639 2793 1707 2853 p.
1751 2777 1897 2837 383.
1944 2778 1985 2837 1
2038 2773 2125 2835 Η.
2215 2772 2431 2839 Cicero

417 2861 503 2924 ad
544 2860 866 2941 Nepotem:
920 2857 1065 2923 Hoc
1108 2859 1441 2923 restiterat
1488 2859 1710 2943 etiam,
1765 2863 1839 2924 ut
1885 2882 1924 2924 a
1967 2864 2034 2925 te
2087 2860 2258 2925 fictis
2316 2863 2430 2926 ad·
2464 2881 2517 2920 20

420 2947 718 3034 grederer
772 2947 956 3012 donis
1013 2946 1426 3030 ‘adyrederer'
1472 2950 1716 3029 passive
1778 2950 1961 3027 dixit,
2026 2948 2433 3031 ἐνεδρευθῶ.

416 3038 502 3101 In
546 3038 778 3101 eodem:
824 3035 949 3111 Qui
991 3036 1207 3119 habet,
1252 3036 1427 3101 ultro
1475 3037 1817 3121 appetitur,
1865 3037 1975 3122 qui
2016 3040 2116 3101 est
2159 3059 2435 3123 pauper,

419 3128 824 3210 aspernatur,
858 3126 1127 3209 passive,
1173 3123 1640 3202 ἐξουθενεῖται.

547 3215 609 3277 4.
663 3211 989 3279 Suetonius
1050 3215 1170 3278 div.
1222 3213 1348 3277 Iul.
1403 3216 1483 3278 55
1537 3212 1740 3278 Cicero
1795 3249 1882 3259 —-
1935 3215 2022 3278 ael
2071 3213 2437 3279 Cornelium

416 3302 706 3382 Nepotem
749 3303 821 3367 de
865 3303 1064 3366 eodem
1107 3300 1429 3385 (Caesare)
1473 3303 1562 3366 ita
1616 3303 1890 3383 scripsit:
1946 3300 2155 3376 Quid?
2210 3307 2438 3368 orato-
2470 3320 2523 3360 25

416 3409 561 3451 rum
608 3410 795 3472 quem
841 3389 991 3454 huic
1038 3394 1390 3474 antepones
1438 3411 1676 3472 eorum,
1723 3390 1832 3474 qui
1867 3390 2029 3454 nihil
2070 3390 2245 3454 aliud
2283 3413 2439 3476 ege-

415 3476 609 3538 runt?
668 3476 811 3559 quis
868 3477 1203 3541 sententiis
1260 3481 1373 3542 aut
1429 3478 1676 3542 acutior
1730 3482 1843 3543 aut
1889 3479 2220 3543 crebrior?
2281 3481 2440 3564 quis

416 3561 629 3623 verbis
680 3567 792 3626 aut
840 3564 1128 3628 ornatior
1174 3569 1287 3629 aut
1327 3565 1728 3649 elegantior?
