2630 3913
804 196 939 252 LIB.
978 196 1047 251 11.
1124 195 1275 252 CAP.
1315 201 1471 251 3—6.
1544 203 1575 262 ξ
1614 203 1835 251 11-16,
2241 198 2321 261 61

317 360 687 513 ἶῗζᾱέἶῗὲθ
704 358 1067 512 ffiffl
1070 357 2325 531 ”35551212220131212323053333333222

319 536 441 612 Qui
489 535 762 620 denique
810 556 885 599 ex
931 534 1158 599 bestiis
1203 533 1453 598 fructus
1500 538 1614 599 aut
1668 556 1831 618 quae
1884 535 2327 618 commoditas,

314 624 444 690 nisi
488 623 786 689 homines
833 622 1233 705 adiuvarent,
1277 622 1523 707 percipi
1565 623 1832 707 posset?
1904 621 2078 687 Nam
2115 627 2180 687 et
2216 623 2326 707 qui

266 730 291 770 ⁵
318 712 639 798 principes
694 710 1060 776 inveniendi
1112 709 1420 793 fuerunt!
1461 732 1651 795 quem
1707 733 1782 774 ex
1838 732 2089 795 quaque
2134 711 2328 777 belua

318 823 506 867 usum
561 800 801 864 habere
856 819 1219 883 possemus,
1281 798 1576 863 homines
1633 803 1804 864 certe
1863 798 2148 883 fuerunt,
2210 821 2327 864 nec

318 891 441 955 hoc
486 891 780 973 tempore
826 887 964 951 sine
1009 886 1346 959 hominum
1384 908 1581 970 opera
1618 890 1730 952 aut
1766 909 2028 972 pascere
2067 909 2175 952 eas
2214 891 2327 952 aut

321 977 581 1043 domare
619 979 735 1040 aut
769 975 938 1039 tueri
976 979 1089 1040 aut
1124 975 1549 1060 tempestivos
1585 973 1834 1041 fructus
1872 997 1948 1039 ex
1985 975 2064 1039 iis
2102 997 2327 1060 capere

319 1084 682 1150 possemus3
741 1063 823 1128 ab
872 1063 1239 1146 eisdemque
1285 1066 1378 1151 3¹³st
1425 1083 1587 1146 quae
1633 1067 1905 1164 nocent,
1940 1064 2328 1129 interficiun-

242 1171 295 1210 ιο
320 1158 428 1217 tur
474 1157 565 1251 et,
603 1173 766 1237 quae
812 1151 958 1216 usui
1001 1157 1278 1236 possunt
1325 1171 1493 1235 esse,
1527 1151 1886 1235 capiuntur.
1968 1150 2134 1226 Quid
2181 1174 2327 1217 enu-
2368 1165 2430 1214 15

322 1262 564 1305 merem
609 1241 847 1304 artium
894 1238 1394 1323 multitudinem,
1440 1238 1576 1304 sine
1623 1238 1855 1322 quibus
1892 1239 2032 1304 vita
2067 1239 2328 1305 omnino

320 1329 506 1392 nulla
561 1349 697 1392 esse
749 1328 1114 1413 potuisset?
1204 1326 1330 1402 Qui
1385 1327 1555 1391 enim
1602 1327 1815 1412 aegris
1863 1327 2328 1411 subveniretur,

327 1437 489 1499 quae
536 1420 704 1480 esset
744 1415 1093 1481 oblectatio
1130 1415 1505 1499 valentium,
1553 1414 1662 1498 qui
1699 1415 1908 1480 victus
1948 1417 2060 1479 aut
2097 1415 2329 1498 cultuS,

326 1504 451 1568 nisi
514 1507 648 1568 tam
710 1505 955 1569 multae
1021 1502 1212 1568 nobis
1285 1506 1460 1567 artes
1533 1503 2022 1568 ministrarent?
2095 1503 2328 1587 quibus

249 1608 298 1648 1⁵
325 1593 513 1657 rebus
566 1593 823 1658 exculta
874 1591 1209 1656 hominum
1263 1591 1404 1656 vita
1465 1595 1724 1656 tantum
1787 1591 1989 1656 distat
2052 1614 2092 1656 a
2153 1592 2329 1657 victu

325 1685 390 1746 et
434 1681 613 1746 cultu
657 1680 1034 1745 bestiarum.
1116 1678 1328 1744 Urbes
1373 1701 1526 1744 vero
1575 1680 1713 1744 sine
1761 1680 2097 1745 hominum
2143 1683 2330 1744 coetu

320 1790 452 1834 non
495 1769 863 1853 potuissent
904 1790 1021 1833 nec
1068 1767 1394 1832 aedificari
1437 1789 1555 1832 nec
1600 1768 2024 1852 frequentari3
2079 1789 2154 1832 ex
2202 1790 2328 1851 quo

322 1859 498 1944 leges
545 1877 885 1941 moresque
930 1856 1295 1940 constituti,
1349 1859 1491 1921 tum
1536 1856 1695 1920 iuris
1744 1878 1950 1941 aequa
1995 1856 2329 1940 discriptio

322 1950 625 2030 certaque
676 1944 931 2010 vivendi
987 1944 1357 2029 disciplina3
1412 1966 1572 2030 quas
1628 1966 1731 2010 res
1786 1948 1851 2011 et
1905 1944 2328 2011 mansuetudo

242 2053 295 2092 πο
323 2035 687 2099 animorum
745 2037 1090 2099 consecuta
1152 2037 1218 2097 et
1280 2033 1665 2098 verecundia
1727 2037 1842 2120 est,
1891 2035 2343 2124 effectumque,

321 2127 397 2188 ut
442 2127 618 2188 esset
662 2122 800 2187 vita
844 2121 1183 2204 munitior,
1234 2124 1429 2205 atque
1474 2125 1549 2185 ut
1594 2121 1802 2186 dando
1851 2126 1916 2187 et
1962 2122 2329 2207 accipiendo

324 2210 819 2295 mutuandisque
870 2209 1296 2275 facultatibus
1351 2213 1420 2273 et
1481 2209 1963 2274 commodandis
2025 2211 2209 2276 nulla
2261 2232 2331 2274 re

326 2321 359 2363 e
411 2321 678 2364 eremus.

363 2320 408 2386 g
455 2386 814 2473 Longiores
848 2387 975 2451 hoc
1009 2386 1153 2452 loco
1193 2407 1451 2478 smnus„
1471 2407 1665 2469 quam
1701 2406 1959 2449 necesse
1997 2389 2112 2449 est.
2174 2384 2330 2461 Quis
2369 2355 2434 2479 ᾗ

242 2492 297 2534 8⁵
325 2480 426 2541 est
483 2475 696 2569 enims
735 2474 837 2540 cui
880 2496 1010 2539 non
1065 2473 1408 2559 perspicua
1452 2473 1584 2537 sint
1627 2472 1773 2556 illa,
1827 2494 1990 2557 quae
2035 2473 2332 2558 pluribus

324 2562 541 2629 verbis
597 2586 637 2628 a
687 2562 1000 2628 Panaetio
1065 2565 1713 2654 commemoranturyt
1740 2562 2062 2626 neminem
2125 2582 2332 2644 neque

326 2652 551 2717 ducem
595 2651 770 2716 bello
815 2671 935 2715 nec
979 2649 1337 2735 principem
1383 2649 1556 2713 domi
1600 2670 1871 2736 magnas
1918 2671 2020 2714 res
2064 2653 2130 2714 et
2165 2650 2332 2714 salu-

325 2745 499 2804 tares
556 2740 695 2803 sine
747 2738 1086 2804 hominum
1142 2738 1374 2802 studiis
1438 2759 1659 2824 gerere
1722 2738 2056 2822 potuisse?
2148 2736 2333 2804 Com-

328 2831 724 2893 memoratur
768 2827 851 2891 ab
898 2848 973 2891 eo
1019 2825 1504 2911 Themistocles,
1548 2826 1848 2911 Pericles,
1892 2824 2117 2910 Cyrus,
2163 2826 2332 2913 Age·

245 2931 299 2972 ³⁰
325 2916 544 3000 silaus,
582 2913 965 2997 Alexander,
1002 2935 1163 2998 quos
1189 2918 1391 2999 negat
1419 2914 1556 2978 sine
1585 2915 1969 2979 adiumentis
1996 2915 2332 2979 hominum

325 3008 545 3069 tantas
599 3024 703 3068 res
758 3002 1007 3067 efficere
1062 3002 1368 3086 potuisse.
1461 3001 1686 3067 Utitur
1735 3003 1803 3066 in
1847 3024 1917 3066 re
1961 3024 2092 3067 non
2139 3002 2333 3066 dubia

326 3092 605 3157 testibus
650 3112 784 3156 non
825 3089 1222 3155 necessariis.
1312 3090 1529 3174 Atque
1574 3094 1648 3155 ut
1692 3108 1964 3174 magnas
2013 3089 2331 3155 utilitates

328 3178 745 3264 adipiscimur
802 3178 1280 3263 conspiratione
1343 3178 1678 3243 hominum
1742 3182 1936 3260 atque
2000 3199 2333 3260 consensu,

327 3268 418 3333 sic
462 3268 646 3332 nulla
688 3271 828 3332 tam
874 3266 1276 3331 detestabilis
1314 3267 1517 3350 pestis
1558 3272 1689 3352 est„
1722 3288 1884 3349 quae
1919 3287 2050 3330 non
2086 3265 2333 3330 homini

246 3371 300 3413 ⁸⁵
327 3356 408 3421 ab
454 3356 716 3420 homine
760 3358 1079 3419 nascatur.
1151 3354 1273 3418 Est
1309 3354 1690 3419 Dicaearchi
1726 3354 1893 3418 liber
1940 3353 2016 3418 de
2061 3353 2331 3419 interitu

325 3444 692 3527 hominum,
735 3441 1149 3527 Peripatetici
1199 3443 1421 3528 magni
1467 3446 1532 3507 et
1578 3442 1840 3528 copiosi,
1887 3442 1997 3527 qui
2043 3442 2331 3508 collectis

327 3533 557 3597 ceteris
603 3530 813 3596 causis
861 3530 1195 3612 eluvioniS,
1239 3531 1674 3616 pestilentiae,
1719 3531 2072 3617 vastitatiS,
2115 3531 2330 3597 belua·
