2630 3913
825 219 1246 273 PHILOSOPH.
1284 219 1343 273 F.
1382 220 1432 271 V
1473 227 1695 275 11-32,
2136 222 2266 284 315

385 382 487 445 21.
527 381 776 446 Nonius
800 401 867 462 Ρ.
902 387 1037 446 297
1053 401 1138 462 sq.
1175 382 1271 445 M.
1304 382 1549 446 Tullius
1584 383 1655 445 in
1681 381 2048 446 Hortensio:
2087 404 2267 466 prae-

250 474 354 534 ter
401 473 649 533 ceteros
693 468 866 533 hunc
909 472 1138 532 nostra
1184 468 1417 532 extulit
1463 468 1711 534 civitas,

385 558 489 621 22.
546 557 711 622 Non.
757 578 824 638 Ρ.
879 562 1007 621 337
1023 578 1108 637 sq.
1163 558 1258 620 M.
1319 557 1564 621 Tullius
1616 593 1705 604 —
1768 559 1838 621 in
1899 557 2267 621 Hortensio:

251 645 422 709 hunc
468 642 802 727 Crassum,
859 644 970 727 qui
1017 643 1281 726 lentius,
1336 647 1412 707 ut
1466 644 1647 708 scitis
1658 695 1675 728 ,
1733 645 1940 709 dicere
1996 645 2268 725 solebat,

198 749 225 787 5
254 733 333 797 ad
378 732 813 796 imitationem
861 732 1046 814 quasi
1089 732 1301 795 nostri
1346 732 1602 815 generis
1650 733 2087 796 contendisse.

386 821 488 884 23.
535 821 698 884 Non.
742 841 809 901 Ρ.
855 823 996 884 521.
1042 825 1127 884 18
1170 825 1229 883 et
1268 824 1413 884 386.
1458 826 1499 884 9
1543 820 1640 883 M
1691 821 1936 885 Tullius
1988 822 2059 883 in
2103 820 2269 884 Hor-

254 910 477 972 tensio:
522 905 616 971 Ut
661 907 726 988 ii,
774 907 885 990 qui
930 907 1191 972 conbibi
1236 928 1592 991 purpuram
1638 907 1894 990 volunt,
1940 907 2269 972 sufficiunt

252 995 433 1080 prius
479 995 699 1060 lanam
736 995 1224 1059 medicamentis
1269 995 1672 1078 quibusdam,
1719 996 1811 1059 sic
1851 996 2089 1059 litteris
2128 997 2269 1059 tali·

252 1083 501 1166 busque
549 1082 858 1147 doctrinis
906 1086 1056 1146 ante
1104 1083 1309 1147 excoli
1356 1083 1605 1147 animos
1654 1087 1719 1146 et
1765 1084 1845 1146 ad
1884 1083 2267 1166 sapientiam

173 1187 226 1226 1⁰
256 1170 739 1255 concipiendam
783 1171 967 1235 inbui
1014 1175 1080 1234 et
1124 1171 1500 1255 praeparari
1546 1171 1744 1235 decet.

386 1260 490 1321 24.
551 1259 714 1321 Non.
756 1279 824 1339 Ρ.
877 1260 1021 1322 395.
1074 1263 1184 1341 14,
1239 1263 1381 1322 401.
1435 1263 1503 1336 8,
1557 1258 1739 1323 schol.
1795 1258 1967 1340 Very.
2021 1259 2101 1323 G.
2146 1259 2195 1322 I
2232 1266 2270 1322 1

252 1366 408 1410 vaus.
445 1345 640 1409 Rhen.
676 1344 857 1409 XVI
884 1350 1014 1410 443
1049 1346 1145 1409 M.
1186 1346 1431 1410 Tullius
1465 1347 1537 1409 in
1571 1345 1935 1410 Hortensio:
1979 1349 2054 1409 ut
2100 1347 2272 1410 enim

253 1437 509 1518 segetes
559 1432 881 1518 agricolae
928 1434 1239 1519 subigunt
1287 1433 1523 1497 aratris
1572 1434 1779 1498 multo
1837 1437 2016 1517 ante,
2078 1456 2271 1517 quam

260 1525 498 1585 serant.

177 1627 227 1665 1⁵
391 1609 493 1673 25.
549 1609 710 1672 Non.
755 1630 821 1690 Ρ.
867 1612 1007 1673 315.
1051 1614 1161 1690 27,
1214 1615 1361 1674 241.
1406 1614 1509 1686 12,
1563 1615 1708 1674 343.
1751 1615 1833 1675 10
1883 1611 1978 1674 M.
2029 1611 2274 1674 Tullius

254 1700 325 1761 in
377 1698 743 1761 Hortensio:
809 1694 975 1771 Quid
1040 1697 1210 1761 enim
1275 1700 1389 1761 aut
1447 1695 1781 1761 Herodoto
1848 1698 2094 1762 dulcius
2160 1701 2274 1761 aut

255 1784 625 1870 Thucydide
656 1785 920 1869 gravius
950 1787 1065 1849 aut
1092 1785 1371 1849 Philisto
1410 1784 1670 1849 brevius
1710 1788 1824 1848 aut
1852 1784 2271 1871 Theopompo

258 1873 469 1938 acrius
519 1875 633 1937 aut
676 1872 944 1958 Ephoro
991 1873 1215 1937 mitius
1260 1872 1539 1937 inveniri
1582 1872 1850 1958 potest‘?

388 1964 492 2028 26.
539 1962 703 2027 Non.
737 1983 805 2042 Ρ.
840 1964 988 2028 275.
1022 1967 1105 2027 31
1140 1962 1237 2026 M.
1278 1962 1522 2026 Tullius
1565 1964 1636 2025 in
1670 1962 2039 2027 Hortensio:
2087 1963 2273 2027 Unde

176 2066 230 2105 20
259 2053 475 2114 autem
511 2048 768 2113 facilius
808 2070 1003 2133 quam
1042 2070 1118 2114 ex
1148 2049 1479 2113 annalium
1519 2051 1953 2115 monumentis
1994 2058 2107 2115 aut
2144 2053 2274 2116 bel-

258 2138 422 2203 licae
476 2157 578 2201 res
636 2139 748 2201 aut
802 2137 1009 2201 omnis
1066 2138 1159 2201 rei
1215 2139 1365 2221 pub.
1424 2137 1763 2222 disciplina
1818 2140 2274 2224 cognoscitur?

395 2226 495 2288 27.
543 2224 706 2288 Non.
741 2245 809 2304 Ρ.
850 2227 988 2289 315.
1021 2230 1108 2291 21
1143 2226 1240 2290 M
1281 2226 1526 2291 Tullius
1570 2228 1640 2290 in
1675 2226 2042 2291 Hortensio:
2087 2226 2275 2292 Unde

262 2316 375 2377 aut
413 2312 495 2376 ad
534 2312 855 2396 agendum
894 2316 1007 2376 aut
1044 2313 1124 2376 ad
1164 2313 1501 2377 dicendum
1535 2314 1721 2398 copia
1750 2314 2042 2398 depromi
2070 2316 2276 2379 maior

262 2400 797 2486 gravissimorum
836 2401 1274 2485 exemplorum
1314 2401 1502 2484 quasi
1534 2402 2059 2486 incorruptorum
2096 2404 2274 2466 testi-

178 2505 231 2545 25
261 2489 627 2553 moniorum
672 2489 934 2572 potest?

394 2578 496 2641 28.
545 2577 707 2640 Non.
742 2597 809 2658 Ρ.
846 2582 944 2641 30.
982 2582 1069 2641 26
1104 2577 1199 2641 M.
1241 2578 1487 2642 Tullius
1531 2579 1602 2642 in
1637 2577 2004 2642 Hortensio:
2049 2577 2274 2663 Perge,

263 2686 528 2816 quassseo’
558 2685 704 2817 iffi
737 2663 1282 2833 essimmiffpigitgo
1299 2686 1874 2833 Θῖῗᾱῗῃέἷεραῑειι
1882 2754 1921 2838 )
1974 2754 2064 2819 M
2131 2754 2252 2819 Tul

263 2842 384 2906 lius
436 2843 506 2905 in
560 2841 926 2905 Hortensio:
982 2862 1222 2924 magna
1277 2841 1477 2904 etiam
1535 2840 1733 2905 animi
1788 2842 2115 2906 contentio
2174 2842 2277 2905 ad·

179 2946 235 2986 ³0
261 2929 544 2993 hibenda
590 2932 690 2992 est
735 2930 804 2991 in
851 2927 1229 3012 explicando
1278 2927 1668 3012 Aristotele,
1715 2929 1771 2993 si
1817 2929 2013 3013 leges.

397 3018 498 3081 30.
547 3017 709 3080 Non.
744 3037 812 3098 Ρ.
859 3022 957 3081 81.
1003 3020 1095 3081 28
1136 3016 1232 3080 M.
1272 3017 1519 3081 Tullius
1561 3019 1633 3081 in
1667 3016 2035 3081 Hortensio:
2083 3039 2149 3081 se
2198 3018 2276 3080 ad

264 3109 620 3170 extremum
649 3104 995 3189 pollicetur
1022 3104 1450 3189 prolaturum,
1477 3104 1524 3186 †
1555 3126 1718 3187 quae
1747 3127 1816 3169 se
1843 3104 1988 3188 ipsa
2017 3110 2278 3189 comest,

265 3194 438 3277 quod
484 3193 683 3257 efficit
730 3192 1214 3258 dialecticorum
1259 3194 1448 3257 ratio.

398 3282 501 3346 31.
548 3281 712 3346 Non.
745 3301 813 3362 Ρ.
856 3286 1003 3346 383.
1048 3285 1134 3347 21
1180 3286 1237 3345 et
1277 3285 1425 3346 329.
1471 3285 1509 3345 5
1554 3282 1650 3345 M.
1700 3281 1946 3346 Tullius
1998 3283 2067 3344 in
2112 3283 2279 3345 Hor-

179 3385 233 3427 85
264 3371 488 3434 tensio:
536 3367 787 3444 Quaero
837 3369 1024 3450 enim,
1069 3390 1202 3432 non
1249 3368 1483 3452 quibus
1529 3368 1861 3432 intendam
1908 3369 2100 3432 rebus
2148 3370 2280 3433 ani-

263 3479 468 3539 mum,
516 3457 627 3521 sed
675 3457 909 3540 quibus
955 3458 1241 3521 relaxem
1288 3480 1363 3521 ac
1408 3456 1757 3520 remittam.

399 3546 504 3609 32.
558 3546 839 3610 Lactant.
897 3546 1034 3610 inst.
1089 3546 1207 3609 div.
1263 3544 1397 3608 III
1441 3549 1539 3608 16.
1593 3548 1680 3608 12
1734 3544 2060 3608 Praeterea
2123 3547 2285 3611 illud
