2630 3913
260 861 343 923 10

256 939 321 987 31

259 1701 326 1749 32

264 3025 329 3073 33

362 201 489 261 142
837 196 1023 252 CATO
1061 195 1296 251 MAIOR
1333 195 1432 249 DE
1470 194 1896 249 SENECTUTE

359 358 622 425 memini
668 382 846 445 puer,
894 357 1006 442 qui
1050 379 1196 423 cum
1244 356 1665 441 quadriennio
1710 360 1863 441 post
1909 357 2186 421 alterum
2227 379 2374 423 con-

362 449 647 513 sulatum
678 446 970 533 pontifex
1008 446 1328 510 maximus
1364 444 1574 509 factus
1613 448 1800 528 esset,
1837 444 2072 530 viginti
2110 449 2176 510 et
2213 445 2374 511 duos

363 558 565 602 annos
623 536 682 600 ei
737 534 1096 600 sacerdotio
1152 531 1460 617 praefuit,
1524 533 1618 597 ita
1681 532 1869 597 bonis
1931 554 2070 597 esse
2125 532 2373 599 viribus

361 628 645 690 extremo
693 627 986 707 tempore
1033 623 1286 705 aetatiS,
1331 625 1406 686 ut
1452 621 1996 686 adulescentiam
2000 644 2132 686 non
2166 623 2376 707 requi-

360 717 548 778 reret.
656 710 842 776 Nihil
906 731 1164 774 necesse
1229 713 1331 775 est
1394 709 1554 773 mihi
1617 708 1694 773 de
1758 731 1861 774 me
1928 710 2072 794 ipso
2148 710 2375 795 dicere,
2430 728 2458 769 ε

363 822 754 885 quamquam
821 803 922 863 est
984 798 1050 862 id
1114 798 1371 882 quidem
1436 797 1637 861 senile
1712 797 2039 882 aetatique
2111 802 2376 865 nostrae

362 888 747 954 conceditur.
837 885 1202 970 Videtisne,
1260 890 1335 951 ut
1381 886 1551 971 apud
1594 884 1953 952 Homerum
1998 887 2377 972 saepissime

362 976 604 1041 Nestor
668 976 781 1040 de·
808 975 1160 1040 virtutibus
1225 974 1358 1038 suis
1422 973 1790 1058 praedicet?
1893 974 2181 1039 Tertiam
2243 977 2377 1040 iam

361 1066 533 1130 enim
588 1067 868 1129 aetatem
923 1059 1285 1128 hominum
1315 1062 1605 1147 videbat,
1667 1084 1785 1127 nec
1850 1067 1992 1128 erat
2045 1063 2104 1127 ei
2157 1086 2375 1129 veren-

363 1154 541 1235 dum,
598 1174 679 1217 ne
735 1174 889 1217 vera
940 1151 1319 1235 praedicans
1376 1151 1452 1215 de
1508 1172 1576 1215 se
1629 1150 1823 1214 nimis
1878 1151 2204 1216 videretur
2261 1158 2377 1217 aut
2407 1173 2457 1211 10

360 1243 647 1306 insolens
677 1245 791 1305 aut
818 1241 1074 1323 loquax.
1136 1238 1418 1321 Etenim,
1445 1243 1519 1303 ut
1556 1239 1649 1303 ait
1675 1238 2017 1324 HomeruS,
2059 1239 2175 1304 ‘ex
2214 1241 2377 1306 eius

363 1332 633 1416 lingua
688 1329 918 1393 melle
975 1327 1277 1392 dulcior
1329 1327 1635 1392 fluebat
1690 1327 1995 1412 oratio',
2054 1351 2249 1412 quam
2296 1330 2378 1393 ad

364 1419 756 1483 suavitatem
800 1416 1000 1481 nullis
1047 1416 1282 1501 egebat
1329 1416 1616 1500 corporis
1662 1416 1926 1480 viribus.
2014 1416 2105 1480 Et
2158 1422 2379 1482 tamen

365 1508 491 1571 dux
546 1507 657 1571 ille
714 1503 1022 1570 Graeciae
1075 1526 1396 1587 nusquam
1453 1508 1665 1588 optat,
1728 1508 1801 1568 ut
1854 1504 2073 1569 Aiacis
2130 1505 2377 1570 similes

365 1595 604 1660 habeat
652 1594 886 1677 decem,
933 1592 1044 1657 sed
1089 1596 1165 1656 ut
1199 1591 1263 1656 N
1267 1591 1527 1675 estoris;
1573 1592 1745 1676 quod
1781 1592 1838 1657 si
1885 1593 2009 1657 sibi
2055 1593 2377 1678 acciderit,
2405 1613 2457 1653 1⁵

364 1705 497 1748 non
542 1682 816 1764 dubitat,
863 1681 1019 1764 quin
1062 1680 1246 1745 brevi
1292 1680 1379 1744 sit
1416 1679 1612 1745 Troia
1645 1680 1953 1765 peritura.
2025 1679 2150 1746 Sed
2186 1682 2376 1747 redeo

367 1772 448 1837 ad
493 1793 614 1835 me.
687 1768 1002 1844 Quartum
1050 1789 1172 1853 ago
1221 1790 1462 1833 annum
1499 1773 1565 1833 et
1602 1770 2095 1854 octogesimum3
2140 1771 2377 1835 vellem

366 1859 662 1943 equidem
696 1857 868 1921 idem
904 1878 1164 1941 possem
1203 1857 1491 1942 gloriari,
1529 1857 1700 1940 quod
1737 1857 1961 1942 Cyrus,
2007 1858 2120 1922 sed
2156 1862 2377 1924 tamen

364 1948 488 2013 hoc
535 1969 697 2030 queo
746 1945 972 2029 dicere,
1016 1967 1148 2011 non
1193 1968 1296 2010 me
1344 1945 1600 2030 quidem
1635 1945 1717 2010 iis
1756 1969 1896 2011 esse
1932 1946 2197 2032 viribus,
2243 1948 2377 2032 qui-

364 2037 486 2100 bus
535 2039 649 2100 aut
693 2035 879 2099 miles
926 2035 1100 2098 bello
1140 2033 1380 2099 Punico
1424 2039 1538 2099 aut
1583 2039 1889 2119 quaestor
1934 2036 2156 2101 eodem
2200 2037 2375 2102 bello
2405 2056 2457 2095 κο

369 2129 483 2189 aut
527 2124 751 2188 consul
797 2123 866 2187 in
910 2121 1231 2207 Hispania
1278 2121 1512 2187 fuerim
1569 2128 1682 2187 aut
1736 2124 2153 2207 quadriennio
2208 2130 2378 2210 post,

367 2235 513 2278 cum
568 2212 866 2277 tribunus
922 2211 1226 2275 militaris
1273 2211 1638 2297 depugnavi
1693 2212 1864 2297 apud
1907 2213 2377 2298 Thermopylas

365 2301 470 2366 M'.
500 2299 853 2366 Glabrione
899 2301 1179 2383 consule,
1226 2300 1340 2364 sed
1385 2303 1621 2384 tamen,
1667 2304 1741 2363 ut
1785 2322 1901 2365 vos
1948 2300 2202 2385 videtis,
2246 2324 2378 2366 non

366 2391 557 2476 plane
605 2411 707 2453 me
755 2390 1114 2472 enervavit,
1168 2410 1300 2452 non
1346 2387 1595 2452 adflixit
1641 2392 1962 2471 senectus,
2014 2411 2146 2454 non
2200 2391 2379 2455 curia

366 2479 536 2544 vires
576 2499 751 2543 meas
791 2477 1129 2559 desiderat,
1164 2497 1295 2541 non
1331 2479 1564 2560 rostra,
1600 2498 1733 2541 non
1769 2477 1975 2560 amici,
2019 2499 2153 2542 non
2188 2477 2378 2543 clien-
2405 2498 2460 2537 25

366 2572 464 2632 tes
475 2618 493 2651 ,
546 2588 679 2630 non
723 2565 1032 2649 hospites
1122 2563 1259 2630 Nec
1305 2563 1477 2627 enim
1522 2586 1830 2648 umquam
1876 2587 2020 2630 sum
2066 2566 2377 2631 adsensus

365 2655 571 2720 veteri
606 2654 708 2717 illi
745 2653 1135 2736 laudatoque
1173 2651 1536 2736 proverbiO,
1584 2652 1755 2735 quod
1791 2657 2011 2718 monet
2049 2653 2377 2719 mature

366 2742 549 2806 fieri
595 2762 876 2823 senem,
936 2741 1001 2803 si
1047 2739 1171 2803 diu
1216 2739 1415 2803 velis
1462 2761 1691 2804 senex
1735 2740 1941 2806 esse.'
2030 2741 2176 2828 Ego
2222 2765 2377 2808 vero

367 2852 469 2895 me
524 2829 736 2893 minus
792 2827 900 2891 diu
947 2849 1163 2892 senem
1210 2849 1350 2891 esse
1395 2829 1658 2893 mallem
1717 2852 1911 2913 quam
1957 2851 2096 2894 esse
2142 2853 2379 2916 senem,

369 2923 519 2984 ante
566 2939 760 3018 quam
807 2938 1030 2980 essem.
1117 2915 1347 3000 Itaque
1393 2939 1581 2982 nemo
1628 2917 1835 2982 adhuc
1890 2920 2229 2983 convenire
2274 2942 2377 2985 me
2406 2938 2461 2979 so

369 3006 596 3088 voluit,
642 3005 746 3071 cui
788 3004 1022 3070 fuerim
1067 3008 1435 3089 occupatus.
1507 3006 1601 3069 At
1646 3006 1859 3071 minus
1894 3006 2105 3071 habeo
2142 3007 2380 3072 virium

368 3118 561 3179 quam
608 3097 896 3159 vestrum
941 3092 1202 3157 utervis.
1282 3091 1384 3158 Ne
1430 3115 1546 3158 vos
1590 3092 1847 3178 quidem
1885 3093 1956 3159 T.
1995 3094 2191 3160 Ponti
2236 3118 2379 3160 cen-

367 3182 645 3248 turionis
690 3182 860 3247 vires
905 3181 1194 3264 habeti-2⁸3
1244 3203 1403 3246 num
1455 3181 1690 3247 idcirco
1748 3187 1846 3247 est
1890 3183 2004 3247 ille
2049 3188 2381 3267 praestan-

367 3272 540 3336 tior?
594 3269 955 3335 Moderatio
1000 3268 1192 3335 modo
1230 3269 1467 3334 virium
1513 3269 1704 3354 adsit,
1750 3275 1817 3335 et
1861 3276 2136 3356 tantum,
2183 3295 2384 3356 quan-

369 3364 510 3425 tum
536 3362 756 3444 potest
784 3358 1071 3442 quisque,
1098 3358 1374 3441 nitatur3
1400 3380 1481 3422 ne
1508 3357 1616 3422 ille
1643 3380 1776 3424 non
1803 3380 2042 3461 magno
2065 3360 2380 3427 desiderio
2411 3381 2465 3421 35

371 3447 696 3511 tenebitur
724 3445 976 3511 virium.
1042 3445 1382 3531 Olympiae
1409 3468 1526 3530 per
1553 3447 1834 3512 stadium
1870 3449 2203 3534 ingressus
2242 3471 2384 3515 esse

369 3533 530 3597 Milo
579 3534 837 3613 dicitur,
884 3556 1027 3599 cum
1072 3532 1358 3599 humeris
1408 3535 1756 3600 sustineret
1800 3537 2048 3602 bovem.
2140 3535 2384 3603 Utrum
