2630 3913
378 215 508 279 294
1159 209 1608 266 FRAGMENTA

885 388 983 443 AD
1024 387 1331 442 EUNDEM
1368 386 1587 440 EPIST.
1626 384 1757 440 LIB.
1796 386 1850 440 11

509 501 566 568 7.
613 501 777 566 Non.
815 520 880 580 p.
924 502 1026 562 32.
1072 503 1153 562 16
1199 494 1631 561 ‘Monumenti’
1675 498 2112 578 proprietatem
2163 517 2206 559 a
2256 517 2385 561 mo·

374 591 569 656 nendo
634 590 728 654 M.
795 587 1038 650 Tullius
1098 587 1556 667 exprimendam
1606 587 1855 666 putavit
1914 586 1999 649 ad
2061 583 2385 650 Caesarem

375 679 634 777 epistula
690 676 788 740 lib.
835 675 950 738 II:
1006 671 1128 738 Sed
1176 695 1325 759 ego,
1381 694 1542 756 quae
1596 672 1996 737 monumenti
2054 673 2221 738 ratio
2277 674 2385 757 sit,

377 766 631 831 nomine
678 764 820 847 ipso
869 762 1243 827 admoneor:
1292 762 1373 825 ad
1419 761 1796 825 memoriam
1844 760 2052 844 magis
2090 766 2385 846 spectare
2448 782 2475 820 5

377 855 565 919 debet
594 851 997 937 posteritatis
1024 873 1214 934 quam
1246 850 1327 914 ad
1356 848 1713 934 praesentis
1742 849 2053 933 temporis
2083 850 2386 932 gratiam.

509 944 566 1007 8.
597 941 760 1006 Non.
789 962 852 1022 p.
879 945 1020 1005 340.
1052 943 1129 1004 15
1158 938 1478 1003 Locancli’
1515 938 1881 1020 siqnificatio
1917 938 2245 1018 manifesta
2279 945 2386 1016 est,

378 1037 446 1094 ut
487 1034 599 1094 aut
642 1032 837 1111 operis
884 1029 1124 1093 locandi
1168 1033 1279 1091 aut
1319 1028 1522 1107 fundi.
1595 1027 1687 1091 M.
1720 1026 1963 1090 Tullius
2007 1027 2266 1107 epistula
2301 1029 2391 1092 ad

377 1120 696 1185 Caesarem
743 1117 838 1182 lib.
886 1117 1001 1181 II:
1047 1116 1146 1179 vel
1199 1115 1367 1199 quod
1416 1116 1651 1178 locatio
1697 1114 1840 1198 ipsa
1886 1115 2187 1199 pretiosa.

875 1271 974 1325 AD
1013 1270 1321 1324 EUNDEM
1358 1270 1576 1324 EPIST.
1615 1268 1749 1323 LIB.
1788 1271 1878 1323 III.
2419 1286 2473 1322 ιο

511 1385 571 1448 9.
608 1384 770 1449 Non.
801 1404 863 1463 p.
899 1386 1046 1446 286.
1082 1385 1169 1445 12
1201 1380 1297 1445 M.
1335 1381 1578 1444 Tullius
1611 1381 1697 1444 acl
1730 1379 2051 1444 Caesarem
2088 1380 2187 1443 lib.
2224 1381 2362 1445 ΙΙΙ
2366 1403 2389 1444 .·

378 1474 424 1556 †
470 1494 631 1557 quae
679 1471 733 1535 si
780 1470 1027 1534 videres
1069 1490 1199 1533 non
1236 1468 1311 1532 de
1352 1468 1631 1532 exercitu
1669 1467 2001 1531 retinendo
2040 1468 2226 1552 tueri,
2272 1470 2391 1533 sed

381 1584 455 1627 eo
504 1561 742 1625 tradito
791 1562 901 1623 aut
949 1557 1230 1621 dimissa

516 1650 613 1713 10.
653 1648 813 1712 Non.
849 1667 917 1727 p.
958 1650 1099 1709 436.
1136 1648 1221 1709 25
1259 1645 1353 1709 M.
1395 1645 1639 1708 Tullius
1682 1680 1756 1689 —
1806 1646 1892 1708 ad
1926 1643 2246 1709 Caesarem
2285 1646 2387 1710 lib.

379 1739 535 1801 III:
582 1735 794 1799 Amici
837 1755 967 1798 non
1012 1732 1177 1796 nulli
1220 1754 1261 1796 a
1309 1737 1373 1796 te
1411 1732 1734 1796 contemni
1772 1754 1845 1797 ac
1885 1732 2122 1817 despici
2162 1736 2228 1797 et
2264 1756 2386 1819 pro
2419 1751 2469 1790 15

382 1826 586 1888 nihilo
634 1822 859 1886 haberi
907 1825 1200 1885 senatum
1248 1821 1493 1884 volunt.

776 1977 872 2032 AD
912 1976 1218 2031 EUNDEM
1256 1976 1354 2030 EX
1389 1975 1606 2031 LIBRO
1646 1976 1974 2031 INOERTO.

516 2091 615 2153 11.
679 2089 924 2153 Nonius
974 2108 1043 2170 p.
1096 2090 1243 2152 270.
1295 2091 1384 2151 20
1438 2087 1531 2151 Μ.
1590 2087 1832 2151 Tullius
1892 2087 1977 2151 ad
2029 2085 2378 2152 Caesarem:

380 2175 686 2243 Extrema
733 2198 883 2241 vero
929 2197 1045 2240 nec
1093 2180 1335 2258 quanta
1380 2196 1495 2239 nec
1533 2174 1752 2258 qualia
1790 2175 1937 2257 sint,
1984 2176 2197 2239 verbis
2239 2197 2381 2239 con·

382 2266 564 2351 sequi
609 2287 890 2350 possum.
2413 2282 2466 2320 20

517 2357 614 2419 12.
680 2354 842 2419 Non.
893 2374 961 2435 p.
1023 2358 1164 2418 336.
1219 2356 1311 2417 22
1373 2353 1467 2416 M.
1536 2353 1777 2417 Tullius
1838 2352 2241 2433 epistularum
2302 2354 2391 2417 ad

380 2445 730 2509 Caesarem:
777 2441 917 2506 Iam
955 2439 1443 2526 amplitudinem
1484 2440 1887 2525 gloriamque
1924 2445 2104 2504 tuam
2144 2462 2385 2526 magno

381 2533 540 2596 mihi
561 2534 938 2597 ornamento
961 2551 1100 2593 esse
1121 2532 1184 2591 et
1204 2528 1342 2592 fore
1364 2528 1680 2611 existimo,
1711 2529 1878 2612 quod
1902 2551 2000 2592 me
2021 2530 2195 2593 levat
2215 2551 2387 2593 cura.

656 2850 760 2910 lv.
824 2849 1381 2911 FRAGMENTUM
1428 2848 1673 2908 EPIST.
1723 2848 2101 2909 CAESARIS

1061 2957 1170 3015 AD
1194 2953 1696 3014 CICERONEM.
2420 2968 2476 3008 25

513 3095 838 3162 Charisius
891 3093 941 3158 I
975 3115 1040 3174 p.
1095 3097 1237 3157 126.
1293 3099 1333 3157 9
1388 3092 1472 3156 Κ.
1538 3092 1787 3156 Verrius
1839 3090 2127 3174 Flaccus,
2186 3092 2398 3174 inquit

382 3185 659 3263 Plinius,
704 3204 911 3249 eorum
953 3184 1297 3262 nominum,
1343 3202 1497 3262 quae
1540 3204 1614 3245 Ns
1655 3181 1960 3261 finiuntur
2003 3201 2149 3245 casu
2192 3183 2395 3245 nomi—

381 3275 614 3349 nativ0,
675 3272 979 3337 ablativus
1040 3272 1109 3334 in
1166 3295 1207 3334 E
1264 3270 1618 3351 cliriyenclus
1679 3274 1780 3333 est.
1878 3268 2100 3350 Itaque
2161 3267 2398 3332 Caesar

383 3361 782 3439 epistularum
827 3361 912 3423 acl
955 3358 1331 3424 Ciceronem:
1381 3378 1604 3440 neque,
1650 3357 1867 3438 inquit,
1912 3378 2029 3441 pro
2078 3361 2265 3421 cauto
2315 3379 2397 3423 ac

386 3446 692 3529 diligente
741 3468 807 3511 se
853 3447 1084 3511 castris
1132 3446 1467 3510 continuit.
2427 3461 2486 3500 ³⁰
