2630 3913
782 226 1226 282 ORATIONUM.
1268 225 1327 280 Ο.
1366 226 1573 281 v—D.
1612 227 1704 280 IV.
2114 226 2239 290 291

489 457 568 523 D.
631 456 750 522 Ex
795 427 1457 522 COMMENTARIIS
1504 455 1996 525 CAUSARUM.

383 599 452 663 V.
504 599 771 664 Ellendt.
829 599 1014 664 Brut.
1061 620 1123 680 Ρ.
1179 598 1412 681 XCII,
1464 597 1783 681 Spaldiny.
1840 600 2094 680 Quintil.
2138 601 2246 666 IV

241 694 296 753 1.
343 693 425 753 69
458 707 525 768 Ρ.
571 689 673 765 52,
720 687 942 752 Ascon.
980 708 1043 768 Ρ.
1084 691 1185 752 78.
1221 689 1260 750 5
1306 686 1390 749 K.
1434 692 1492 751 et
1530 686 1698 751 Schs
1742 707 1880 752 cum
1922 690 2050 753 sint
2090 708 2241 753 com·

241 777 531 840 mentarii
574 796 787 839 earum
830 776 1014 839 etiam
1058 776 1478 854 defensionum
1524 826 1538 839 .
1586 825 1598 838 .
1647 825 1661 838 .

188 885 214 926 ⁵
372 862 423 928 Ι.
466 862 613 927 Pno
660 860 954 928 Somno.
1029 863 1234 943 Quint.
1279 863 1397 927 IV
1429 869 1486 926 1.
1533 868 1614 927 69
1658 864 1755 927 Ac
1796 884 1873 927 ne
1916 866 2052 944 quis
2099 886 2243 946 apo-

240 952 522 1033 strophen
566 954 849 1029 miretur,
903 953 1062 1016 idem
1107 950 1310 1015 Cicero
1360 972 1474 1032 pro
1519 950 1753 1016 Scauro
1807 953 2075 1017 ambitus
2127 975 2243 1034 reo,

240 1062 395 1122 quae
420 1059 608 1104 causa
634 1045 721 1105 est
753 1040 821 1103 in
855 1040 1302 1104 commentariis
1329 1041 1506 1121 (nam
1535 1039 1626 1103 bis
1651 1040 1904 1104 eundem
1934 1042 2244 1123 defendit),

236 1129 666 1211 prosopopoeia
711 1128 1004 1208 loquentis
1039 1148 1157 1209 Ρνο
1201 1147 1302 1191 reo
1346 1129 1559 1192 «utitur.

376 1215 457 1279 II.
516 1214 661 1280 PRO
718 1214 1035 1280 GAmmo.
1126 1214 1332 1296 Quint.
1386 1214 1503 1278 XI
1549 1221 1601 1279 1.
1664 1220 1747 1279 73
1800 1215 1988 1280 Dixit
2042 1216 2244 1283 Cicero

163 1325 217 1365 ιο
237 1324 353 1386 pro
392 1304 659 1369 Gabinio
699 1309 756 1368 et
789 1304 861 1367 P.
901 1303 1164 1385 Vatini0,
1212 1303 1651 1368 inimicissimis
1686 1308 1868 1368 antea
1902 1305 2021 1369 sibi
2054 1306 2242 1370 homi·

243 1393 424 1458 nibus
466 1396 522 1456 et
563 1393 633 1456 in
675 1412 823 1474 quos
866 1393 1167 1456 orationes
1210 1393 1394 1455 etiam
1446 1394 1796 1475 scripserat,
1849 1413 2055 1457 verum
2099 1393 2146 1476 †
2190 1400 2247 1458 et

245 1483 411 1546 iusta
452 1482 537 1546 sit
574 1481 875 1560 faciendi:
921 1502 1050 1545 non
1097 1501 1163 1544 se
1213 1479 1288 1544 de
1334 1479 1579 1564 ingenii
1620 1479 1814 1560 fama,
1861 1482 1971 1545 sed
2010 1482 2085 1546 de
2122 1483 2243 1546 fide

245 1591 387 1633 esse
434 1568 802 1634 sollicitum.
854 1605 930 1615 -
979 1568 1339 1647 Hieronym.
1385 1569 1541 1648 apol.
1587 1571 1721 1633 adv.
1763 1570 1974 1650 Rufin.
2019 1570 2068 1633 I
2096 1575 2134 1634 1
2175 1572 2244 1635 T.

244 1658 336 1721 II
359 1679 426 1739 Ρ.
471 1659 597 1721 459
623 1657 689 1721 A
736 1657 999 1721 Vallars.
1083 1656 1253 1722 Unde
1295 1662 1353 1721 et
1400 1657 1642 1721 Tullius
1684 1658 1754 1721 in
1798 1662 2246 1724 commentariis

164 1767 214 1808 15
241 1766 573 1811 causarum
607 1766 726 1827 Ρνο
773 1745 1074 1811 Gabinio:
1120 1745 1283 1830 Ego,
1330 1745 1545 1825 inquit,
1592 1767 1735 1809 eum
1774 1768 1993 1810 omnes
2033 1747 2245 1812 amici-

241 1835 368 1899 tias
423 1834 696 1900 tuendas
751 1855 1002 1919 semper
1056 1832 1280 1917 putavi
1337 1854 1587 1897 summa
1636 1833 1947 1919 religione
1995 1840 2059 1899 et
2105 1836 2244 1919 fide,

241 1928 381 1988 tum
428 1944 538 1988 eas
586 1922 878 2006 maxime,
925 1944 1088 2006 quae
1135 1924 1352 1986 essent
1397 1943 1474 1986 ex
1513 1921 1871 1987 inimicitiis
1909 1930 2245 1990 revocatae

242 2013 309 2076 in
357 2012 658 2097 gratiam,
701 2015 1045 2095 propterea
1090 2011 1260 2094 quod
1306 2010 1578 2095 integris
1625 2011 1925 2075 amicitiis
1964 2013 2246 2079 officium

244 2099 770 2185 praetermissum
817 2099 1281 2182 imprudentiae
1322 2099 1448 2181 vel,
1503 2103 1576 2162 ut
1630 2100 1892 2184 gravius
1938 2100 2245 2186 interpre-

161 2208 218 2247 ιο
244 2193 483 2268 temur,
531 2186 961 2270 negligentiae
1008 2187 1412 2251 excusatione
1460 2186 1845 2270 defenditur,
1889 2193 2042 2272 post
2088 2191 2246 2254 redi-

246 2279 387 2338 tum
427 2278 644 2337 autem
679 2273 747 2337 in
785 2274 1065 2360 gratiam
1102 2275 1156 2338 si
1197 2275 1347 2358 quid
1395 2278 1494 2338 est
1538 2276 1968 2359 commissum,
2014 2278 2079 2341 id
2114 2301 2247 2342 non

247 2363 639 2448 neglectum,
703 2362 812 2426 sed
876 2361 1187 2425 violassum
1251 2366 1519 2447 pussatur
1577 2385 1695 2429 nec
1757 2364 2246 2449 imprudentiae,

246 2452 357 2516 sed
405 2450 707 2534 perfidiae
755 2449 1074 2535 assignari
1123 2451 1307 2515 solet.

376 2537 492 2603 III.
565 2538 708 2604 Pno
771 2539 1075 2603 MILONE.
1165 2539 1386 2603 Ascon.
1437 2560 1505 2621 Ρ.
1556 2545 1656 2604 36.
1708 2544 1800 2606 27
1858 2540 1940 2604 Κ.
2001 2545 2060 2605 et
2109 2540 2245 2607 Sch.

161 2646 216 2685 25
245 2629 467 2692 Manet
516 2632 718 2691 autem
773 2628 885 2692 illa
937 2647 1167 2708 quoque
1209 2632 1447 2708 excepta
1489 2629 1619 2693 cius
1663 2629 1873 2693 oratio.
1918 2665 2007 2674 —
2051 2628 2244 2695 Schol.

245 2716 400 2781 Bob.
421 2738 484 2796 Ρ.
511 2720 659 2781 276.
687 2722 766 2780 10
795 2716 969 2780 Bait.
1023 2715 1222 2780 Extat
1249 2717 1414 2780 alius
1437 2721 1757 2797 praeterea
1793 2718 1940 2781 liber
1974 2723 2247 2783 actorum

231 2825 353 2886 pro
390 2805 643 2881 Milone,
689 2806 757 2868 in
792 2825 909 2885 quo
946 2806 1155 2868 omnia
1191 2805 1535 2885 interrupta
1569 2810 1627 2868 et
1658 2806 1919 2886 inpolita
1955 2812 2011 2870 et
2042 2809 2245 2888 rudia,

231 2893 424 2976 plena
467 2894 719 2973 denique
762 2893 1024 2957 maximi
1068 2892 1315 2956 terroris
1359 2912 1664 2974 aynoscaS.
1713 2929 1794 2938 —
1846 2893 2095 2973 Quintil.
2140 2896 2251 2958 IV

242 2986 301 3046 3.
358 2985 443 3046 17
506 2980 677 3046 Unde
730 2980 1002 3047 Ciceroni
1053 3000 1284 3061 quoque
1336 2981 1405 3044 in
1448 2982 1783 3063 prooemio,
1842 3001 1979 3045 cum
2031 2983 2248 3046 diceret

160 3087 217 3128 30
233 3091 353 3151 pro
407 3068 669 3146 Milone,
734 3070 975 3151 deyredi
1023 3069 1152 3148 ficit
1202 3088 1454 3150 necesse,
1523 3075 1595 3133 ut
1646 3071 1784 3150 ipsa
1838 3071 2246 3153 oratiuncula,

197 3234 200 3235 ⁷
242 3178 369 3240 qua
413 3177 563 3221 usus
608 3163 708 3234 est,
745 3163 928 3238 patet.

374 3243 485 3309 IV.
548 3245 828 3311 Diomed.
873 3246 922 3310 I
952 3266 1015 3327 Ρ.
1058 3249 1201 3311 368.
1245 3248 1337 3310 28
1370 3244 1455 3308 Κ.
1528 3243 1734 3310 Cicero
1775 3264 2107 3310 causarum
2149 3248 2244 3312 de-

239 3335 397 3400 cimo
442 3335 647 3399 tertio:
692 3355 763 3399 re
805 3333 1067 3399 vendita
1110 3332 1347 3397 iterum
1393 3335 1632 3418 empta.

1825 3662 1932 3719 19*
