2630 3913
862 192 1040 250 20AP.
1077 199 1232 249 6-3.
1305 200 1337 261 (5
1374 201 1598 250 22—26.
2123 197 2248 262 171

237 353 805 543 ἓυᾜᾶῗρῗέἒῖ
831 359 1081 508 ἓέῗὲῗῗ
1108 358 1253 508 ⁹⁸32}
1271 377 1447 528 ‘¹5¹3'ss
1476 357 1806 528 ζῖιῖἕιῗὲ
1852 358 2251 512 ἰξὲζῖὶὼὲῗ

240 530 543 613 amicitia,
574 530 843 595 ludicari
868 535 1105 615 potest.
1169 531 1673 617 Agrigentinum
1703 534 1958 618 quidem
1987 534 2249 601 doctum
2286 553 2355 601 24

240 620 561 705 quendam
596 618 808 683 virum
845 618 1237 684 carminibus
1266 618 1529 685 Graecis
1561 622 1988 688 vaticinatum
2014 623 2249 708 fenmt,

185 724 212 765 ⁶
242 729 405 792 quae
441 707 511 771 in
545 728 762 771 rerum
792 712 1029 772 natura
1053 711 1323 792 totoque
1360 708 1598 774 mundo
1635 714 2025 792 constarent,
2062 733 2250 796 quae—

241 817 364 881 que
418 799 857 879 moverentur,
922 817 998 860 ea
1053 796 1433 861 contrahere
1490 796 1871 883 amicitiam,
1934 799 2251 885 dissipare

241 882 642 950 discordiam.
715 882 932 968 Atque
968 884 1092 950 hoc
1128 884 1388 969 quidem
1424 907 1644 951 omnes
1690 888 2002 953 mortales
2048 892 2115 953 et
2158 889 2251 953 in·

240 972 563 1058 tellegunt
619 974 685 1035 et
738 993 807 1036 re
861 972 1160 1056 probant.
1247 971 1507 1057 Itaque,
1566 974 1621 1039 si
1676 976 1932 1059 quando
1987 976 2250 1061 aliquod

241 1060 527 1126 officium
583 1059 802 1124 extitit
856 1060 1046 1125 amici
1089 1060 1159 1125 in
1219 1061 1523 1145 periculis
1589 1067 1702 1127 aut
1765 1063 2071 1129 adeundis
2135 1069 2250 1131 aut

162 1166 214 1206 10
242 1147 813 1232 communicandis,
860 1148 1002 1232 quis
1050 1152 1175 1233 est,
1221 1150 1333 1233 qui
1376 1149 1444 1214 id
1487 1171 1619 1215 non
1662 1151 1963 1216 maximis
2008 1152 2249 1218 ecferat

240 1236 583 1302 laudibus?
656 1235 780 1312 Qui
821 1237 1136 1302 clamores
1181 1241 1326 1303 tota
1369 1260 1566 1303 cavea
1607 1260 1813 1324 nuper
1857 1239 1925 1304 in
1968 1241 2248 1325 hospitis

241 1329 308 1390 et
355 1324 543 1390 amici
587 1324 714 1390 mei
758 1323 844 1389 M.
887 1324 1130 1390 Pacuvi
1171 1347 1344 1391 nova
1401 1326 1649 1391 fabula!
1715 1348 1860 1393 cum
1906 1328 2250 1414 ignorante

240 1433 422 1499 rege,
473 1416 617 1477 uter
663 1412 925 1478 Orestes
969 1419 1150 1492 esset,
1201 1413 1466 1497 Pylades
1510 1414 1804 1480 Orestem
1860 1437 1928 1480 se
1974 1438 2115 1482 esse
2162 1417 2251 1482 di-

242 1504 431 1585 ceret,
466 1505 541 1566 ut
573 1523 692 1586 pro
728 1501 847 1566 illo
882 1505 1236 1585 necaretur,
1273 1501 1535 1567 Orestes
1573 1507 1808 1582 autem,
1848 1504 1945 1568 ita
1978 1508 2052 1568 ut
2089 1510 2250 1590 erat,

161 1606 214 1648 15
243 1589 537 1655 Orestem
582 1610 653 1655 se
698 1610 839 1654 esse
882 1595 1342 1674 perseveraret.
1432 1588 1693 1656 Stantes
1738 1593 2137 1678 plaudebant
2180 1594 2251 1662 in

240 1700 312 1743 re
373 1678 555 1763 ficta3
629 1677 782 1762 quid
847 1677 1242 1743 arbitramur
1301 1679 1371 1743 in
1434 1701 1589 1744 vera
1649 1679 1936 1746 facturos
2000 1681 2200 1747 fuisse
2214 1683 2249 1747 ⁴?

240 1765 455 1832 Facile
500 1765 830 1831 indicabat
871 1766 1017 1851 ipsa
1059 1772 1295 1832 natura
1334 1767 1468 1832 vim
1506 1790 1708 1853 suam,
1754 1790 1901 1833 cum
1935 1769 2250 1849 homines,

242 1854 412 1939 quod
455 1854 667 1921 facere
711 1854 840 1939 ipsi
883 1876 1015 1919 non
1059 1859 1353 1940 possent,
1411 1856 1479 1920 id
1522 1861 1695 1921 recte
1741 1857 1882 1922 fieri
1925 1857 1994 1922 in
2040 1859 2247 1925 altero

241 1942 616 2010 iudicarent.

159 2049 214 2089 ὀ
370 2031 701 2097 Hactenus
756 2032 919 2096 mihi
971 2032 1193 2097 videor
1246 2033 1324 2096 de
1379 2033 1665 2099 amicitia
1725 2033 1879 2118 quid
1943 2036 2249 2101 sentirem

244 2120 532 2204 potuisse
577 2119 809 2203 dicere3
865 2120 922 2184 si
977 2142 1139 2206 quae
1185 2125 1521 2204 praeterea
1566 2125 1718 2186 sunt
1766 2120 1982 2207 (credo
2031 2128 2248 2189 autem

205 2228 385 2272 ·esse
431 2206 693 2293 multa),
747 2209 828 2273 ab
874 2208 981 2293 iis,
1038 2208 1094 2273 si
1138 2208 1490 2288 videbitur,
1547 2209 1657 2292 qui
1711 2209 1841 2274 ista
1895 2210 2248 2296 disputant,

245 2294 627 2380 quaeritote.

372 2383 668 2451 Fames.
733 2383 871 2450 Nos
910 2388 1128 2449 autem
1165 2407 1204 2449 a
1238 2388 1304 2449 te
1338 2384 1583 2469 potius3
1620 2406 2014 2469 quamquam
2043 2385 2244 2450 etiam
2284 2403 2352 2453 25

157 2486 214 2528 *ὅ
242 2473 325 2538 ab
372 2472 518 2537 istis
564 2494 754 2557 saepe
801 2472 1090 2556 quaesivi
1127 2476 1194 2537 et
1229 2472 1445 2538 audivi
1480 2494 1612 2537 non
1647 2472 1890 2538 invitus
1928 2473 2249 2558 equidem3

241 2561 352 2626 sed
400 2560 576 2625 aliud
623 2560 946 2645 quoddam
990 2561 1175 2625 filum
1221 2560 1537 2626 orationis
1583 2565 1751 2627 tuae.

371 2648 698 2716 Seu-rou.
788 2648 953 2714 Tum
999 2649 1211 2735 magis
1254 2649 1324 2713 id
1368 2648 1636 2733 dicereS,
1681 2648 1906 2733 Fanni,
1952 2650 2009 2715 si
2043 2672 2249 2735 nuper

238 2739 307 2802 in
341 2736 553 2802 hortis
582 2734 919 2822 ScipioniS,
964 2759 1108 2802 cum
1145 2741 1246 2803 est
1286 2737 1364 2803 de
1408 2760 1478 2802 re
1524 2738 1784 2822 publica
1828 2738 2249 2823 disputatum,

242 2824 576 2890 adfuisses.
668 2824 890 2901 Qualis
944 2829 1085 2890 tum
1138 2829 1451 2910 patronus
1508 2825 1796 2892 iustitiae
1848 2826 1976 2892 fuit
2021 2828 2249 2893 contra

164 2926 215 2966 ⁸⁰
241 2917 612 2980 accuratam
659 2913 1018 2979 orationem
1064 2913 1262 2979 Phili!

370 3002 668 3069 Fames.
730 3000 944 3067 Facile
972 3001 1040 3066 id
1068 3001 1324 3086 quidem
1352 3001 1495 3085 fuit,
1541 3002 1861 3068 iustitiam
1887 3003 2247 3069 iustissimo

238 3090 381 3155 viro
428 3089 782 3155 defendere.

370 3177 696 3245 Seuerou.
769 3176 978 3254 Quid?
1024 3177 1376 3244 amicitiam
1411 3199 1622 3243 nonne
1656 3178 1847 3244 facile
1895 3179 1969 3263 ei,
2016 3179 2127 3264 qui
2164 3181 2247 3245 ob

241 3288 383 3331 eam
422 3287 675 3331 summa
700 3266 843 3346 fide,
879 3266 1247 3333 constantia
1272 3266 1648 3352 iustitiaque
1678 3270 2003 3333 servatam
2031 3290 2249 3334 maxu-

167 3368 215 3408 ⁸⁵
243 3377 416 3419 mam
465 3353 744 3440 gloriam
789 3354 1074 3440 ceperit?

369 3443 659 3510 Lazarus.
729 3442 882 3509 Vim
926 3444 1050 3510 hoc
1087 3443 1345 3529 quidem
1382 3447 1482 3508 est
1528 3444 1793 3510 adferre.
1866 3443 2033 3521 Quid
2078 3444 2248 3511 enim
2284 3423 2353 3552 ἕο

238 3529 456 3614 refert,
502 3553 631 3617 qua
675 3553 778 3596 me
822 3532 1073 3597 ratione
1118 3531 1416 3617 cogatis?
1461 3532 1696 3617 cogitis
1743 3537 1931 3598 certe.
2005 3531 2247 3599 Studiis
