2630 3913
887 196 1039 252 CAP.
1082 203 1165 265 14,
1207 204 1286 252 15.
1362 204 1392 263 ς
1428 205 1654 254 46—51.
2153 201 2273 264 149

261 362 456 425 lunae
513 360 720 423 multo
779 364 927 423 ante
981 359 1171 424 nobis
1216 359 1609 444 praedicere!
1701 358 1867 435 Quid
1912 361 1981 424 in
2026 361 2278 427 leviori·
2316 382 2383 432 50

261 450 386 514 bus
434 447 696 531 studiis,
750 447 861 512 sed
917 451 1138 512 tamen
1183 447 1435 512 acutis?
1491 469 1684 531 quam
1777 448 2055 513 audebat
2099 450 2275 514 bello

265 559 381 602 suo
427 535 669 601 Punico
716 533 1028 600 Naevius!
1076 557 1272 619 quam
1319 536 1706 601 Truculento
1730 470 2035 621 {lautuffi
2083 560 2276 621 quam

262 624 610 689 Pseudolo!
702 621 855 687 Vidi
910 624 1108 688 etiam
1172 645 1391 688 senem
1445 623 1729 708 Livium3
1792 625 1903 709 qui
1967 647 2111 690 cum
2165 648 2275 690 sex

210 733 236 772 ⁵
264 713 451 778 annis
498 715 675 795 ante,
732 734 927 795 quam
983 734 1103 797 ego
1148 716 1343 777 natus
1391 734 1561 796 sum,
1617 712 1909 777 fabulam
1956 714 2278 779 docuisset

265 801 553 867 Centone
600 799 1048 883 Tuditanoque
1094 801 1493 885 consulibuS,
1538 823 1739 885 usque
1787 802 1867 866 ad
1914 802 2276 867 adulescen—

262 890 423 954 tiam
471 911 684 953 meam
728 889 1045 973 processit
1082 893 1315 953 aetate.
1398 887 1566 963 Quid
1603 889 1678 954 de
1714 889 1785 954 P.
1823 890 2030 955 Licini
2058 890 2277 956 Crassi

265 983 331 1043 et
367 977 683 1062 pontificii
721 981 786 1042 et
823 977 1031 1042 civilis
1067 978 1226 1041 iuris
1265 978 1480 1042 studio
1527 979 1759 1062 loquar
1804 982 1918 1044 aut
1964 979 2040 1043 de
2086 979 2276 1043 huius

263 1067 332 1132 P.
381 1064 730 1151 Scipionis,
777 1065 888 1149 qui
932 1065 1036 1129 his
1082 1064 1304 1151 paucis
1351 1065 1575 1131 diebus
1621 1066 1913 1151 pontifex
1958 1067 2276 1131 maximus

188 1175 237 1213 ιο
262 1155 477 1220 factus
533 1154 676 1219 est?
768 1155 986 1237 Atque
1046 1175 1155 1218 eos
1221 1175 1471 1237 01111155,
1537 1176 1697 1237 quos
1763 1156 2278 1239 commemoravi,

263 1244 368 1308 1115
428 1242 657 1307 studiis
712 1242 1066 1328 flagrantes
1122 1263 1306 1305 senes
1361 1242 1666 1326 vidimus3
1718 1242 1803 1307 M.
1848 1264 2002 1307 vero
2051 1241 2276 1307 Cethe·

268 1353 442 1417 gum,
488 1352 675 1414 quem
721 1334 895 1395 recte
942 1327 1266 1394 ‘Suadae
1312 1329 1757 1395 medullam'
1807 1330 1969 1394 dixit
2009 1330 2276 1414 Ennius,

269 1422 511 1503 quanto
577 1419 789 1483 studio
857 1418 1135 1483 exerceri
1196 1418 1265 1482 in
1330 1418 1593 1483 dicendo
1648 1418 2024 1483 videbamus
2080 1381 2276 1483 etiani

269 1509 511 1571 senem!
585 1505 761 1582 Quae
808 1510 961 1570 sunt
1005 1506 1208 1591 igitur
1243 1507 1591 1591 epularum
1643 1511 1756 1571 aut
1809 1506 2108 1572 ludorum
2164 1511 2277 1572 aut

188 1613 238 1653 15
269 1598 631 1661 scortorum
692 1596 1064 1679 voluptates
1131 1616 1275 1659 cum
1338 1595 1441 1659 his
1506 1595 1953 1680 voluptatibus
2025 1618 2276 1680 compa·

266 1684 547 1749 randae?
636 1684 854 1767 Atque
900 1682 1058 1747 haec
1113 1683 1371 1766 quidem
1428 1683 1643 1749 studia
1697 1683 2050 1767 doctrinae3
2113 1706 2276 1768 quae

266 1772 522 1856 quidem
586 1771 1012 1856 prudentibus
1078 1774 1145 1835 et
1205 1772 1368 1836 bene
1439 1772 1760 1837 institutis
1824 1772 2068 1857 pariter
2132 1795 2277 1838 cum

266 1865 480 1925 aetate
527 1864 846 1943 crescunt,
899 1863 974 1923 ut
1017 1857 1364 1924 honestum
1409 1860 1574 1925 illud
1619 1858 1876 1926 Solonis
1934 1861 2046 1944 sit,
2107 1861 2278 1945 quod

266 1950 359 2014 ait
404 1948 722 2014 versiculo
762 1947 1059 2032 quodam,
1103 1951 1179 2013 ut
1215 1952 1366 2013 ante
1403 1949 1552 2034 dixi,
1599 1971 1927 2016 senescere
1966 1972 2033 2015 55
2070 1950 2278 2015 multa

184 2056 238 2095 πο
264 2039 333 2102 111
381 2038 515 2102 (1155
563 2037 1030 2120 addiscentem,
1075 2058 1204 2120 qua
1247 2039 1586 2123 voluptate
1634 2039 1832 2102 animi
1877 2039 2059 2103 nulla
2104 2043 2277 2104 certe

265 2130 487 2210 potest
533 2146 672 2190 esse
715 2126 938 2191 maior.

400 2211 608 2276 Venio
652 2235 821 2278 nunc
859 2214 939 2277 ad
974 2214 1347 2298 voluptates
1387 2214 1839 2299 agricolarum,
1887 2216 2117 2297 quibus
2157 2188 2383 2314 ego515

268 2300 732 2364 incredibiliter
777 2301 1088 2386 delect013
1143 2322 1306 2384 quae
1361 2323 1477 2365 nec
1521 2301 1658 2366 ulla
1703 2301 2139 2401 impediuntur
2186 2324 2276 2367 55

267 2392 527 2454 nectute
583 2392 649 2453 et
703 2387 864 2452 mihi
909 2390 990 2454 ad
1036 2389 1349 2474 sapientis
1394 2389 1599 2454 vitam
1645 2389 1934 2473 proxime
1979 2389 2277 2454 videntur

184 2493 238 2533 8⁵
268 2477 584 2542 accedere.
645 2475 907 2542 Habent
936 2478 1107 2542 enim
1134 2477 1455 2543 rationem
1493 2499 1638 2542 cum
1674 2480 1866 2560 terra,
1902 2498 2066 2560 quae
2097 2499 2276 2541 num-

268 2587 462 2649 quam
500 2570 756 2630 recusat
788 2566 1134 2651 imperium
1169 2587 1285 2630 nec
1322 2588 1630 2649 umquam
1661 2566 1798 2629 sine
1825 2587 2023 2630 usura
2049 2565 2277 2650 reddit,

267 2653 440 2739 quod
475 2654 740 2739 accepit,
778 2654 891 2718 sed
929 2654 1090 2718 alias
1128 2653 1394 2736 minore,
1435 2655 1812 2739 plerumque
1850 2654 2093 2719 maiore
2131 2677 2276 2719 cum

263 2741 544 2807 faenore.
636 2741 1042 2825 Quamquam
1095 2764 1198 2806 me
1255 2742 1511 2825 quidem
1566 2764 1698 2808 non
1759 2742 2007 2808 fructus
2066 2743 2276 2828 modo,

267 2830 379 2895 sed
425 2832 623 2895 etiam
666 2831 873 2915 ipsius
921 2834 1132 2895 terrae
1178 2830 1276 2894 vis
1326 2851 1400 2894 ac
1444 2834 1678 2896 natura
1725 2831 2018 2896 delectat.
2101 2829 2276 2906 Quae

182 2935 236 2974 ³0
263 2941 410 2984 cum
467 2919 712 3005 gremio
769 2918 1027 2983 mollito
1086 2940 1159 2983 ac
1214 2918 1484 2984 subacto
1542 2940 1840 3003 sparsum
1904 2941 2122 2983 semen
2177 2941 2276 2984 ex-

264 3007 453 3091 cepit,
498 3007 781 3092 primum
825 3007 893 3071 id
939 3010 1346 3072 occaecatum
1393 3007 1670 3090 cohibet,
1716 3029 1791 3071 ex
1839 3029 1965 3089 quo
2012 3008 2276 3091 occati0‚

264 3117 429 3179 quae
474 3095 598 3160 1105
645 3095 863 3179 efficit,
906 3095 1242 3160 nominata
1288 3099 1415 3179 est,
1462 3095 1687 3159 deinde
1733 3094 2127 3179 tepefactum
2172 3117 2277 3160 va-

262 3204 418 3268 pore
465 3187 531 3247 et
576 3205 949 3268 compressu
986 3205 1101 3248 suo
1141 3182 1440 3247 diffundit
1476 3187 1542 3248 et
1579 3182 1755 3247 elicit
1789 3183 2274 3248 herbescentem

263 3292 339 3335 ex
396 3293 470 3335 50
525 3272 955 3354 viriditatem,
1012 3292 1174 3355 quae
1228 3271 1382 3336 nixa
1436 3271 1619 3335 fibris
1679 3270 1980 3355 stirpium
2036 3271 2274 3335 sensim

181 3374 234 3415 ³⁵
263 3359 576 3425 adulescit
612 3361 950 3444 culmoque
989 3364 1202 3425 erecta
1239 3360 1608 3445 geniculato
1647 3359 1900 3444 vaginis
1928 3359 2060 3423 iam
2089 3360 2276 3443 quasi

261 3449 616 3531 pubescens
661 3447 1038 3533 includitur;
1098 3469 1174 3512 ex
1229 3447 1462 3531 quibus
1519 3469 1664 3513 cum
1720 3447 2009 3531 emersit,
2061 3447 2276 3513 fundit

259 3533 516 3620 frugem
573 3535 733 3620 spici
789 3535 1009 3602 ordine
1066 3539 1382 3601 structam
1428 3540 1495 3601 et
1540 3539 1768 3601 contra
1813 3535 2028 3601 avium
2074 3536 2275 3603 mino·
