2630 3913
378 194 793 252 PHILOSOPH.
832 197 889 253 F.
927 198 1005 252 XI
1037 197 1435 252 l—FACETE
1464 197 1854 252 DICTORUM.
1897 198 1960 252 G.
2000 213 2034 250 a
2064 204 2108 253 1.
2185 196 2311 260 341

440 360 501 423 4.
546 358 719 424 Plin.
773 359 914 424 VII
942 365 1027 425 18
1067 361 1367 424 Feminas
1412 362 1612 426 omnis
1655 361 1872 442 ubique
1915 361 2050 425 visu
2093 379 2316 437 nocere,

306 468 460 529 quae
503 448 769 529 duplices
801 449 1082 530 pupillas
1124 448 1411 532 habeant,
1466 447 1671 515 Cicero
1724 469 1953 530 quoque
1996 449 2167 530 apud
2207 467 2319 512 nos

307 541 518 600 auctor
563 541 665 602 est.

397 623 455 689 5.
509 623 680 689 Plin.
736 624 881 689 VII
916 627 999 691 85
1041 625 1129 690 In
1180 646 1330 690 nuce
1381 627 1684 690 inclusam
1736 625 2000 690 Iliadem
2057 624 2320 690 Homeri

256 731 281 770 5
310 733 557 778 carmen
592 713 662 777 in
695 713 1053 779 membrana
1086 715 1382 796 scriptum
1418 715 1610 779 tradit
1645 710 1882 788 Cicero‚·
1919 714 2077 778 idem
2110 713 2318 794 fuisse,

306 803 415 882 qui
455 801 800 883 pervideret
842 827 1044 868 cxxxv
1077 828 1129 867 u
1169 822 1483 904 passuum.
1536 839 1611 848 —-
1672 801 1764 882 Cf.
1821 800 1943 866 Cic.
1998 802 2192 867 Acad.
2238 801 2323 864 ΙΙ

307 892 409 955 25.
466 894 547 956 81
599 889 725 955 Rle
784 891 981 956 nescio
1034 891 1166 972 qui,
1228 891 1338 973 qui
1399 891 1470 955 in
1521 890 1740 956 scholis
1790 892 2106 955 nominari
2157 890 2320 972 solet,

309 977 479 1042 mille
521 982 580 1042 et
621 981 921 1062 octoyinta
963 981 1168 1044 stadia
1212 978 1376 1060 quod
1415 978 1664 1060 abesset,
1707 978 1959 1044 videbat.

441 1065 501 1130 6.
547 1063 779 1131 Colum.
825 1067 957 1131 ΙΙΙ
985 1072 1045 1132 8.
1088 1070 1137 1133 2
1179 1067 1274 1132 M.
1325 1067 1567 1133 Tullius
1612 1029 1816 1132 Cicero
1864 1069 2028 1133 testis
2070 1072 2160 1132 est
2198 1066 2319 1131 Ro-

232 1171 283 1212 10
310 1173 568 1218 manum
606 1155 800 1234 fuisse
844 1156 1031 1220 civem
1077 1155 1384 1220 Naevium
1419 1155 1760 1221 Pollionem
1792 1156 1947 1237 pede
1992 1155 2320 1239 lonqiorem

309 1261 499 1323 quam
539 1261 901 1324 quemquam
947 1243 1386 1326 lonqissimum.

641 1547 799 1604 XIV.
862 1546 1224 1606 EDICTUM
1269 1547 1338 1606 L.
1385 1546 1656 1607 RACILI
1702 1548 1820 1606 TR.
1868 1547 1982 1606 PL.

442 1683 636 1749 Schol.
670 1683 826 1748 Bob.
863 1685 935 1748 in
969 1705 1055 1749 or.
1081 1705 1147 1766 p.
1185 1683 1446 1749 Plancio
1471 1705 1538 1766 p.
1575 1687 1723 1750 266.
1756 1687 1846 1750 20
1883 1682 2055 1749 Bait.
2092 1683 2321 1749 Exstat

310 1771 547 1838 libellus
589 1772 855 1838 eiusdem
902 1769 1233 1851 Ciceronis,
1288 1774 1398 1855 qui
1442 1774 1534 1837 ita
1577 1773 1933 1838 inscribitur
1947 1793 1965 1833 .·
2017 1769 2319 1838 Edictum

232 1878 280 1916 15
308 1859 466 1925 Luci
530 1859 737 1925 Racili
801 1861 1046 1925 tribuni
1119 1860 1325 1944 plebi,
1401 1862 1565 1942 quod
1628 1862 1738 1928 sub
1808 1863 2054 1927 nomine
2127 1862 2319 1944 ipsius

311 1947 515 2015 Cicero
559 1950 805 2032 scripsit
846 1951 918 2015 in
961 1948 1355 2015 invectionem
1399 1949 1473 2014 P.
1519 1946 1718 2017 Clodi.

661 2404 736 2471 G.
801 2405 1258 2473 CICERONIS
1303 2407 1645 2474 FACETE
1692 2408 1973 2474 DICTA.

1027 2561 1076 2600 a.
1133 2546 1593 2602 TESTIMONIA.

449 2654 503 2718 1.
540 2651 660 2720 Cic.
691 2656 846 2736 fam.
886 2654 1030 2720 VII
1053 2660 1158 2721 32.
1194 2661 1235 2721 1
1275 2657 1509 2736 Quibus
1544 2657 1613 2721 in
1651 2656 1869 2723 litteris
1911 2658 2121 2722 omnia
2164 2658 2321 2723 mihi

229 2763 281 2801 κο
296 2743 685 2824 periucunda
725 2743 981 2823 fuerunt
1013 2750 1258 2826 praeter
1299 2745 1480 2823 illud,
1536 2747 1699 2827 quod
1725 2766 1962 2828 parum
2005 2747 2320 2830 diliqenter

296 2831 597 2912 possessio
631 2832 984 2897 salinarum
1017 2853 1293 2898 mearum
1330 2854 1372 2897 a
1416 2839 1472 2898 te
1502 2839 1901 2916 procuratore
1944 2835 2316 2915 defenditur;

307 2920 406 2984 ais
442 2920 625 3002 euim,
668 2925 739 2983 ut
772 2940 874 3003 eqo
911 2922 1298 3003 discesserim,
1344 2923 1554 2986 omnia
1589 2924 1864 2987 omnium
1900 2924 2078 3004 dicta,
2122 2924 2192 2988 in
2237 2925 2320 2989 iis

307 3008 492 3072 etiam
520 3007 826 3088 Sestiana,
861 3010 931 3073 in
966 3031 1061 3074 me
1090 3010 1373 3091 conferri.
1439 3010 1645 3092 Quid?
1684 3016 1750 3075 tu
1783 3012 1853 3075 id
1874 3010 2156 3093 pateris?
2193 3033 2318 3077 non

305 3116 403 3160 me
432 3096 748 3177 defendis?
784 3118 913 3163 non
945 3098 1223 3165 resistis?
1286 3098 1593 3181 Equidem
1625 3100 1945 3181 sperabam
1978 3101 2070 3164 ita
2104 3106 2318 3167 notata

222 3204 275 3243 25
305 3204 403 3248 me
443 3185 758 3267 reliquisse
795 3207 1022 3269 qenera
1064 3187 1364 3253 dictorum
1408 3208 1703 3266 meorum,
1757 3194 1830 3253 ut
1879 3190 2152 3270 coquosci
2201 3209 2319 3255 sua

302 3277 516 3355 sponte
548 3280 809 3355 possent.
891 3275 1015 3341 Sed
1055 3277 1350 3358 quoniam
1396 3281 1570 3340 tanta
1609 3277 1757 3357 faex
1801 3282 1889 3342 est
1930 3279 2000 3341 in
2043 3277 2205 3360 urbe,
2248 3283 2320 3343 ut

302 3360 466 3425 nihil
507 3363 593 3427 sit
635 3367 764 3427 tam
809 3357 1189 3446 ἄκύθηρυν,
1233 3366 1397 3446 quod
1434 3384 1561 3431 non
1603 3365 1795 3431 alicui
1836 3370 2154 3430 venustum
2197 3386 2318 3432 esse

302 3449 599 3529 videatur,
635 3472 871 3534 puqna,
915 3454 973 3517 si
1007 3473 1103 3517 me
1135 3472 1330 3529 amas,
1376 3454 1504 3518 nisi
1537 3459 1720 3518 acuta
1755 3448 2145 3555 ἄμφιβᾳλία,
2189 3456 2317 3520 nisi

301 3538 543 3619 eleqans
579 3531 940 3624 ὑπερβολή,
985 3541 1116 3606 nisi
1148 3537 1594 3626 παράγραμμα
1641 3542 1876 3620 bellum,
1923 3544 2050 3607 nisi
2092 3544 2313 3609 ridicu·
