2630 3913
193 1528 256 1576 4¹1

190 2056 258 2105 48

217 3080 255 3139 3

187 3155 255 3204 49

289 203 439 266 212·
1077 198 1525 255 PARADOXON

278 362 651 445 molientes,
699 362 809 447 qui
849 366 996 426 tuas
1034 360 1400 427 mercedum
1436 360 1770 446 pactiones
1805 360 1874 425 in
1907 362 2314 446 patrociniis.

293 452 338 534 †
385 451 729 516 intercidas
774 449 1190 535 pecuniarum
1242 449 1307 513 in
1362 448 1752 514 coitionibus
1798 447 2313 533 candidatorum,

295 539 702 604 dimissiones
756 538 1141 603 libertorum
1196 537 1278 602 ad
1334 536 1833 602 defaenerandas
1889 536 2312 622 diripiendas·

297 650 420 713 que
465 626 863 713 provincias,
909 625 1019 727 qui
1065 625 1476 726 expulsiones
1521 624 1904 709 vicinorum,
1950 625 2062 709 qui
2107 627 2304 690 latro·

296 716 463 782 cinia
498 716 566 779 in
604 714 798 800 agris,
837 714 945 798 qui
983 735 1127 779 cum
1165 714 1388 796 servis,
1433 734 1579 779 cum
1615 713 1888 796 libertis,
1933 735 2079 779 cum
2116 714 2304 780 clien·
2358 733 2388 773 s

295 804 471 869 tibus
539 804 908 886 societates,
982 802 1091 887 qui
1153 801 1596 887 possessiones
1661 822 1938 903 vacuas,
1987 802 2099 886 qui
2160 824 2305 904 pro-5

296 892 679 976 scriptiones
725 890 1164 976 locupletium,
1212 889 1323 974 qui
1369 889 1593 955 caedes
1636 889 2148 974 municipiorum,
2195 891 2304 974 qui

295 980 479 1045 illam
524 975 776 1044 Sullani
820 979 1132 1063 temporis
1181 999 1457 1043 messem
1503 977 1897 1061 recordetur,
1954 979 2065 1079 qui
2110 982 2303 1043 testa·

297 1071 516 1133 menta
553 1068 862 1151 subiecta,
906 1070 1010 1131 tot
1046 1066 1157 1151 qui
1193 1067 1489 1131 sublatos
1525 1064 1839 1149 homines,
1885 1066 1996 1150 qui
2033 1066 2303 1150 denique

297 1156 513 1221 omnia
557 1156 839 1237 venalia,
886 1155 1164 1220 edictum
1212 1154 1566 1236 decretum,
1612 1153 1890 1220 alienam
1935 1176 2119 1219 suam
2165 1176 2302 1219 sen·
2333 1176 2391 1215 10

295 1244 595 1327 tentiam,
648 1243 860 1309 forum
909 1244 1195 1326 domum,
1250 1263 1471 1308 vocem
1518 1241 1876 1306 silentium:
1937 1242 2079 1325 quis
2113 1243 2303 1307 ·hunc

294 1355 425 1398 non
486 1336 674 1418 putet
735 1332 1027 1398 confiteri
1099 1331 1224 1396 sibi
1298 1330 1591 1414 quaesito
1665 1351 1827 1415 opus
1891 1330 2075 1395 esse?
2184 1328 2304 1395 Cui

299 1421 593 1505 quaesito
659 1424 875 1485 autem
932 1441 1093 1505 opus
1154 1419 1266 1502 sit,
1345 1418 1489 1503 quis
1552 1440 1859 1502 umquam
1922 1419 2093 1483 hunc
2157 1440 2308 1484 vere

298 1509 530 1574 dixerit
592 1509 902 1574 divitem?
999 1507 1258 1572 Etenim
1326 1506 1698 1571 divitiarum
1762 1510 1865 1571 est
1923 1506 2171 1571 fructus
2235 1507 2300 1571 in

297 1598 508 1682 copia,
572 1597 823 1682 copiam
888 1600 1105 1661 autem
1169 1595 1456 1660 declarat
1516 1595 1784 1660 satietas
1837 1616 2051 1659 rerum
2108 1600 2301 1679 atque
2334 1617 2390 1656 ιε

297 1685 720 1767 abundantia3
785 1707 978 1768 quam
1041 1687 1113 1748 tu
1170 1683 1476 1768 quoniam
1529 1705 1882 1767 numquam
1937 1683 2303 1768 adsequere,

295 1794 647 1874 numquam
713 1772 973 1837 omnino
1041 1793 1109 1836 es
1174 1771 1351 1837 dives
1417 1770 1692 1836 futurus.
1800 1771 2011 1836 Meam
2087 1776 2304 1837 autem

297 1861 601 1945 quoniam
645 1860 980 1944 pecuniam
1037 1859 1421 1943 contemnis,
1477 1863 1543 1924 et
1596 1863 1768 1924 recte
1813 1857 1944 1943 (est
1998 1860 2166 1925 enim
2223 1860 2305 1925 ad

297 1949 478 2036 volgi
525 1971 607 2034 op
610 1948 892 2014 inionem
938 1948 1300 2032 mediocris,
1349 1948 1428 2014 ad
1474 1952 1654 2014 tuam
1702 1948 1909 2032 nulla,
1965 1948 2047 2014 ad
2092 1971 2301 2014 meam

295 2035 606 2123 modica),
669 2036 747 2101 de
810 2059 912 2102 me
968 2037 1201 2122 silebo,
1265 1999 1342 2102 de
1398 2058 1467 2101 re
1521 2038 1769 2121 loquar.
1860 1999 1929 2101 S'i
1987 2038 2303 2103 censenda
2331 2057 2389 2096 20

295 2126 483 2190 nobis
530 2126 617 2190 sit
663 2129 858 2210 atque
903 2126 1304 2191 aestimanda
1349 2147 1480 2209 res,
1525 2129 1762 2190 utrum
1791 2125 2049 2190 tandem
2096 2126 2303 2211 pluris

296 2214 709 2279 aestimemus
746 2214 1083 2299 pecuniam
1110 2213 1363 2298 Pyrrhi,
1401 2236 1595 2298 quam
1621 2212 1920 2278 Fabricio
1958 2214 2173 2296 dabat,
2219 2236 2304 2278 an

296 2303 761 2369 continentiam
796 2301 1072 2385 Fabrici,
1123 2302 1233 2386 qui
1277 2302 1464 2366 illam
1501 2302 1838 2387 pecuniam
1874 2302 2302 2387 repudiabat?

294 2395 514 2456 utrum
547 2413 775 2456 aurum
813 2352 1174 2456 Samnitum
1213 2413 1292 2456 an
1334 2411 1715 2475 responsum
1751 2390 1854 2455 Μ’.
1892 2388 2088 2455 Curi?
2125 2391 2302 2456 here·

296 2480 564 2545 ditatem
583 2479 652 2543 L.
672 2479 860 2544 Pauli
888 2501 970 2543 an
998 2479 1456 2544 liberalitatem
1485 2477 1794 2561 Africani,
1823 2479 1934 2563 qui
1961 2479 2096 2544 eius
2124 2478 2301 2543 here·
2329 2497 2386 2538 2⁵

296 2568 519 2633 ditatis
549 2566 622 2643 Q.
649 2567 930 2632 Maximo
966 2560 1157 2632 fratri
1192 2571 1446 2653 partem
1486 2588 1669 2631 suam
1705 2528 2064 2631 concessit?
2123 2566 2301 2632 Haec

294 2656 602 2740 profect0,
650 2677 812 2739 quae
857 2658 1010 2720 sunt
1055 2677 1451 2720 summarum
1487 2655 1819 2739 virtutum,
1864 2655 2070 2739 pluris
2110 2655 2300 2720 aesti-

296 2743 531 2808 manda
577 2747 729 2808 sunt
774 2765 966 2827 quam
1013 2743 1148 2827 illa,
1195 2765 1359 2827 quae
1405 2746 1557 2808 sunt
1592 2743 1916 2828 pecuniae.
1990 2742 2145 2819 Quis
2182 2744 2299 2830 igi-

295 2836 419 2915 tur,
467 2831 798 2916 siquidem,
843 2835 918 2896 ut
963 2832 1250 2916 quisque,
1296 2831 1468 2916 quod
1504 2831 1768 2916 plurimi
1804 2831 1908 2915 sit,
1953 2832 2301 2916 possideat,

295 2922 392 2986 ita
436 2919 861 2985 divitissimus
898 2920 1230 2985 habendus
1278 2921 1384 3003 sit,
1430 2920 1700 3003 dubitet,
1747 2920 1901 3004 quin
1947 2920 2014 2984 in
2060 2921 2300 2985 virtute
2328 2938 2385 2980 so

298 3009 560 3074 divitiae
606 3009 781 3074 sint?
828 3009 1130 3092 quoniam
1177 3009 1358 3073 nulla
1402 3009 1745 3094 possessi0,
1791 3009 1972 3073 nulla
2018 3009 2115 3073 vis
2162 3010 2302 3074 auri

297 3102 362 3161 et
409 3098 661 3184 argenti
715 3097 921 3182 pluris
980 3119 1172 3180 quam
1228 3096 1435 3161 virtus
1483 3096 1884 3161 aestimanda
1929 3100 2045 3161 est.
2135 3096 2188 3161 Ο
2237 3098 2302 3162 di

294 3186 720 3250 immortales!
777 3207 907 3250 non
952 3185 1343 3272 intellegunt
1387 3186 1706 3268 homines,
1752 3207 1945 3269 quam
1993 3206 2301 3272 magnum

296 3274 578 3360 vectigal
626 3274 713 3338 sit
757 3273 1168 3358 parsimonia.
1231 3273 1439 3338 Venio
1480 3273 1650 3338 enim
1685 3274 1816 3338 iam
1855 3274 1936 3338 ad
1973 3278 2302 3359 sumptuo-

295 3382 403 3426 sos
414 3412 431 3444 ,
484 3362 778 3446 relinquo
834 3362 1031 3426 istum
1079 3365 1556 3446 quaestuosum.
1647 3360 1841 3447 Capit
1884 3361 1998 3426 ille
2045 3384 2121 3427 ex
2168 3362 2301 3427 suis
2330 3379 2385 3420 35

295 3449 574 3530 praediis
621 3471 882 3515 sescena
937 3450 1262 3534 sestertia,
1317 3471 1440 3536 ego
1496 3454 1767 3516 centena
1821 3471 1897 3515 ex
1951 3451 2140 3534 meis;
2201 3450 2302 3514 illi

296 3538 526 3599 aurata
582 3539 754 3600 tecta
808 3536 876 3600 in
930 3537 1105 3601 villis
1163 3542 1228 3602 et
1291 3538 1434 3603 sola
1497 3560 1860 3604 marmorea
1919 3538 2182 3605 facienti
2236 3542 2305 3604 et
