2630 3913
565 174 663 227 DE
702 173 1000 229 omi-lons
1036 175 1170 230 LIB.
1207 176 1276 232 11.
1354 173 1505 231 cAP.
1548 182 1595 244 1,
1633 182 1682 232 2.
1756 182 1787 242 ξ
1825 182 1977 231 1—5.
2193 176 2274 239 57

268 359 418 402 rum
453 357 693 422 genera
726 357 1110 428 persequar,
1141 359 1303 421 quae
1340 336 1668 422 pertinent
1704 337 1786 401 ad
1819 337 1994 402 vitae
2030 337 2276 403 cultum

270 429 339 491 et
393 425 476 490 ad
531 445 753 488 earum
797 445 1052 515 rerum,
1093 425 1328 509 quibus
1382 428 1654 490 utuntur
1705 425 2000 490 homines
1998 475 2041 518 7
2077 425 2276 492 facul·

268 516 491 597 tatem,
547 512 630 577 ad
675 533 858 596 opes,
905 513 987 577 ad
1040 513 1257 598 copias
1278 498 1456 609 ssssin
1501 535 1628 598 quo
1673 516 1815 578 tum
1860 514 2083 599 quaeri
2129 514 2297 605 dixiy

271 601 424 685 quid
469 600 657 683 utile,
713 599 866 683 quid
909 600 1139 665 inutile
1219 606 1360 666 tum
1406 623 1482 666 ex
1537 601 1809 666 utilibus
1854 602 2008 686 quid
2052 602 2275 666 utilius

219 707 244 747 5
273 694 386 755 aut
431 688 585 773 quid
631 688 909 753 maxime
952 689 1075 753 util
1145 739 1158 752 .
1238 689 1338 755 De
1385 689 1618 774 quibus
1665 690 1872 755 dicere
1919 690 2276 776 adgrediar,

273 778 329 842 si
371 799 578 862 pauca
620 776 800 861 prius
848 776 924 840 de
967 777 1122 841 inst1
1157 781 1271 842 uto
1321 801 1395 843 ac
1441 778 1517 842 de
1571 778 1804 843 iudicio
1851 800 1995 844 meo
2041 778 2276 842 dixero.

272 865 686 950 Quamquam,
738 863 911 929 enim
974 865 1128 930 libri
1194 866 1406 931 nostri
1470 866 1830 950 complures
1894 887 2026 931 non
2087 866 2277 930 modo
2315 884 2347 931 2

272 954 355 1020 ad
416 952 673 1039 legendi
666 1001 714 1042 Ι
763 953 876 1018 sed
931 953 1130 1018 etiam
1184 954 1266 1019 ad
1320 953 1640 1019 scribendi
1704 954 1988 1019 studium
2047 955 2278 1019 excita·

272 1046 529 1125 verunt,
583 1045 806 1105 tamen
857 1041 1180 1106 interdum
1224 1063 1487 1131 vereor,
1533 1063 1614 1106 ne
1661 1043 2045 1126 quibusdam
2089 1043 2276 1107 bonis

197 1148 245 1186 ιο
270 1130 429 1196 viris
474 1128 926 1214 philosophiae
977 1151 1216 1194 nomen
1268 1129 1358 1194 sit
1400 1130 2165 1217 invisum,mirenturque
2209 1131 2280 1193 in

274 1241 351 1284 ea
384 1221 641 1282 tantum
678 1238 782 1281 me
820 1238 1052 1301 operae
1090 1221 1156 1282 et
1191 1219 1506 1302 temporis
1543 1239 1797 1302 ponere.
1860 1217 2005 1303 Ego
2043 1221 2277 1300 autem,

276 1327 472 1391 quam
525 1306 632 1370 diu
684 1326 788 1369 res
841 1305 1106 1390 publica
1156 1328 1273 1390 per
1328 1327 1439 1370 eos
1495 1306 1843 1391 gerebatur
1846 1352 1887 1389 ,2
1923 1306 2155 1390 quibus
2210 1327 2277 1370 se

275 1395 422 1478 ipsa
478 1393 913 1477 commiserat,
975 1393 1185 1458 omnis
1244 1416 1421 1459 meas
1485 1415 1671 1458 curas
1726 1394 2277 1480 cogitationesque

277 1483 347 1546 in
374 1502 515 1546 eam
551 1481 984 1565 conferebam3
1030 1504 1176 1547 cum
1212 1485 1431 1547 autem
1467 1481 1802 1547 dominatu
1837 1483 2025 1548 unius
2063 1482 2280 1547 omnia

198 1584 249 1626 1⁵
276 1573 646 1634 tenerentur
680 1591 887 1653 neque
926 1573 1096 1634 esset
1132 1591 1408 1654 usquam
1444 1570 1713 1636 consilio
1756 1575 1870 1635 aut
1907 1570 2280 1636 auctoritati

277 1659 483 1742 locus,
538 1658 745 1722 socios
801 1657 1072 1742 denique
1125 1658 1402 1723 tuendae
1456 1658 1552 1723 rei
1605 1660 1928 1743 publicae,
1992 1679 2277 1723 summos

273 1747 475 1830 viros,
538 1746 926 1830 amisissem,
988 1768 1106 1812 nec
1168 1768 1271 1811 me
1336 1746 1686 1831 angoribus
1747 1747 1982 1832 dedidi,
2047 1747 2278 1831 quibus

276 1856 484 1899 essem
528 1833 885 1917 confectus,
935 1834 1065 1899 nisi
1107 1834 1189 1898 iis
1242 1834 1656 1919 restitissem,
1707 1857 1825 1900 nec
1877 1857 2135 1900 rursum
2187 1835 2280 1898 in-

275 1923 489 2008 dignis
534 1922 795 1989 homine
841 1922 1029 1988 docto
1073 1923 1540 2008 voluptatibus.
1620 1923 1837 2009 Atque
1882 1924 2131 1989 utinam
2176 1945 2278 1987 res
2317 1940 2349 1988 3

196 2027 247 2067 20
273 2012 535 2098 publica
579 2010 870 2076 stetisset
869 2060 914 2106 7
947 2033 1075 2095 quo
1120 2016 1421 2097 coeperat
1422 2059 1455 2100 J
1493 2015 1686 2106 statu,
1713 2034 1832 2077 nec
1874 2012 1945 2076 in
1987 2012 2279 2077 homines

274 2121 408 2165 non
449 2103 586 2164 tam
636 2099 1234 2164 commutandarum
1282 2121 1476 2184 quam
1531 2102 2021 2165 evertendarum
2066 2122 2281 2165 rerum

275 2187 540 2272 cupidos
576 2187 930 2252 incidisset!
994 2187 1286 2252 Primum
1325 2188 1513 2271 enim,
1552 2191 1628 2252 ut
1664 2192 1879 2253 stante
1915 2210 1985 2253 re
2022 2188 2282 2273 publica

272 2275 485 2341 facere
532 2275 927 2360 solebamus,
979 2275 1049 2340 in
1103 2275 1353 2361 agendo
1400 2277 1544 2360 plus
1592 2297 1787 2359 quam
1830 2276 1901 2339 in
1945 2276 2280 2341 scribendo

247 2385 511 2448 operae
554 2385 937 2448 poneremus
946 2385 966 2448 ,⁹
1012 2363 1235 2429 deinde
1280 2363 1441 2448 ipsis
1488 2363 1747 2448 scriptis
1792 2384 1925 2427 non
1970 2385 2089 2447 ear
2119 2384 2279 2447 quae

197 2465 249 2506 25
275 2473 475 2541 nunc,
509 2452 620 2516 sed
664 2452 951 2517 actiones
986 2456 1247 2517 nostras
1283 2451 1753 2535 mandaremuS,
1797 2455 1873 2515 ut
1910 2472 2098 2535 saepe
2134 2450 2281 2514 feci-

276 2561 439 2609 mus,
502 2537 920 2618 Oumautem
956 2561 1059 2604 res
1095 2540 1375 2625 publica,
1415 2539 1485 2603 in
1521 2561 1649 2623 qua
1684 2538 1894 2604 omnis
1932 2560 2077 2603 mea
2113 2560 2281 2622 cura,

277 2627 611 2713 cogitatio,
648 2650 845 2713 opera
880 2628 1035 2713 poni
1073 2629 1344 2712 solebat,
1378 2628 1562 2692 nulla
1599 2631 1769 2692 esset
1806 2626 2085 2709 omnino,
2129 2626 2282 2691 illae

278 2715 524 2781 scilicet
586 2716 844 2781 litterae
908 2716 1353 2781 conticuerunt
1412 2715 1700 2781 forenses
1766 2720 1831 2781 et
1903 2715 2281 2781 senatoriae.

276 2802 462 2868 Nihil
517 2825 709 2889 agere
765 2807 982 2870 autem
1036 2826 1181 2869 cum
1236 2804 1488 2869 animus
1550 2827 1681 2869 non
1743 2808 1989 2889 posset,
2057 2804 2128 2869 in
2180 2804 2281 2867 his
2319 2819 2353 2867 4

196 2906 250 2946 ³0
278 2892 510 2956 studiis
558 2893 638 2957 ab
685 2892 875 2957 initio
920 2896 1216 2957 versatus
1271 2893 1527 2978 aetatis,
1562 2893 1928 2957 existimavi
1970 2891 2284 2957 honestis-

279 2980 439 3044 sime
486 2981 820 3045 molestias
841 3001 1059 3065 vposse
1105 2980 1363 3065 deponi,
1417 2980 1474 3044 si
1526 3003 1629 3045 me
1676 2980 1757 3044 ad
1802 2979 2283 3065 philosophiam

277 3068 694 3133 rettulissem.
802 3067 923 3134 Cui
984 3090 1131 3133 cum
1202 3068 1482 3132 multum
1554 3068 1927 3134 adulescens
2002 3067 2283 3132 discendi

279 3178 473 3221 causa
516 3156 829 3241 temporis
877 3156 1276 3240 tribuissem,
1325 3160 1750 3241 posteaquam
1794 3156 2147 3220 honoribus
2192 3155 2283 3219 in-

278 3245 519 3309 servire
556 3245 739 3329 coepi
773 3266 1002 3328 meque
1038 3248 1252 3309 totum
1285 3244 1382 3309 rei
1412 3245 1708 3329 publicae
1735 3244 1991 3327 tradidi,
2026 3246 2283 3308 tantum

196 3345 249 3386 8⁵
278 3336 419 3397 erat
458 3333 911 3417 philosophiae
947 3332 1114 3422 loci,r
1138 3336 1452 3416 quantum
1489 3332 1894 3417 superfuerat
1932 3330 2281 3396 amicorum

278 3423 343 3484 et
370 3421 465 3485 rei
490 3421 787 3505 publicae
822 3420 1252 3505 temporibus3
1287 3420 1355 3485 id
1391 3424 1608 3485 autem
1645 3442 1833 3485 omne
1870 3420 2281 3485 consumeba-

277 3511 385 3572 tur
438 3508 508 3573 in
560 3509 832 3594 legendo
842 3559 861 3593 ,
925 3508 1245 3574 scribendi
1300 3508 1507 3573 otium
1559 3530 1693 3573 non
1736 3512 1892 3574 erat.
1981 3508 2280 3573 Maximis
2318 3478 2360 3542 2

2317 3555 2348 3603 ὅ
