2630 3913
306 211 393 273 62
1089 210 1187 265 DE
1225 208 1526 266 OFFICIIS

172 414 177 422 -
304 394 451 438 rum
514 373 713 450 etiam
775 374 1149 459 repentinae
1212 373 1674 456 multitudinis,
1739 394 2012 457 quarum
2066 372 2313 457 impetu

206 828 265 877 17

205 1619 265 1670 18

306 460 492 526 docet
519 463 833 545 quaedam
860 462 1196 528 hominum
1225 482 1464 547 genera
1492 482 1630 526 esse
1659 465 2060 546 consumpta,
2087 460 2314 526 deinde

305 554 677 634 comparat„
704 554 947 634 quanto
984 552 1201 635 plures
1243 550 1441 614 deleti
1479 550 1610 613 sint
1646 548 1938 614 homines
1974 549 2313 614 hominum

302 637 578 789 imlpetu,
640 638 708 791 1(11
771 643 872 790 0811,
909 638 1123 791 thenis
1187 643 1300 702 aut
1363 637 1815 721 seditionibus,
1877 659 2074 722 quam
2136 638 2314 702 omni

302 747 373 790 re
471 748 557 790 ua
601 748 676 791 ca
706 748 836 791 81111
870 748 909 792 8
942 748 993 791 0.
2365 741 2393 782 ⁵

428 748 605 893 11311111,
662 814 867 900 igitur
926 814 1033 880 hic
1093 814 1274 880 locus
1337 813 1503 878 nihil
1565 813 1807 878 habeat
1870 813 2313 897 dubitationis,

306 901 459 986 quin
505 901 797 967 homines
843 903 1197 988 plurimum
1249 901 1621 966 hominibus
1677 905 1745 966 et
1786 902 2043 986 prosint
2086 905 2154 965 et
2199 902 2308 966 011-

303 990 453 1072 sint,
497 990 833 1075 proprium
876 991 1001 1057 hoc
1037 994 1255 1055 statuo
1292 1011 1434 1055 0880
1470 988 1753 1071 virtutis,
1799 989 2142 1055 conciliare
2180 990 2312 1054 ani-

303 1099 443 1142 mos
506 1078 841 1144 hominum
904 1083 971 1144 et
1033 1079 1115 1144 ad
1176 1100 1336 1143 usus
1396 1099 1546 1143 suos
1603 1077 1965 1163 adiungere.
2064 1076 2312 1162 Itaque,

303 1187 467 1250 quae
511 1166 581 1231 in
625 1169 818 1232 rebus
862 1167 1165 1232 inanimis
1214 1187 1502 1250 quaeque
1546 1165 1616 1229 in
1659 1186 1781 1230 usu
1818 1167 1885 1229 et
1919 1166 2311 1231 tractatione
2340 1182 2392 1222 ιο

303 1254 641 1320 beluarum
685 1256 852 1321 fiunt
894 1256 1146 1321 utiliter
1181 1255 1264 1319 ad
1302 1255 1641 1319 hominum
1677 1253 1900 1338 vitam,
1947 1254 2198 1318 artibus
2237 1275 2313 1318 ea

301 1341 678 1408 tribuuntur
736 1344 1025 1430 operosis
1035 1359 1053 1427 ;
1105 1343 1444 1407 hominum
1497 1345 1716 1407 autem
1770 1341 1987 1407 studia
2041 1341 2123 1406 ad
2183 1364 2312 1406 am-

301 1430 765 1515 plificationem
825 1436 1197 1501 nostrarum
1267 1452 1485 1495 rerum
1556 1434 1862 1515 prompta
1934 1451 2009 1495 ac
2080 1434 2311 1514 parata

304 1519 618 1598 [virorum
658 1520 1156 1603 praestantium]
1195 1518 1516 1602 sapientia
1550 1519 1618 1583 et
1652 1517 1894 1582 virtute
1931 1517 2309 1584 excitantur.

301 1604 565 1672 Etenim
616 1607 825 1672 virtus
881 1608 1091 1672 omnis
1155 1607 1366 1670 tribus
1430 1606 1500 1670 in
1560 1606 1753 1670 rebus
1817 1605 1953 1671 fere
2016 1606 2311 1690 vertitur,
2339 1623 2391 1664 ιε

303 1716 576 1779 quarum
630 1717 759 1759 una
814 1699 916 1760 est
957 1695 1026 1760 in
1074 1693 1519 1780 perspiciendo
1520 1736 1555 1785 J
1603 1693 1756 1778 quid
1811 1693 1880 1758 in
1934 1715 2186 1779 quaque
2241 1716 2310 1757 10

300 1803 525 1847 verum
581 1783 1033 1867 sincerumque
1097 1783 1210 1866 sit,
1284 1781 1438 1866 quid
1501 1784 2000 1847 consentaneum
2063 1782 2310 1866 cuique,

302 1869 457 1954 quid
519 1891 914 1954 consequens
931 1922 948 1954 ,
1011 1892 1089 1935 ex
1153 1892 1279 1955 quo
1346 1891 1635 1955 quaeque
1701 1870 2082 1956 gignantur,
2146 1892 2308 1954 quae

300 1958 607 2043 cuiusque
651 1959 748 2025 rei
791 1981 986 2025 causa
1031 1960 1143 2043 sit,·
1183 1960 1461 2025 alterum
1507 1958 1807 2024 cohibere
1845 1963 2060 2025 motus
2108 1959 2309 2024 animi

300 2047 628 2132 turbatos,
655 2069 816 2157 quos
846 2046 1075 2113 Graeci
1110 2044 1296 2130 πάθη
1335 2047 1693 2131 nominant,
1729 2048 2325 2144 appetitionesquef
2335 2065 2387 2106 ιο

302 2155 462 2218 quas
506 2135 609 2200 illi
654 2132 893 2221 ορμοὶς,
949 2136 1362 2201 oboedientes
1414 2134 1665 2201 efficere
1720 2136 1961 2200 rationi
1970 2151 1987 2220 3
2042 2136 2308 2200 tertium

298 2222 418 2307 118),
445 2223 826 2307 quibuscum
870 2245 1367 2318 congregemur,
1400 2223 1499 2288 uti
1544 2222 1874 2289 moderate
1911 2228 1979 2289 et
2014 2224 2308 2307 scienter,

300 2332 575 2396 quorum
639 2312 871 2377 studiis
936 2334 1048 2413 ⁰³ss
1103 2334 1265 2397 quae
1328 2314 1565 2377 natura
1628 2311 1995 2412 desiderat,
2051 2313 2309 2395 expleta

299 2401 752 2485 cumulataque
805 2401 1186 2485 habeamus,
1240 2422 1357 2485 per
1410 2400 1819 2485 eosdemque,
1880 2400 1937 2464 si
1991 2399 2144 2484 quid
2189 2400 2306 2464 im-

299 2492 596 2573 portetur
629 2489 818 2554 nobis
854 2489 1262 2572 incommodi,
1306 2489 1758 2573 propulsemus
1794 2488 2307 2572 ulciscamurque
2335 2504 2387 2545 2⁵

299 2598 445 2671 eos,
472 2577 582 2662 qui
624 2597 856 2642 1100010
898 2577 1089 2642 1101118
1134 2575 1354 2642 conati
1397 2575 1546 2659 sint,
1590 2579 1902 2660 tantaque
1948 2597 2157 2660 poena
2203 2575 2306 2639 ad-

297 2664 617 2754 iiciamus,
645 2667 955 2749 quantam
984 2665 1276 2749 aequitas
1302 2663 1803 2747 humanitasque
1829 2664 2095 2749 patitur.
2160 2662 2305 2739 Qui-

299 2752 421 2816 bus
468 2756 684 2817 autem
730 2752 1091 2817 rationibus
1136 2752 1303 2817 hanc
1356 2750 1738 2817 facultatem
1793 2752 2052 2836 assequi
2104 2752 2306 2837 possi-

299 2861 442 2904 mus
436 2884 485 2924 ,-
524 2843 599 2905 ut
651 2840 988 2905 hominum
1042 2840 1257 2905 studia
1301 2840 1807 2924 complectamur
1852 2861 2051 2924 eaque
2096 2844 2335 2905 tenea--

299 2949 481 3026 mus,
515 2928 825 3013 dicemus,
870 2950 1075 3013 neque
1119 2928 1215 2993 ita
1260 2928 1469 2993 multo
1515 2933 1692 3012 post,
1748 2928 1859 2992 sed
1904 2950 2110 3012 pauca
2156 2932 2306 2992 ante
2334 2947 2385 2988 ³0

300 3016 566 3082 dicenda
603 3020 769 3082 sunt.
843 3016 1150 3103 Magnam
1186 3016 1321 3082 vim
1359 3037 1498 3081 0880
1534 3017 1604 3081 111
1645 3015 1911 3081 fortuna
1953 3016 2023 3080 in
2067 3019 2306 3081 utram-

298 3126 423 3188 que
466 3109 750 3190 partem,
803 3105 908 3170 vel
964 3105 1272 3171 secundas
1321 3104 1402 3169 ad
1456 3127 1558 3169 res
1615 3105 1717 3168 vel
1774 3103 2107 3188 adversas,
2162 3105 2304 3189 quis

297 3192 603 3279 ignorat?
694 3193 867 3259 Nam
921 3197 1020 3286 et,
1077 3215 1222 3259 cum
1275 3214 1587 3277 prospero
1641 3193 1802 3258 flatu
1855 3191 1991 3257 eius
2045 3193 2306 3277 utimur,

299 3281 381 3344 ad
426 3282 635 3346 exitus
681 3281 1100 3366 pervehimur„
1137 3284 1399 3366 optatos
1446 3285 1537 3368 ct,
1574 3303 1720 3346 cum
1759 3279 2032 3365 reflavit,
2077 3280 2306 3366 affligi-

299 3389 460 3433 mur.
532 3367 713 3434 Haec
756 3369 961 3455 igitur
1003 3369 1148 3455 ipsa
1190 3368 1455 3434 fortuna
1499 3373 1749 3434 ceteros
1795 3390 1979 3434 casus
2027 3369 2305 3433 rariores
2334 3389 2385 3431 81

297 3454 525 3539 habet,
588 3456 867 3539 primum
933 3457 1015 3521 ab
1079 3457 1382 3521 inanimis
1446 3457 1794 3542 procellas,
1865 3458 2306 3540 tempestates,

298 3541 671 3627 naufragia,
732 3544 984 3628 ruinas,
1046 3544 1372 3628 incendia,
1439 3544 1664 3610 deinde
1727 3567 1767 3610 a
1831 3544 2059 3609 bestiis
2123 3544 2310 3627 ictuS,
