2630 3913
736 230 1184 286 ORATIONUM.
1223 235 1287 285 A.
1326 231 1427 284 VII
1466 234 1613 299 Arg.,
1657 238 1807 283 1—4.
2139 231 2261 293 241

260 396 396 495 quis
440 398 681 458 eventus
723 394 942 458 iudicii
980 394 1233 473 futurus
1267 398 1430 457 esset.
1503 394 1788 474 Namque
1830 398 1887 456 et
1926 413 1968 456 a
2012 395 2268 457 summis

262 484 410 546 viris
448 483 571 546 dici
606 483 950 547 testimonia
983 483 1054 545 in
1090 480 1457 563 Cornelium,
1503 487 1560 546 et
1592 482 1674 558 id,
1710 482 1871 562 quod
1902 483 1959 544 ei
1993 482 2268 564 dicerent,

261 572 533 652 confiteri
596 591 768 635 reum
829 570 1403 634 animadvertebant.
1512 571 1716 634 Extat
1776 571 1970 633 oratio
2028 568 2270 634 Comini

262 660 655 740 accusatoris,
712 679 900 740 quam
951 678 1185 723 sumere
1237 661 1306 721 in
1361 679 1584 723 manus
1636 664 1726 722 est
1765 659 2018 738 aliquod
2059 678 2270 739 operae

214 749 539 900 ⁵232&
565 748 1242 900 mefflz‘mffltfs„
1253 746 2269 899 Qtsszw'ffiffffls

264 929 332 987 ut
380 926 510 1005 ipse
562 885 891 1005 siqnificat'‚
954 855 1703 1004 quadridufroloornelium
1755 855 2052 1003 dgfendln
2116 886 2270 1004 quas

263 1014 525 1077 actiones
567 1013 887 1077 contulisse
929 1032 1067 1075 eum
1110 1012 1181 1074 in
1225 1012 1382 1076 duas
1418 1013 1718 1076 orationes
1752 1016 2025 1094 apparet.
2098 1011 2271 1076 Iudi-

264 1102 424 1164 cium
469 1102 539 1165 id
580 1102 843 1164 exercuit
888 1099 956 1179 Q.
1005 1099 1256 1164 Gallius
1289 1104 1556 1180 praetor.

192 1298 240 1334 ιο
410 1274 478 1340 V.
524 1274 643 1340 Cic.
681 1278 749 1339 in
797 1275 999 1339 Vatin.
1035 1280 1098 1340 2.
1134 1278 1191 1355 5,
1235 1297 1323 1341 or.
1357 1281 1457 1340 30.
1495 1280 1634 1353 108,
1684 1274 1753 1355 Q.
1791 1274 1911 1340 Cic.
1948 1281 2067 1355 pet.
2113 1296 2271 1341 cons,

267 1367 322 1428 5.
368 1369 467 1445 19,
511 1363 708 1427 Mart.
754 1362 901 1444 Cap.
946 1363 995 1426 Ι
1002 1364 1055 1427 V
1084 1384 1151 1445 p.
1196 1366 1320 1428 506
1366 1385 1454 1428 ex.
1491 1386 1556 1445 p.
1602 1368 1755 1428 472.
1801 1368 1845 1428 8
1887 1363 2103 1427 Halm.

405 1453 457 1514 1.
516 1450 699 1515 Grill.
753 1456 1061 1515 comment.
1107 1472 1173 1534 p.
1220 1456 1363 1517 602.
1409 1458 1486 1516 11
1542 1452 1629 1515 Η.
1697 1451 1779 1517 Ut
1833 1453 2274 1517 insinuationis

267 1540 540 1621 exempla
565 1542 751 1604 etiam
776 1541 849 1603 de
877 1539 1158 1605 Cicerone
1175 1560 1500 1623 ponamus,
1535 1560 1657 1604 eece
1681 1541 2097 1604 insinuatione
2126 1561 2274 1605 usus

266 1633 355 1693 est
377 1649 493 1709 per
525 1630 939 1693 circuitionem
973 1630 1043 1693 in
1079 1627 1480 1693 Corneliana:
1528 1625 1594 1691 Si
1634 1650 1938 1711 umquam
1976 1628 2114 1692 ulla
2148 1628 2274 1691 fuit

190 1736 238 1775 15
266 1738 476 1799 causa,
510 1716 769 1798 iudiceS,
806 1719 876 1780 in
900 1737 1025 1799 qua
1051 1718 1232 1781 initio
1267 1718 1507 1782 dicendi
1539 1718 1727 1798 finxit
1759 1737 1822 1780 se
1856 1738 1898 1779 a
1924 1718 2045 1781 diis
2058 1723 2274 1798 petere,

264 1807 425 1888 quod
466 1827 508 1869 a
550 1806 853 1870 iudicibus
885 1806 1253 1887 postulabat,
1297 1811 1357 1869 et
1396 1826 1513 1887 quo
1558 1806 1732 1869 modo
1776 1805 1936 1869 illud
1984 1805 2272 1887 Veryilia-

264 1915 447 1959 num:
478 1893 709 1976 ‘Neque
736 1914 831 1958 me
852 1894 1144 1977 Aryolica
1170 1895 1243 1958 de
1262 1899 1436 1976 yente
1463 1892 1727 1976 neyabo’,
1753 1894 1842 1959 sic
1869 1893 2074 1958 ethic:
2103 1892 2273 1958 Nam

267 1983 475 2067 primo
525 1983 810 2046 omnium
855 1987 1147 2067 tempore
1192 1982 1615 2046 infestissimo
1671 2004 1930 2047 causam
1989 1982 2274 2047 dicimus.

402 2071 460 2132 2.
516 2070 710 2134 Prisc.
770 2071 910 2134 VII
945 2077 1003 2136 3.
1051 2077 1131 2135 11
1174 2092 1241 2151 p.
1286 2074 1437 2136 294.
1482 2077 1524 2134 3
1567 2071 1655 2134 Η.
1711 2071 1916 2135 Cicero
1960 2092 2080 2151 pro
2135 2072 2276 2137 Cor-

188 2177 241 2214 20
269 2157 428 2220 nelio
472 2156 522 2218 I
526 2178 547 2218 .·
605 2161 678 2219 ut
732 2157 813 2221 ab
867 2157 1018 2222 Iove
1074 2161 1340 2241 optumo
1395 2181 1695 2222 maxumo
1752 2158 2107 2242 ceterisque
2156 2159 2276 2222 diis

273 2243 639 2327 deabusque
685 2244 981 2308 omnibus
1030 2268 1216 2330 opem
1264 2253 1330 2309 et
1375 2247 1684 2310 auxilium
1730 2250 1968 2331 petam.

404 2333 462 2395 3.
517 2331 738 2397 Ascon.
781 2353 849 2414 p.
895 2336 990 2398 55.
1046 2338 1084 2397 5
1138 2333 1222 2397 K.
1277 2339 1335 2397 et
1386 2334 1520 2398 Sch.
1580 2335 1712 2399 Ver.
1767 2356 1809 2398 a
1851 2336 2059 2414 primo
2115 2337 2276 2398 circi.

271 2417 482 2485 CLX:
527 2419 906 2485 Postulatur
953 2422 1123 2505 apud
1169 2443 1270 2486 me
1318 2426 1681 2505 praetorem
1727 2423 2006 2507 primum
2049 2421 2126 2486 de
2172 2445 2278 2507 pe-

268 2508 473 2573 cuniis
511 2509 900 2593 repetundis,
971 2509 1356 2593 Prospectat
1390 2511 1690 2575 videlicet
1729 2508 2078 2592 Cominius,
2125 2510 2278 2595 quid

184 2617 237 2656 25
269 2602 529 2749 {gatun
573 2597 749 2749 Ῡίᾶῗὺ
785 2598 1376 2750 hominestfaeneos
1412 2599 1482 2662 in
1522 2598 1803 2663 medium
1840 2600 1923 2663 ad
1959 2603 2278 2683 temptan-

312 2709 420 2749 um
467 2708 685 2769 pericu
715 2709 824 2750 um
914 2709 1085 2751 rmec
1120 2708 1209 2752 os,

492 2773 845 2839 Simulacra
868 2710 1088 2858 {ffiqie
1130 2776 1449 2840 hominum
1493 2795 1567 2839 ex
1602 2775 1786 2854 faeno
1819 2777 1959 2857 fieri
1993 2777 2279 2857 solebant,

356 2863 574 2944 quibus
617 2863 854 2928 obiectis
897 2865 983 2928 ad
1021 2864 1426 2944 spectaculum
1459 2864 1876 2946 praebendum
1922 2866 2092 2929 tauri
2134 2866 2278 2927 irri-

359 2956 651 3015 tarentur.

181 3058 237 3095 30
400 3040 459 3102 4.
526 3037 733 3113 Quid?
824 3038 1128 3104 Metellus
1184 3062 1438 3105 summa
1491 3039 1835 3104 nobilitate
1893 3061 1966 3105 ac
2019 3040 2278 3122 virtute,

265 3126 369 3190 bis
424 3149 568 3191 cum
623 3127 934 3210 iurasset,
990 3128 1185 3192 semel
1232 3129 1559 3213 privatim,
1612 3130 1835 3192 iterum
1881 3129 2026 3211 lege,
2079 3148 2280 3192 nonne

265 3214 576 3298 privatim
612 3216 837 3299 patrie„
882 3216 1139 3300 publice
1177 3216 1342 3301 legis
1379 3217 1668 3298 reliyione
1704 3216 1956 3280 vinctus
1997 3216 2277 3281 deiectus

267 3303 413 3367 est?
459 3303 710 3368 ratione
758 3326 841 3368 an
886 3304 995 3368 vi?
1077 3304 1169 3368 At
1215 3305 1523 3385 utrimque
1566 3325 1802 3368 omnem
1846 3304 2278 3389 suspicionem

266 3391 468 3454 animi
512 3391 692 3454 tollit
725 3398 784 3456 et
818 3391 885 3456 G.
913 3390 1202 3457 Curionis
1246 3393 1455 3456 virtus
1502 3414 1577 3457 ac
1623 3392 1906 3478 dignitas
1945 3397 2010 3458 et
2049 3392 2121 3468 Q.
2149 3393 2280 3457 Me-

178 3495 234 3534 35
265 3479 412 3542 telli
454 3485 721 3561 spectata
757 3480 1192 3544 adulescentia
1229 3480 1310 3544 ad
1347 3503 1664 3545 summam
1705 3481 1961 3547 laudem
1999 3484 2278 3547 omnibus

264 3567 459 3630 rebus
508 3571 753 3632 ornata.

377 3678 484 3720 010.
513 3681 594 3721 IV.
624 3683 661 3721 3.
1893 3681 1955 3727 16
