2630 3913
209 353 269 403 11

210 1941 271 1991 12

227 2946 270 3007 4

207 3023 269 3073 13

314 177 438 241 166
913 174 1216 230 LAELms
1250 173 1349 228 DE
1384 174 1717 231 AMICITIA

307 336 522 422 ipsum
568 337 849 402 amantis
895 341 1013 401 est.
1083 336 1247 403 Cum
1291 336 1410 403 illo
1454 337 1609 402 1810
1657 336 1799 421 quis
1854 340 2052 422 neget
2097 340 2317 403 actum

308 446 449 491 8338
492 425 862 511 praeclare?
906 423 1055 489 Nisi
1108 425 1296 509 enim,
1342 425 1513 509 quod
1556 424 1669 489 ille
1714 424 1976 489 minime
2021 426 2317 510 putabat,

310 514 849 579 inmortalitatem
908 516 1133 598 optare
1187 513 1413 598 vellet,
1477 512 1632 597 quid
1684 534 1815 578 non
1870 514 2141 598 adeptus
2198 519 2317 599 est,

310 602 482 686 quod
541 601 789 667 homini
849 600 951 666 fas
1016 605 1187 666 esset
1249 602 1521 686 optare?
1596 600 1707 685 qui
1768 622 2087 667 summam
2134 623 2315 686 spem

310 690 571 774 civium,
635 711 829 774 quam
875 690 952 754 de
998 711 1073 754 80
1117 690 1250 754 iam
1303 710 1503 773 puero
1556 689 1947 769 habuerant,
2006 690 2308 756 continuo
2366 709 2395 748 ⁶

311 778 681 843 adulescens
710 777 1070 843 incredibili
1097 778 1339 842 virtute
1372 777 1722 863 superavit,
1760 777 1870 862 qui
1907 779 2314 844 consulatum

309 865 544 952 petivit
586 888 957 950 numquam,
1000 866 1210 931 factus
1258 867 1484 931 consul
1530 869 1630 930 est
1673 865 1794 949 bis,
1839 866 2123 950 primum
2164 871 2316 932 ante

310 959 596 1039 tempus,
638 955 876 1020 iterum
921 954 1049 1020 sibi
1094 976 1212 1020 suo
1256 958 1578 1039 tempore,
1631 953 1726 1017 181
1769 954 2072 1057 publicae
2111 977 2314 1040 paene

311 1063 483 1127 3810,
523 1042 657 1145 ‘qui
710 1043 957 1109 duabus
1019 1042 1288 1107 urbibus
1354 1042 1593 1108 8181313
1647 1041 2110 1108 inimicissimis
2162 1044 2315 1109 huic

309 1130 582 1215 imperio
618 1152 750 1196 non
776 1130 967 1196 modo
994 1130 1380 1216 praesentia,
1414 1152 1639 1195 verum
1667 1130 1865 1195 etiam
1891 1130 2112 1196 futura
2137 1132 2314 1197 bella
2343 1150 2397 1189 ιο

311 1219 566 1284 delevit.
640 1217 807 1295 Quid
852 1219 1061 1284 dicam
1108 1220 1184 1284 de
1230 1218 1518 1283 moribus
1561 1217 1910 1303 facillimis,
1956 1220 2032 1285 (18
2069 1220 2314 1304 pietate

309 1308 380 1372 in
423 1311 726 1393 matrem,
778 1306 1174 1373 liberalitate
1228 1307 1298 1371 in
1343 1327 1623 1391 sorores,
1680 1306 1975 1373 bonitate
2030 1308 2099 1373 in
2144 1330 2314 1393 suos,

309 1395 563 1461 iustitia
604 1396 675 1460 in
720 1397 985 1462 omnes?
1029 1399 1189 1462 nota
1233 1399 1386 1460 sunt
1420 1395 1625 1460 vobis.
1672 1413 1675 1418 ·
1716 1393 1923 1470 Quam
1969 1399 2187 1462 autem
2231 1397 2314 1462 ci·

309 1484 502 1549 vitati
533 1506 717 1550 carus
754 1484 970 1562 fuerit,
1010 1505 1300 1549 maerore
1328 1482 1575 1548 funeris
1602 1482 1956 1549 indicatum
1983 1488 2101 1549 est.
2147 1484 2314 1560 Quid

307 1573 512 1659 igitur
567 1573 739 1638 hunc
791 1594 1142 1673 paucorum
1207 1592 1522 1637 annorum
1577 1572 1857 1638 accessio
1917 1573 2140 1638 iuvare
2202 1594 2313 1658 po·
2340 1589 2395 1631 15

310 1661 587 1726 tuisset‘?
660 1658 966 1726 Senectus
1025 1660 1196 1725 enim
1260 1659 1555 1744 quamvis
1607 1681 1741 1725 non
1786 1660 1874 1725 sit
1929 1661 2175 1747 gravis,
2236 1665 2314 1726 111

309 1748 575 1814 memini
601 1746 915 1814 Catonem
943 1770 1110 1813 anno
1149 1752 1319 1831 ante,
1365 1770 1559 1832 quam
1587 1751 1687 1813 est
1714 1752 2026 1834 11101111113,
2063 1770 2313 1814 1118011111

312 1840 377 1901 81
422 1858 567 1902 cum
613 1833 910 1921 Scipione
956 1837 1285 1921 disserere,
1329 1839 1552 1901 tamen
1598 1836 1810 1901 aufert
1846 1858 1990 1902 eam
2025 1838 2312 1903 viridita-

309 1929 474 2010 tem,
528 1925 597 1990 in
641 1945 768 2009 qua
814 1925 1011 1990 etiam
1054 1946 1224 1991 nunc
1269 1928 1411 1990 erat
1455 1921 1688 2010 Scipio.
1779 1922 1985 2000 Quam
2030 1926 2114 1992 ob
2174 1947 2311 1992 rem

308 2014 446 2079 vita
491 2013 748 2097 quidem
792 2014 945 2079 talis
990 2014 1117 2079 fuit
1161 2014 1265 2079 vel
1308 2012 1574 2078 fortuna
1616 2014 1722 2079 181
1769 2014 2000 2100 gloria,
2034 2018 2109 2079 ut
2143 2015 2309 2079 nihil
2337 2031 2393 2071 20

306 2105 531 2188 posset
576 2101 888 2188 accedere,
933 2102 1248 2168 moriendi
1293 2105 1512 2167 autem
1558 2123 1815 2167 sensum
1860 2102 2155 2169 celeritas
2204 2103 2311 2168 ab·

307 2190 523 2275 stulit3
586 2211 713 2275 quo
761 2191 837 2255 (18
883 2212 1116 2278 genere
1161 2189 1393 2256 mortis
1439 2189 1699 2256 difficile
1737 2190 1912 2256 dictu
1968 2195 2093 2276 est,
2157 2191 2310 2276 quid

305 2278 600 2344 homines
665 2278 1096 2364 suspicentur,
1157 2278 1418 2362 videtis3
1490 2278 1614 2343 hoc
1667 2300 1815 2344 vere
1874 2283 2095 2344 tamen
2157 2280 2311 2346 licet

308 2368 533 2452 dicere,
577 2366 648 2432 P.
694 2365 978 2453 Scipioni
1024 2390 1100 2433 ex
1143 2367 1370 2432 multis
1416 2366 1666 2451 (11811113,
1713 2388 1873 2451 quos
1918 2367 1989 2432 in
2031 2368 2170 2433 vita
2214 2390 2311 2434 ce·

308 2455 687 2521 leberrimos
741 2457 1261 2541 laetissimosque
1315 2454 1576 2539 viderit,
1628 2455 1817 2520 illum
1872 2455 2040 2520 diem
2091 2457 2309 2522 claris-
2336 2471 2391 2512 2⁵

309 2545 543 2610 simum
594 2543 820 2629 fuisse,
882 2566 1077 2630 quom
1123 2547 1351 2608 senatu
1397 2542 1661 2608 dimisso
1702 2543 1964 2610 domum
2008 2545 2309 2611 reductus

308 2633 390 2698 ad
431 2653 770 2716 vesperum
816 2636 917 2697 est
971 2655 1010 2697 a
1066 2633 1363 2716 patribus
1418 2631 1833 2715 conscriptiS,
1886 2633 2128 2717 populo
2184 2633 2310 2698 Ro·

308 2741 528 2804 mano,
576 2720 764 2784 sociis
811 2724 877 2784 81
920 2720 1198 2804 Latinis,
1250 2719 1457 2804 pridie
1511 2741 1708 2804 quam
1753 2721 2026 2785 excessit
2073 2743 2108 2786 8
2153 2721 2308 2800 vita,

306 2812 381 2881 ut
426 2830 503 2872 ex
546 2810 685 2871 tam
730 2809 866 2873 alto
913 2807 1251 2894 dignitatis
1306 2808 1511 2892 gradu
1566 2806 1647 2872 ad
1701 2829 1967 2893 superos
2012 2808 2309 2875 videatur

309 2898 459 2962 deos
506 2896 723 2981 potius
769 2919 963 2981 quam
1009 2895 1091 2961 ad
1134 2895 1378 2961 inferos
1422 2895 1807 2982 pervenisse.
2336 2913 2391 2955 ω

437 2983 663 3069 Neque
710 2984 881 3049 enim
918 2985 1246 3050 adsentior
1281 2985 1383 3068 113,
1428 2984 1538 3069 qui
1573 2984 1732 3050 haec
1762 3006 1968 3068 nuper
1996 2984 2308 3051 disserere

306 3077 669 3159 coeperunt,
711 3096 856 3139 cum
884 3073 1260 3158 corporibus
1289 3073 1483 3138 simul
1522 3073 1771 3138 animos
1808 3072 2074 3139 interire
2112 3078 2308 3158 atque

308 3162 524 3228 omnia
567 3166 778 3227 morte
824 3161 1048 3246 deleri3
1091 3162 1238 3246 plus
1277 3161 1447 3246 apud
1494 3183 1596 3226 me
1643 3161 2057 3245 antiquorum
2094 3166 2309 3228 aucto·

305 3252 466 3315 ritas
510 3251 704 3333 valet,
749 3251 854 3316 vel
897 3254 1270 3315 nostrorum
1317 3250 1652 3334 maiorum,
1699 3249 1808 3334 qui
1854 3249 2127 3315 mortuis
2169 3254 2308 3315 tam

305 3337 614 3423 religiosa
656 3339 800 3403 iura
842 3338 1226 3424 tribuerunt,
1273 3337 1445 3423 quod
1489 3358 1619 3402 non
1653 3336 1961 3403 fecissent
1994 3337 2306 3423 profecto,
2336 3355 2388 3397 ³⁵

308 3425 364 3488 31
405 3425 570 3489 1111111
617 3426 697 3490 ad
744 3447 853 3490 eos
892 3426 1213 3511 pertinere
1251 3426 1742 3510 arbitrarentur,
1777 3426 1882 3491 181
1920 3447 2159 3512 80111111,
2197 3427 2309 3512 qui

304 3510 374 3574 in
408 3512 530 3576 hac
564 3515 742 3577 terra
776 3513 1037 3578 fuerunt
1071 3535 1503 3598 magnamque
1537 3512 1892 3597 Graeciam,
1939 3536 2101 3600 quae
2137 3537 2309 3584 nunc
