2630 3913
271 539 332 588 81

274 1550 358 1613 23

274 1628 341 1677 82

273 3017 338 3067 83

381 195 504 258 160
859 193 1044 247 CATO
1082 193 1318 248 MAIOR
1354 193 1451 246 DE
1490 192 1917 247 SENECTUTE

373 356 564 421 illuc
610 356 889 438 omnia,
934 355 1126 419 unde
1174 359 1346 419 orta
1393 364 1596 437 sunt,
1642 354 1939 418 animus
1978 356 2235 418 autem
2272 373 2384 417 so·

374 444 523 528 lus,
576 466 711 510 nec
756 465 916 508 cum
974 443 1192 507 adest
1236 464 1371 507 nec
1417 464 1581 507 cum
1629 441 1983 525 discedit,
2044 445 2388 526 apparet.

373 531 531 596 Iam
578 554 756 597 vero
804 530 1092 596 videtis
1139 531 1342 595 nihil
1403 551 1570 594 esse
1626 529 1859 595 morti
1912 535 2068 593 tam
2129 529 2388 593 simile

379 643 600 704 quam
638 641 1000 685 somnum.
1092 618 1334 702 Atqui
1380 618 1930 683 dormientium
1969 616 2203 682 animi
2239 639 2387 681 ma-

377 709 573 773 xime
620 707 1022 773 declarant
1068 707 1562 772 divinitatem
1609 728 1845 789 suam3
1883 706 2125 770 multa
2171 706 2386 788 enim,
2441 722 2465 765 e

378 818 545 861 cum
590 796 899 860 remissi
936 799 1011 860 et
1047 795 1282 860 liberi
1321 799 1529 877 sunt,
1573 793 1841 859 futura
1877 793 2387 879 prospiciunt.

377 884 486 948 Ex
544 906 686 968 quo
741 883 1270 984 intellegitur,
1337 884 1604 967 quales
1668 882 1916 947 futuri
1971 882 2155 964 sint,
2220 903 2387 947 cum

380 994 460 1036 se
496 973 723 1056 plane
761 974 1113 1057 corporis
1141 970 1477 1037 vinculis
1514 971 2061 1035 relaxaverint.
2109 967 2388 1053 Quare,

380 1060 442 1124 si
506 1060 690 1126 haec
751 1061 864 1125 ita
928 1063 1128 1143 sunt,
1193 1060 1300 1125 sic
1366 1081 1476 1124 me
1531 1057 1908 1142 colitote',
1969 1058 2207 1143 inquit,
2274 1057 2389 1122 ‘ut

380 1149 620 1233 deum3
666 1149 784 1213 sin
828 1171 974 1213 una
1021 1152 1139 1213 est
1183 1148 1651 1213 interiturus
1692 1147 1986 1212 animus
2026 1169 2189 1211 cum
2226 1167 2389 1211 cor·
2417 1164 2467 1206 ιο

379 1258 587 1322 pore,
633 1258 765 1302 vos
821 1241 1074 1301 tamen
1130 1236 1308 1301 deos
1362 1239 1745 1319 verentes,
1810 1235 1937 1319 qui
1990 1235 2184 1300 hanc
2238 1255 2386 1298 om-

378 1347 544 1390 nem
590 1324 1246 1410 pulchritudinem
1292 1328 1609 1389 tuentur
1655 1327 1729 1388 et
1764 1327 2071 1408 regunt,
2117 1344 2388 1388 memo-

379 1413 569 1477 riam
615 1414 869 1478 nostri
912 1413 1035 1497 pie
1071 1413 1599 1497 inviolateque
1636 1410 2104 1476 servabitis?
2181 1408 2387 1495 Cyrus

380 1502 638 1586 quidem
681 1502 841 1567 haec
884 1502 1191 1584 moriens3
1235 1522 1374 1584 nos,
1413 1502 1469 1565 si
1506 1503 1735 1586 placet,
1770 1504 2000 1564 nostra
2034 1499 2385 1565 videamus

378 1589 586 1655 Nemo
633 1611 941 1673 umquam
985 1590 1163 1672 mihi,
1216 1586 1459 1674 Scipio,
1512 1588 1926 1673 persuadebit
1972 1593 2085 1652 aut
2130 1592 2387 1673 patrem
2415 1604 2463 1645 1⁵

379 1683 564 1742 tuum
609 1677 886 1742 Paulum
933 1681 1046 1741 aut
1091 1675 1250 1741 duos
1307 1698 1492 1761 aVOS,
1548 1675 1826 1741 Paulum
1882 1681 1948 1741 et
1990 1676 2388 1761 Africanum,

381 1771 493 1831 aut
529 1764 823 1830 Africani
858 1769 1110 1849 patrem
1149 1769 1262 1829 aut
1297 1769 1603 1849 patruum
1641 1769 1755 1830 aut
1788 1765 2029 1829 multos
2056 1768 2387 1849 praestan-

382 1860 478 1918 tes
525 1853 717 1936 virOS,
765 1874 926 1937 quos
973 1874 1346 1918 enumerare
1381 1874 1511 1918 non
1558 1858 1660 1918 est
1692 1874 1978 1937 necesse,
2023 1857 2210 1917 tanta
2247 1874 2388 1917 esse

380 1945 647 2007 conatos
656 1992 674 2025 ,
740 1964 902 2025 quae
950 1941 1030 2006 ad
1083 1941 1489 2027 posteritatis
1544 1942 1924 2007 memoriam
1970 1940 2387 2044 pertinerent,

380 2030 506 2095 nisi
551 2030 766 2095 animo
822 2035 1155 2095 cernerent
1206 2031 1657 2115 posteritatem
1713 2031 1796 2095 ad
1845 2051 1913 2095 se
1967 2031 2145 2115 ipsos
2191 2030 2463 2115 perti-20

379 2140 547 2184 nere.
636 2118 745 2182 An
790 2140 1028 2202 censeS,
1073 2123 1146 2183 ut
1192 2119 1270 2183 de
1317 2140 1419 2184 me
1464 2119 1603 2204 ipse
1651 2118 1895 2201 aliquid
1942 2140 2119 2183 more
2159 2139 2384 2183 senum

380 2206 638 2292 glorier,
684 2228 785 2272 me
832 2211 1054 2272 tantos
1100 2207 1358 2272 labores
1397 2206 2172 2291 diurnos.nocturnosque
2212 2206 2387 2271 domi

379 2295 776 2380 militiaeque
823 2299 1269 2380 suscepturum
1325 2295 1553 2380 fuisse,
1608 2296 1663 2359 si
1708 2295 1911 2359 isdem
1964 2294 2201 2359 finibus
2249 2296 2386 2381 glo·

378 2384 543 2449 riam
571 2407 799 2468 meam,
843 2384 1076 2469 quibus
1103 2385 1326 2467 vitam,
1364 2405 1570 2448 essem
1599 2383 2106 2448 terminaturus?
2151 2381 2386 2448 Nonne

378 2473 608 2537 melius
657 2473 864 2537 multo
910 2471 1142 2537 fuisset
1179 2473 1458 2537 otiosam
1496 2476 1778 2536 aetatem
1816 2475 1881 2535 et
1919 2471 2207 2556 quietam
2246 2471 2385 2537 sine
2415 2486 2467 2527 8⁵

376 2561 512 2626 ullo
560 2565 673 2625 aut
709 2560 933 2625 labore
970 2566 1084 2625 aut
1121 2561 1529 2625 contentione
1566 2560 1945 2625 traducere?
2008 2557 2135 2624 Sed
2166 2560 2383 2625 nescio

378 2669 504 2732 quo
552 2647 742 2712 modo
791 2647 1042 2712 animus
1088 2648 1341 2733 erigens
1390 2670 1458 2713 se
1502 2648 1954 2732 posteritatem
1999 2647 2095 2711 ita
2132 2669 2386 2733 semper

376 2736 832 2820 prospiciebat,
878 2736 1080 2819 quasi,
1127 2757 1272 2800 cum
1318 2737 1697 2802 excessisset
1742 2759 1776 2801 e
1820 2736 1975 2820 vita,
2026 2741 2163 2800 tum
2213 2736 2384 2801 deni·

379 2846 502 2907 que
546 2823 832 2889 victurus
880 2826 1066 2888 esset.
1157 2822 1341 2899 Quod
1399 2825 1655 2908 quidem
1709 2824 1778 2888 ni
1831 2824 1927 2888 ita
1972 2846 2040 2888 se
2094 2823 2386 2908 haberet,

378 2912 451 2976 ut
479 2911 678 2976 animi
696 2911 1076 2976 inmortales
1097 2916 1331 2996 essent,
1358 2912 1531 2977 haud
1551 2913 1781 2997 optimi
1801 2913 2107 2996 cuiusque
2131 2912 2387 2977 animus
2415 2929 2467 2970 ω

378 3000 655 3066 maxime
694 3000 774 3064 ad
810 3000 1351 3065 inmortalitatem
1389 3005 1454 3065 et
1482 3000 1761 3088 gloriam
1786 3001 2118 3065 niteretur.
2175 2998 2385 3076 Quid?
2468 3041 2478 3052 ·

380 3088 551 3174 quod
597 3088 1115 3172 sapientissimus
1168 3089 1438 3191 quisque
1496 3089 1883 3173 aequissimo
1932 3088 2147 3154 animo
2194 3089 2387 3153 mori·

378 3183 511 3262 tur,
568 3177 994 3242 stultissimus
1048 3177 1483 3260 iniquissim0‚
1537 3198 1748 3242 nonne
1789 3176 1976 3242 vobis
2020 3176 2275 3242 videtur
2328 3177 2386 3241 is

378 3265 648 3349 animus,
696 3265 805 3348 qui
849 3265 997 3350 plus
1045 3268 1264 3330 cernat
1312 3269 1378 3330 et
1423 3265 1707 3351 longiuS,
1753 3265 1969 3330 videre
2016 3287 2084 3330 se
2131 3265 2212 3330 ad
2257 3287 2387 3330 me·

378 3353 544 3418 liora
595 3353 942 3437 proficisci,
1007 3353 1119 3417 ille
1167 3358 1409 3436 autem,
1475 3352 1651 3419 cuius
1708 3353 2002 3419 obtusior
2057 3353 2144 3418 sit
2197 3353 2386 3437 acies„
2417 3370 2467 3411 ⁸⁵

376 3460 507 3503 non
568 3439 827 3506 videre?
898 3439 1218 3523 Equidem
1284 3442 1513 3505 efferor
1577 3441 1790 3507 studio
1845 3445 2066 3526 patres
2112 3445 2387 3525 vestros,

381 3545 540 3608 quos
597 3527 765 3591 colui
821 3531 889 3592 et
940 3528 1163 3613 dilexi,
1223 3528 1509 3612 videndi,
1571 3550 1777 3616 neque
1831 3550 1985 3595 vero
2040 3549 2149 3593 eos
2206 3529 2385 3595 solos
