2630 3913
347 211 387 270 2
394 208 476 270 88
1123 202 1575 257 FRAGMENTA

343 392 404 450 p.
448 375 590 434 481.
637 374 680 433 8
725 363 983 449 Πλοκή,
1035 367 1353 447 copulatio.
1444 365 1550 428 Ea
1601 365 1806 447 fiyura
1859 365 2234 443 elocutionis,
2288 386 2362 429 in

346 479 470 539 qua
523 458 682 521 idem
735 457 981 520 verbum
1034 459 1148 518 aut
1197 474 1418 518 nomen
1470 454 1562 517 bis
1615 455 1897 517 continuo
1940 456 2213 535 positum
2265 454 2361 517 di·

347 566 521 626 versa
563 546 887 627 siqnificat,
931 548 1002 606 ut
1043 548 1133 607 est
1171 543 1362 606 illud:
1410 539 1533 605 Sed
1571 545 1790 605 tamen
1828 542 1909 605 ad
1953 543 2143 606 illum
2191 542 2359 604 diem

346 634 687 698 Memmius
736 635 875 695 erat
920 631 1280 694 Memmius,

487 723 583 785 19.
639 721 958 784 Schemata
1010 722 1179 783 dian.
1232 722 1312 783 15
1355 740 1423 800 p.
1481 724 1580 783 73.
1625 724 1704 782 11
1748 718 1835 783 H.
1917 714 2365 800 ’Τπεξαίρεσις
2425 736 2454 775 5

348 817 436 875 est
460 811 684 874 Latine
711 810 985 889 exceptio,
1022 809 1265 889 quando
1301 809 1543 888 aliquid
1573 827 1614 869 a
1645 807 1921 889 yenerali
1954 808 2366 888 complexione

346 899 809 980 distinquimus‚
862 897 1066 978 qualis
1117 901 1204 960 est
1257 896 1371 960 illa
1424 897 1681 976 exceptio
1737 894 2079 960 Ciceronis:
2143 893 2363 959 Minus

351 1009 452 1051 me
508 985 860 1051 commovit
914 984 1194 1049 hominis
1252 1006 1505 1048 summa
1550 984 1903 1048 auctoritas
1948 984 2016 1047 in
2063 982 2186 1048 hoe
2230 1005 2362 1048 uno

348 1097 582 1161 genere
638 1074 1001 1156 dumtaxat3
1063 1095 1216 1137 nam
1269 1072 1340 1136 in
1393 1073 1624 1138 ceteris
1679 1072 1938 1157 egregie
1993 1072 2363 1137 commovit.

483 1164 586 1228 20.
628 1163 832 1243 Quint.
871 1162 985 1225 IX
1015 1168 1073 1226 3.
1110 1166 1196 1227 21
1230 1162 1322 1225 Et
1363 1163 1434 1226 de
1477 1162 1650 1225 nobis
1695 1161 2002 1242 loquimur
2048 1166 2366 1242 tamquam
2395 1179 2452 1219 10

347 1254 420 1317 de
481 1253 660 1316 aliis:
727 1251 881 1315 dicit
936 1247 1222 1332 Servius,
1283 1254 1484 1334 negat
1547 1249 1814 1313 Tullius
1916 1248 2228 1314 ‘Fortasse
2288 1270 2367 1314 ex

346 1346 520 1422 parte
565 1342 863 1405 orationis
896 1360 962 1422 p.
1001 1340 1275 1403 Merena
1312 1359 1356 1402 a
1391 1338 1672 1404 Cicerone
1714 1359 1839 1403 non
1874 1339 2052 1415 edita,
2097 1339 2172 1417 cf.
2210 1343 2364 1402 orat.

347 1450 395 1493 c.
441 1433 534 1494 27
577 1427 748 1493 extr?
840 1428 1055 1490 Halm.

483 1519 586 1581 21.
627 1517 832 1596 Quint.
873 1516 1056 1579 VIII
1073 1521 1132 1579 3.
1169 1519 1254 1579 21
1293 1515 1434 1579 Vim
1469 1516 1643 1579 rebus
1678 1515 2013 1596 aliquando
2047 1515 2365 1579 verborum

349 1609 487 1687 ipsa
540 1605 860 1669 humilitas
913 1605 1128 1683 adfert.
1180 1639 1252 1648 —
1309 1641 1390 1648 -
1438 1603 1530 1666 Et
1581 1604 1733 1667 alibi
1787 1601 2087 1685 (OEcero).·
2148 1601 2364 1687 Caput
2394 1616 2455 1659 15

351 1712 1136 1845 ΟΡΡὲῗεδέἓίαῗαεαξέ
1143 1713 1251 1860 813?
1251 1713 1409 1844 {86⁸5
1454 1784 1536 1843 14
1582 1779 1798 1843 Halm.
1862 1780 2134 1845 Moralis
2176 1800 2359 1861 arqu-

349 1871 639 1934 mentatio
700 1870 772 1933 de
831 1873 1063 1931 natura
1124 1867 1440 1931 hominum
1494 1869 1585 1931 vel
1638 1888 1880 1932 morum
1937 1869 2357 1933 consuetudine

349 1960 610 2036 ducitur,
654 1963 724 2021 ut
769 1955 1004 2021 Cicero:
1063 1955 1189 2020 Hie
1243 1977 1366 2042 ego
1422 1956 1709 2021 dubitem
1765 1958 1834 2020 in
1888 1979 2030 2022 eam
2079 1956 2354 2041 disputa·

351 2048 596 2112 tionem
641 2045 912 2130 ingredi,
959 2067 1122 2128 quae
1169 2045 1438 2109 dueatur
1485 2067 1560 2109 ex
1606 2049 1841 2109 natura
1884 2045 2219 2110 hominum
2264 2049 2354 2109 at·
2382 2062 2435 2099 20

354 2157 475 2219 que
524 2135 811 2199 omnium
858 2134 1197 2198 sensibus?

484 2224 586 2287 23.
633 2224 757 2287 Iul.
816 2222 1447 2303 Victor6.1ex..p
1492 2228 1635 2287 397.
1682 2222 1856 2287 ΒΗ.
1946 2223 2237 2286 Amodo
2290 2223 2361 2285 in

345 2314 474 2393 fine
534 2312 991 2393 (aryumentum
1051 2311 1343 2392 ducitur),
1404 2316 1476 2375 ut
1535 2312 1795 2375 Marcus
1861 2310 2105 2375 Tullius
2161 2347 2244 2355 --
2307 2315 2365 2374 et

351 2402 542 2466 idem:
606 2421 733 2465 non
785 2420 908 2464 esse
958 2399 1005 2482 †
1059 2401 1485 2463 detractionem
1536 2401 1701 2463 circa
1742 2419 1981 2480 pacem,
2044 2418 2183 2462 oum
2234 2419 2362 2463 non

351 2490 511 2553 clam
554 2509 660 2553 nec
699 2489 923 2567 furtim
956 2489 1267 2569 profectus
1308 2489 1416 2570 sit,
1460 2490 1565 2551 sed
1595 2488 1831 2567 palam.
2390 2505 2443 2554 25

485 2578 586 2641 24.
630 2576 906 2641 Macrob.
952 2575 1082 2640 Sat.
1128 2575 1261 2639 III
1295 2581 1396 2639 14.
1441 2579 1527 2640 12
1572 2576 1742 2639 Nam
1796 2576 1973 2640 illam
2026 2577 2364 2639 orationem

350 2667 490 2746 quis
552 2670 640 2728 est
698 2666 805 2745 qui
866 2684 992 2728 non
1055 2665 1285 2746 leyerit,
1347 2665 1416 2727 in
1478 2685 1602 2745 qua
1652 2665 1953 2746 populu-m
2007 2664 2364 2728 Romanum

354 2754 654 2834 obiuryat,
698 2753 860 2833 quod
899 2751 1119 2816 Roscio
1158 2757 1394 2834 ,aestum
1438 2753 1646 2834 ayente
1691 2752 2126 2818 tumultuarit?

484 2841 588 2905 25.
647 2840 852 2920 Quint.
918 2840 980 2904 V
1023 2844 1119 2904 13.
1174 2844 1259 2904 25
1285 2861 1372 2921 sq.
1466 2840 1642 2920 Quod
1679 2842 1890 2924 posui,
1942 2842 2192 2923 referre,
2243 2861 2364 2922 quo

351 2931 612 3012 quidque
654 2933 968 2994 accusator
1011 2930 1186 2993 modo
1239 2930 1490 3011 dixerit,
1541 2929 1658 2993 huc
1689 2931 1981 3012 pertinet,
2033 2935 2107 2993 ut
2155 2965 2252 3013 ——,
2307 2931 2366 2994 si
2394 2948 2449 2986 30

351 3019 725 3101 (accusator)
769 3019 902 3082 acri
946 3021 1005 3082 et
1052 3017 1381 3081 vehementi
1429 3019 1622 3098 fuerit
1672 3038 1821 3082 usus
1874 3019 2171 3101 oratione,
2223 3038 2365 3082 ean-

350 3109 485 3171 dem
546 3127 676 3171 rem
737 3107 966 3171 nostris
1024 3106 1218 3170 verbis
1279 3106 1627 3171 mitioribus
1670 3107 2091 3187 proferamus,
2153 3111 2226 3170 ut
2284 3142 2358 3151 —

349 3197 407 3259 si
427 3215 562 3344 lpro
609 3195 921 3259 luxurioso
966 3195 1285 3259 dicendum
1328 3196 1442 3259 sit:
1498 3193 1765 3258 Obiecta
1819 3198 1919 3259 esi:
1964 3194 2160 3279 paulo
2206 3194 2366 3258 libe-

350 3304 424 3346 ra
453 3305 552 3346 lor
599 3283 749 3345 vita.

483 3370 587 3433 26.
632 3370 865 3434 Donat.
914 3371 1049 3435 Ter.
1090 3371 1212 3435 Ad.
1257 3369 1392 3435 ΙΙΙ
1427 3374 1573 3435 2.1
1618 3370 1963 3452 Hyperbole
2006 3392 2145 3436 cum
2178 3391 2360 3454 paro·
2395 3389 2450 3430 35

350 3458 633 3519 nomasia
679 3456 913 3522 ‘omnes
957 3457 1215 3522 omnia'.
1307 3458 1482 3523 Hinc
1527 3457 1764 3523 Oicero:
1822 3458 2060 3523 Omnes
2116 3459 2181 3523 in
2241 3460 2366 3524 hoe

351 3538 584 3604 iudicio
631 3543 965 3610 conferant
1012 3546 1244 3612 omnia..
