2630 3913
382 209 510 273 350
1161 202 1609 259 FRAGMENTA

376 394 486 446 τος
530 362 766 453 ἀρχήν,
817 362 1292 450 φιλοινοτάτου
1338 360 1403 430 δ’
1456 359 1648 442 ὄντος
1694 358 2012 427 ὑπατείαν
2057 356 2302 445 μετιὼν
2354 355 2394 425 ὅ

385 467 682 551 Κικέρων
728 465 999 548 ἐδίψησε
1044 460 1155 526 καὶ
1203 463 1340 527 τῶν
1387 465 1604 544 φίλων
1649 458 1869 548 κύκλῳ
1916 455 2397 544 περιστάντων,

378 559 466 641 ὡς
512 566 757 643 ἔπινεν,
805 556 1084 643 “’ορθῶς
1138 557 1515 641 φοβεῖσθε’,
1573 560 1722 640 ἔφη,
1778 555 1800 585 ς
1813 552 1903 640 μή
1959 580 2072 639 μοι
2126 554 2398 638 γένοιτο

376 655 655 745 χαλεπὸς
701 653 736 722 ὁ
784 652 1086 739 τιμητής,
1135 651 1236 720 ὅτι
1280 651 1466 739 ὕδωρ
1513 653 1725 719 πίνω.’

510 756 613 821 51.
641 754 806 818 Plut.
836 752 958 819 Cic.
983 758 1076 818 27
1100 756 1418 841 Βοκωνίω
1458 747 1522 816 δ’
1564 748 1942 835 ἀπαντήσας
1970 747 2201 835 ἄγοντι
2229 745 2394 834 μεθ’
2453 767 2478 805 5

379 853 618 919 ἑαυτοῦ
665 861 839 935 τρεῖς
883 845 1353 935 ἀμορφοτάτας
1395 847 1769 933 θυγατέρας
1816 842 2275 931 ἀνεφθέγξατο

516 952 773 1032 Φοίβου
819 943 964 1012 ποτ’
1019 941 1142 1013 οὐκ
1190 946 1431 1022 ἐῶντος
1478 949 1777 1030 ἔσπειρεν
1824 944 2039 1010 τέκνα.

512 1047 615 1113 52.
667 1046 840 1111 Plut.
893 1045 1015 1111 Cic.
1056 1049 1150 1111 27
1201 1041 1496 1129 Μάρκου
1560 1042 1638 1107 δέ
1686 1045 1968 1107 Γελλίου
2033 1043 2403 1119 δοκοῦντος

381 1143 503 1213 οὐκ
550 1144 616 1222 ἐξ
663 1123 1035 1226 ἐλευθέρων
1075 1139 1445 1225 γεγονέναι,
1491 1141 1756 1226 λαμπρᾷ
1796 1137 1870 1204 δε
1915 1143 1994 1225 τῇ
2043 1141 2236 1224 φωνῇ
2285 1139 2402 1204 καὶ

379 1239 628 1329 μεγάλῃ
684 1238 1032 1326 γράμματα
1086 1233 1251 1319 πρὸς
1305 1234 1429 1322 τὴν
1487 1235 1858 1321 σύγκλητον
1914 1233 2403 1320 ἐξαναγνόντος
2430 1260 2476 1298 ιο

382 1336 526 1425 Μὴ
581 1336 1003 1462 θαυμάζετεζ
1060 1331 1228 1418 εἶπε,
1284 1334 1425 1399 καὶ
1481 1329 1680 1411 αυτὸς
1734 1326 1830 1411 εἷς
1875 1335 2011 1400 ἐστι
2055 1336 2190 1399 τῶν
2238 1330 2403 1399 ἀνα-

380 1434 919 1523 πεφωνηκότωνῖ

514 1537 618 1602 53.
662 1535 831 1599 Plut.
880 1533 1001 1599 Cic.
1044 1537 1136 1598 27
1175 1525 1352 1595 Ἐπεὶ
1408 1527 1482 1595 δὲ
1543 1530 1847 1607 Φαῦστος
1901 1524 1937 1596 ὁ
1986 1529 2223 1595 Σύλλα
2278 1532 2403 1596 τοῦ

381 1630 926 1721 μοναρχήσαντος
963 1629 1036 1694 έν
1063 1623 1275 1712 Ρώμῃ
1313 1624 1427 1691 καὶ
1460 1623 1750 1703 πολλοὺς
1785 1625 1890 1692 ἐπὶ
1926 1624 2201 1693 θανάτω
2242 1649 2404 1713 προ-

383 1730 765 1818 γράψαντος
793 1728 865 1793 ἐν
896 1728 1185 1801 δανείοις
1223 1720 1583 1807 γενόμενος
1617 1721 1729 1788 καὶ
1764 1719 1975 1789 πολλὰ
2012 1725 2128 1807 τῆς
2167 1721 2407 1803 οὐσίας
2432 1751 2478 1792 1⁵

385 1821 851 1908 διασπαθήσας
887 1818 1215 1906 ἀπαρτίαν
1251 1821 1649 1907 προέγραψε,
1695 1819 1942 1905 ταύτην
1980 1824 2107 1906 ἔφη
2143 1824 2409 1907 μᾶλλον

386 1919 564 2013 αὑτῷ
610 1916 733 2005 τὴν
779 1913 1178 2005 προγραφὴν
1224 1913 1532 2005 ἀρέσκειν
1576 1911 1621 2001 ἢ
1668 1913 1790 2002 τὴν
1837 1941 2169 2009 πατρωαν.

766 2218 850 2284 Η.
909 2216 1458 2284 FRAGMENTA
1500 2217 2010 2286 POEMATUM.

968 2367 1014 2425 I.
1079 2363 1383 2423 VERSUS
1428 2362 1818 2424 HOMERICI

642 2456 698 2514 A
744 2452 1139 2515 CICERONE
1184 2454 1275 2511 IN
1319 2453 1693 2513 LATINUM
1740 2451 2151 2516 CONVERSI.
2438 2469 2487 2508 κ

1134 2583 1183 2624 a.
1240 2566 1340 2620 EX
1374 2566 1639 2622 ILIADE.

524 2662 579 2726 1.
636 2659 756 2727 050.
808 2662 925 2725 div.
979 2660 1072 2724 II
1107 2666 1206 2725 30.
1253 2666 1337 2725 63
1389 2658 1607 2743 (Hom.
1652 2660 1744 2724 II
1779 2664 1910 2726 299
1938 2662 2174 2744 —330)
2229 2662 2418 2728 Illud

386 2751 680 2833 mirarer,
732 2750 791 2815 si
832 2750 1154 2830 crederem,
1207 2749 1374 2830 quod
1412 2750 1583 2829 apud
1622 2748 1965 2813 Homerum
2011 2748 2415 2816 Calchantem

386 2838 604 2903 dixisti
654 2857 731 2903 ex
771 2857 1096 2920 passerum
1146 2857 1400 2902 numero
1455 2837 1595 2901 belli
1642 2837 1905 2903 Troiani
1955 2857 2155 2903 annos
2208 2860 2416 2922 auqu-

386 2933 625 3004 ratum;
680 2927 752 2992 de
802 2928 977 2991 euius
1023 2926 1367 2991 coniectura
1407 2926 1498 2991 sie
1539 2927 1712 3007 apud
1751 2926 2118 3007 Homerum,
2175 2933 2250 2991 ut
2292 2950 2415 2995 nos
2440 2946 2493 2984 2⁵

387 3017 563 3082 otiosi
607 3017 1035 3098 convertimus,
1082 3014 1350 3096 loquitur
1395 3014 1855 3096 Agamemnon:

473 3103 691 3187 Ferte,
736 3102 887 3186 viri,
934 3107 1000 3168 et
1047 3102 1239 3167 duros
1290 3101 1504 3166 animo
1551 3102 1828 3166 tolerate
1875 3103 2133 3167 labores
2144 3152 2163 3186 ,

475 3191 759 3277 Auguris
806 3195 880 3256 ut
921 3190 1132 3256 nostri
1178 3189 1554 3257 Calchanssis
1602 3191 1742 3255 fata
1787 3213 2095 3275 queamus

476 3278 650 3344 Scire
695 3284 958 3344 ratosne
1004 3279 1289 3344 habeant
1336 3301 1422 3343 an
1464 3301 1667 3343 vanos
1712 3280 1994 3363 pectoris
2042 3300 2247 3344 orsus,

473 3366 770 3451 Namque
819 3389 1041 3432 omnes
1080 3366 1353 3431 memori
1389 3371 1764 3452 portentum
1804 3371 2018 3433 mente
2055 3370 2422 3454 retentaniz‚
2454 3389 2508 3428 ³0

475 3453 600 3527 Qui
643 3477 773 3518 non
818 3455 1093 3519 funestis
1140 3455 1471 3539 liquerunt
1516 3455 1764 3520 lumina
1806 3456 1981 3521 fatis,

473 3539 800 3623 Argolicis
847 3542 1130 3626 primum
1176 3547 1249 3606 ut
1294 3544 1535 3607 vestita
1581 3548 1681 3607 esss
1729 3544 2047 3609 elassibus
2093 3541 2318 3629 Aulis,
