2630 3913
794 848 890 924 M.
948 849 1234 924 TULLI
1296 849 1793 925 CICERONIS

393 1016 535 1102 DE
598 1014 1037 1101 OFFICIIS
1101 1015 1244 1099 AD
1308 1014 1760 1101 MARCUM
1824 1014 2191 1101 FILIUM

965 1205 1206 1266 LIBER
1253 1205 1608 1267 TERTIUS.

965 1488 1630 1551 ARGUMENTUM.

430 1603 550 1661 Hoc
586 1604 731 1660 libro
767 1604 840 1660 M.
878 1604 1096 1659 Tullius
1131 1603 1418 1674 prooemio
1455 1604 1788 1674 praemisso,
1834 1603 1895 1658 in
1940 1620 2049 1674 quo
2086 1602 2157 1659 de
2195 1604 2295 1660 otii

289 1674 376 1732 sui
419 1675 635 1731 ratione
681 1676 911 1746 exponit
946 1679 1003 1731 et
1046 1674 1224 1729 filium
1259 1675 1334 1728 ad
1370 1674 1557 1729 studia
1593 1674 1829 1729 colenda
1863 1675 2119 1731 hortatur
2153 1678 2296 1747 (cap.

290 1753 339 1815 1,
378 1752 410 1801 2
448 1752 478 1813 ξ
519 1748 697 1816 1-6),
742 1749 950 1801 restare
992 1745 1074 1800 ait
1108 1745 1335 1800 tertium
1375 1745 1716 1814 quaestionis
1754 1762 1885 1800 suae
1922 1746 2106 1801 locum
2142 1762 2297 1827 prae-

286 1816 605 1874 termissum
642 1834 677 1871 a
711 1816 1002 1883 Panaetio,
1049 1815 1117 1870 de
1165 1815 1523 1870 contentione
1571 1816 1884 1871 honestatis
1931 1820 1989 1872 et
2032 1817 2297 1872 utihtatis

288 1890 431 1960 (cap.
471 1893 503 1941 2
542 1894 572 1953 ξ
613 1889 842 1956 7-10),
889 1887 987 1958 qui
1033 1886 1188 1941 locus
1235 1886 1343 1941 etsi
1388 1886 1623 1941 fortasse
1671 1886 1764 1940 hic
1809 1888 2133 1942 tractandus
2181 1904 2300 1942 esse

286 1975 401 2016 non
436 1958 720 2026 videatur,
765 1960 1062 2028 propterea
1106 1956 1254 2027 quod
1264 1984 1297 2026 ,ι
1327 1956 1623 2012 honestum
1663 1958 1812 2027 quod
1850 1958 1962 2033 ⁸1¹²!
2000 1976 2295 2028 numquam

289 2047 415 2085 cum
451 2028 582 2084 utili
617 2045 867 2099 pugnare
904 2045 1068 2099 posse
1106 2027 1363 2083 videatur
1398 2029 1564 2097 (nihil
1602 2028 1751 2083 enim
1788 2045 1907 2084 esse
1945 2030 2111 2095 utile,
2151 2031 2297 2099 quod

288 2117 400 2155 non
454 2098 605 2154 idem
657 2100 996 2169 honestum),
1052 2102 1240 2153 tamen
1294 2115 1562 2169 apparere
1619 2099 1760 2154 dicit
1805 2100 2132 2155 Panaetium
2179 2117 2299 2155 eam

289 2186 515 2225 causam
544 2172 885 2240 pertractare
913 2169 1157 2225 voluisse
1162 2173 1333 2292 flScap.
1364 2174 1541 2250 3—7).
1597 2168 1672 2224 Et
1707 2186 1831 2223 cum
1861 2186 1992 2225 sane
2020 2171 2297 2225 interdum

287 2241 481 2310 aliqua
536 2241 751 2311 species
805 2240 1072 2295 utilitatis
1129 2257 1160 2294 o
1204 2256 1313 2294 ern
1367 2241 1582 2322 poss1t7
1627 2256 1770 2308 quae
1826 2256 1951 2294 cum
2004 2241 2297 2296 honestate

288 2328 539 2383 pugnare
576 2310 852 2379 videatur,
890 2310 973 2366 ait
1008 2328 1066 2365 se
1104 2312 1252 2364 hunc
1287 2311 1474 2365 locum
1513 2309 1793 2380 suscipere
1828 2311 1995 2380 velle,
2031 2313 2092 2365 et
2127 2312 2297 2381 expli-

290 2384 418 2437 cata
453 2381 713 2436 universa
737 2384 937 2436 natura
962 2381 1245 2449 utilitatis,
1283 2396 1426 2449 quae
1454 2397 1581 2434 cum
1608 2379 1956 2450 turpitudine
1983 2381 2150 2451 plane
2178 2398 2297 2436 esse

287 2469 401 2508 non
435 2452 620 2523 possit
656 2455 799 2533 (cap.
840 2459 890 2518 8,
928 2454 1011 2521 9),
1058 2453 1249 2507 tamen
1295 2449 1554 2505 concedit
1589 2450 1870 2504 interdum
1910 2454 2142 2521 propter
2178 2468 2297 2521 spe-

290 2524 435 2578 ciem
472 2522 646 2577 falsae
683 2522 953 2577 utilitatis
990 2538 1103 2576 non
1131 2522 1312 2576 solum
1340 2521 1400 2575 in
1426 2521 1590 2575 rebus
1617 2520 1881 2593 privatis7
1908 2538 2101 2575 verum
2128 2521 2298 2576 etiam

291 2593 350 2648 in
385 2593 629 2664 publicis
666 2594 726 2647 in
764 2592 1144 2663 dignoscenda
1177 2591 1427 2646 utilitate
1465 2593 1523 2646 et
1550 2592 1843 2647 honestate
1871 2590 2106 2646 titubari
2134 2609 2297 2662 posse

288 2680 431 2789 gap.
482 2671 563 2730 10,
606 2671 667 2720 11
705 2671 737 2731 ξ
772 2666 1039 2733 40—49).
1114 2665 1308 2731 Itaque
1354 2661 1595 2732 primum
1641 2663 1710 2718 de
1756 2662 2029 2733 peculiari
2075 2667 2297 2719 conten·

318 2734 443 2790 'one
480 2734 745 2790 utilitatis
760 2779 774 2803 ‚
822 2751 964 2804 quae
1001 2733 1301 2804 prudentia
1337 2733 1515 2788 videri
1554 2733 1720 2800 velit,
1767 2750 1892 2787 cum
1928 2733 2145 2790 iustitia
2179 2734 2299 2804 agit

288 2809 435 2928 Scap.
479 2811 701 2861 12—25
737 2812 769 2872 ξ
806 2808 1072 2873 50-95),
1119 2803 1325 2859 deinde
1372 2803 1440 2858 de
1480 2805 1837 2860 contentione
1873 2804 2138 2859 utilitatis
2177 2822 2297 2858 cum

311 2876 615 2932 ortitudine
654 2876 885 2946 exponit
913 2879 1054 2945 (cap.
1085 2876 1338 2943 26-32),
1376 2874 1615 2941 denique
1653 2876 1724 2930 de
1761 2873 2119 2930 contentione
2150 2876 2298 2929 utili-

288 2946 425 3001 tatis
461 2963 587 3001 cum
621 2946 995 3017 temperantia
1040 2945 1295 3014 disputat
1340 2950 1479 3015 (cap.
1521 2953 1590 3000 33
1626 2952 1658 3013 θ
1697 2948 1996 3015 lio—120)
2041 2948 2100 3001 et
2144 2946 2299 3000 brevi

287 3017 515 3089 epilogo
553 3017 842 3074 concludit
875 3018 1264 3087 argumentum
1299 3018 1354 3085 (ξ
1394 3017 1534 3085 121).

419 3266 490 3334 P.
545 3265 943 3352 Scipionem,
1005 3267 1090 3333 M.
1145 3268 1269 3351 fili,
1334 3289 1506 3359 euml,
1570 3265 1681 3351 qui
1742 3266 1991 3351 primus
2054 3265 2297 3332 Africa·
2341 3241 2367 3370 ἔ

288 3377 410 3421 nus
458 3357 825 3458 appellatus
873 3360 999 3439 est,
1055 3355 1263 3422 dicere
1318 3356 1585 3421 solitum
1638 3355 1898 3439 scripsit
1943 3354 2136 3438 Cato,
2190 3357 2299 3439 qui

288 3443 417 3508 fuit
470 3466 607 3510 elus
660 3444 795 3510 fere
851 3444 1139 3528 aequalis
1148 3494 1167 3528 ‚
1220 3465 1572 3528 numquam
1628 3464 1695 3508 se
1750 3443 1963 3508 minus
2017 3444 2300 3509 otiosum

288 3553 474 3622 esset„
495 3553 687 3618 quam
734 3554 881 3598 cum
926 3532 1196 3613 otiosu8‚
1238 3553 1358 3597 nec
1393 3532 1606 3596 minus
1642 3531 1883 3618 solum!
1918 3553 2113 3615 quam
2153 3553 2299 3598 cum
