2630 3913
961 236 1108 288 CAP.
1151 243 1378 290 22—24.
1445 243 1473 301 5
1512 243 1737 291 85—90.
2189 238 2301 301 191

298 398 437 461 tino
488 397 804 479 Archyta,
860 400 934 460 ut
991 398 1254 481 opinor,
1311 398 1435 463 dici
1493 400 1758 463 solitum
1812 403 2070 463 nostros
2128 420 2311 464 senes

298 506 802 550 commemora-re
863 485 1075 547 audivi
1142 487 1224 550 ab
1299 487 1447 550 aliis
1514 488 1775 551 senibus
1841 488 2156 552 auditum:
2224 488 2312 551 ‘si

299 573 467 657 quis
516 573 591 635 in
637 573 929 637 caelum
980 574 1463 638 ascendisset
1507 579 2017 659 naturamque
2056 576 2311 639 mundi

299 665 373 725 et
437 660 1098 745 pulchritudinem
1165 663 1500 726 siderum
1574 664 2129 765 perspexisset,
2202 664 2310 727 in·

244 769 603 813 osuavem
652 749 874 812 illam
923 750 1514 815 admirationem
1571 752 1638 815 ei
1695 751 1888 835 fore3
1953 775 2141 835 quae
2198 754 2310 817 iu-

298 836 765 904 cundissima
820 837 1128 919 fuisset,
1195 840 1257 902 si
1325 840 1687 922 aliquem,
1751 841 1868 904 cui
1923 845 2309 924 narraret,

298 926 719 990 habuisset.
727 925 744 950 ’
821 923 924 990 Sic
969 931 1206 991 natura
1234 928 1598 992 solitarium
1622 928 1784 991 nihil
1818 933 1996 993 amat
2033 952 2308 1013 semper-

297 1036 420 1098 que
468 1013 549 1078 ad
588 1013 850 1097 aliquod
887 1019 1222 1098 tamquam
1263 1015 1721 1080 adminiculum
1763 1017 2102 1101 adnititur3
2141 1017 2310 1101 quod

297 1105 364 1166 in
413 1102 802 1166 amicissimo
853 1125 1105 1186 quoque
1154 1103 1593 1169 dulcissimum
1646 1109 1760 1168 est.

222 1210 270 1249 ιο
431 1189 554 1255 Sed
600 1213 743 1256 cum
800 1194 902 1255 tot
958 1191 1161 1276 signis
1219 1193 1442 1256 eadem
1497 1198 1730 1257 natura
1785 1193 2092 1271 declaret,
2157 1193 2306 1276 quid
2331 1194 2414 1257 24

300 1279 475 1362 velit,
521 1280 840 1362 anquirat,
887 1279 1232 1363 desideret,
1278 1284 1498 1345 tamen
1542 1280 2056 1346 obsurdescimus
2093 1283 2307 1347 neseio

300 1390 426 1450 quo
474 1367 662 1432 modo
706 1390 821 1433 nec
859 1390 950 1450 ea,
991 1390 1154 1451 quae
1192 1370 1275 1433 ab
1306 1391 1382 1433 ea
1411 1391 1763 1452 monemur,
1811 1369 2124 1434 audimus.
2187 1369 2310 1433 Est

300 1455 470 1520 enim
516 1457 732 1520 varius
790 1460 855 1520 et
909 1456 1251 1540 multiplex
1307 1479 1461 1522 usus
1518 1457 1872 1541 amicitiae,
1942 1460 2308 1542 multaeque

299 1565 529 1608 causae
576 1544 1014 1627 suspicionum
1062 1545 1614 1630 offensionumque
1662 1546 1914 1630 dantur,
1962 1569 2121 1630 quas
2168 1551 2307 1611 tum

223 1649 269 1687 15
299 1633 568 1716 evitare,
632 1636 771 1696 tum
835 1634 1115 1717 elevare,
1177 1638 1317 1697 tum
1381 1634 1548 1699 ferre
1615 1635 1927 1719 sapientis
1993 1640 2119 1718 est;
2182 1657 2311 1699 una

297 1722 414 1785 illa
460 1720 858 1786 sublevanda
904 1722 1171 1786 offensio
1221 1728 1338 1806 est,
1386 1727 1459 1787 ut
1506 1727 1572 1788 et
1617 1723 1868 1788 utilitas
1907 1724 1973 1786 in
2022 1723 2310 1788 amicitia

298 1814 362 1874 et
407 1809 565 1874 fides
612 1810 990 1873 retineatur:
1037 1832 1188 1874 nam
1236 1815 1301 1875 et
1347 1812 1649 1876 monendi
1696 1812 1884 1877 amici
1928 1834 2119 1897 saepe
2158 1817 2310 1876 sunt

297 1903 361 1963 et
409 1897 813 1983 obiurgandi,
861 1902 926 1963 et
966 1899 1124 1964 haec
1162 1900 1533 1985 accipienda
1571 1901 1790 1984 amice,
1829 1923 1973 1967 cum
2012 1901 2308 1967 benivole

296 1989 477 2052 fiunt.
569 1985 693 2051 Sed
737 1989 953 2052 nescio
1002 2010 1128 2071 quo
1177 1989 1368 2054 modo
1415 2012 1637 2054 verum
1686 1994 1803 2074 est,
1851 1991 2020 2075 quod
2066 1991 2134 2054 in
2180 1990 2308 2055 An·
2346 2005 2413 2055 89

219 2092 270 2130 ²0
300 2076 440 2139 dria
484 2074 828 2139 familiaris
875 2097 1054 2140 meus
1102 2076 1283 2142 dicit:

388 2161 854 2245 Obsequium
901 2165 1213 2248 amieOS,
1259 2166 1556 2230 veritas
1605 2165 1857 2230 odium
1903 2167 2128 2251 parit.

298 2251 581 2315 Molesta
626 2252 882 2334 veritas,
928 2253 1244 2337 siquidem
1291 2276 1368 2318 ex
1416 2277 1492 2318 ea
1527 2255 1815 2319 nascitur
1853 2254 2089 2335 odium,
2137 2254 2308 2337 quod

299 2344 401 2404 est
436 2360 749 2404 venenum
780 2340 1119 2425 amicitiae,
1157 2342 1267 2406 sed
1305 2342 1684 2425 obsequium
1715 2343 1922 2406 multo
1953 2343 2308 2425 molestius,

300 2428 472 2511 quod
499 2427 779 2512 peccatis
806 2428 1162 2532 indulgens
1175 2431 1596 2515 praecipitem
1627 2431 1903 2494 amicum
1939 2428 2097 2493 ferri
2126 2432 2307 2511 sinit3

220 2532 270 2571 ²⁵
299 2538 601 2581 maxuma
647 2521 864 2580 autem
910 2518 1100 2602 culpa
1145 2519 1212 2582 in
1259 2541 1366 2602 e0,
1423 2519 1532 2602 qui
1588 2524 1652 2583 et
1697 2519 2037 2583 veritatem
2094 2540 2307 2619 asper-

297 2610 490 2669 natur
537 2609 602 2669 et
646 2605 713 2668 in
759 2604 1052 2670 fraudem
1098 2607 1407 2691 obsequio
1455 2607 1806 2691 inpellitur.
1876 2605 2069 2672 Omni
2104 2607 2307 2694 igitur

299 2695 418 2758 hae
464 2693 532 2756 in
578 2715 647 2758 re
692 2694 991 2758 habenda
1037 2695 1204 2759 ratio
1254 2700 1321 2760 et
1367 2696 1706 2781 diligentia
1752 2700 1869 2779 est,
1913 2696 2196 2781 primum
2234 2700 2307 2760 ut

302 2782 569 2846 monitio
635 2783 1017 2866 acerbitate,
1082 2784 1307 2848 deinde
1362 2789 1437 2849 ut
1490 2785 1678 2849 obiur
1727 2786 1860 2849 atio
1916 2785 2307 2850 contumelia

298 2874 542 2951 careat3
585 2870 654 2933 in
702 2871 1011 2954 obsequio
1056 2876 1301 2956 autem,
1348 2873 1652 2956 quoniam
1738 2874 2069 2939 erentiano
2108 2874 2306 2938 verbo

223 2976 269 3012 ³0
302 2959 599 3022 lubenter
644 2959 913 3042 utimur,
968 2961 1240 3024 comitas
1289 2961 1491 3044 adsit,
1547 2962 1936 3043 adsentatiO,
2000 2962 2307 3025 vitiorum

298 3047 595 3129 adiutrix,
640 3049 865 3130 procul
905 3053 1300 3132 amoveatur,
1339 3072 1501 3132 quae
1536 3072 1668 3115 non
1703 3049 1893 3114 modo
1933 3050 2157 3133 amieo,
2196 3050 2307 3113 sed

295 3158 374 3198 ne
422 3136 624 3199 libero
673 3135 929 3218 quidem
978 3135 1175 3221 digna
1221 3141 1347 3220 est3
1394 3139 1585 3202 aliter
1623 3137 1793 3202 enim
1831 3160 1976 3202 eum
2012 3142 2306 3220 tyrann0,

297 3223 485 3287 aliter
532 3245 677 3288 cum
723 3224 929 3289 amico
976 3225 1234 3289 vivitur.
1325 3224 1522 3292 Cuius
1570 3230 1786 3290 autem
1825 3247 2011 3290 aures
2049 3227 2303 3291 clausae
2343 3242 2411 3292 90

295 3311 559 3376 veritati
597 3316 767 3395 sunt,
812 3317 886 3376 ut
924 3313 1005 3377 ab
1045 3314 1250 3378 amico
1280 3336 1506 3379 verum
1536 3315 1754 3379 audire
1781 3319 2078 3398 nequeat,
2114 3315 2304 3379 huius

222 3414 269 3454 ³5
297 3402 472 3464 salus
521 3400 919 3484 desperanda
966 3406 1083 3466 est.
1159 3400 1406 3467 Scitum
1454 3407 1553 3467 est
1598 3404 1769 3468 enim
1815 3403 1977 3467 illud
2020 3400 2307 3487 Catonis,

295 3493 369 3552 ut
416 3488 648 3552 multa:
699 3489 1006 3553 ‘melius
1055 3490 1140 3554 de
1189 3490 1644 3573 quibusdam
1692 3492 2009 3557 acerbos
2056 3492 2305 3556 inimi-

294 3598 421 3641 cos
481 3578 764 3641 mereri
830 3599 1061 3661 quam
1119 3600 1247 3644 eos
1314 3580 1626 3662 amicos,
1693 3581 1819 3663 qui
1876 3580 2134 3644 dulces
2200 3581 2303 3644 vi-
