2630 3913
753 220 1197 275 ORATIONUM.
1238 224 1304 274 A.
1343 221 1421 273 IX
1459 221 1703 275 26-X11
1739 227 1788 274 2.
2147 221 2275 283 269

436 427 508 485 Χ.
574 424 740 484 CUM
785 424 841 481 A
886 423 1120 482 LUDIS
1168 422 1635 482 CONTIONEM
1680 422 2110 482 AVOCAVIT.

412 563 466 625 1.
512 560 702 625 Arus.
738 560 925 624 Mess,
960 580 1030 640 p.
1064 561 1195 623 245
1237 559 1423 623 Lind.
1460 560 1628 623 Dudi
1670 561 1920 624 deorum
1962 564 2120 623 sunt.
2160 556 2281 623 Cic.

272 671 411 715 cum
436 671 479 712 a
507 650 670 713 ludis
696 650 1032 713 contionem
1060 650 1365 711 avocavit:
1406 646 1714 729 Cerealia,
1750 646 2035 711 Floralia
2071 645 2281 709 ludos-

274 760 395 823 que
425 737 840 821 Apollinares
871 736 1132 799 deorum
1161 736 1629 800 immortalium
1658 757 1814 818 esse,
1846 757 1978 800 non
2003 738 2279 799 nostros,

218 848 246 887 5
273 828 382 909 (V.
430 826 553 891 Cic.
598 827 683 890 ad
724 826 855 889 Aa.
898 824 989 887 II
1027 830 1082 886 1.
1126 829 1201 887 3:
1258 823 1361 888 ‘de
1408 823 1686 903 Othone',
1739 824 1908 889 Ptin.
1961 829 2089 889 nat.
2143 824 2281 888 hist.

287 916 427 980 VII
466 920 604 996 117,
650 913 814 978 Plut.
863 911 983 977 Gic.
1031 912 1157 994 13.)

599 1217 701 1276 XI.
766 1216 873 1275 DE
919 1216 1575 1277 PROSCRIPTORUM
1621 1216 1949 1276 LIBERIS.

410 1352 616 1431 Quint.
673 1353 791 1417 XI
836 1358 891 1417 1.
947 1357 1029 1417 85
1089 1354 1435 1419 Mollicnda
1497 1360 1583 1418 est
1643 1355 1714 1418 iri
1765 1355 2074 1435 plerisque
2133 1354 2281 1416 aliis

274 1442 466 1506 colore
527 1443 825 1523 asperitas
886 1443 1183 1506 orationis
1196 1491 1211 1519 ‚
1272 1449 1346 1506 ut
1408 1441 1612 1507 Cicero
1674 1443 1747 1506 de
1796 1442 2281 1523 proscriptorum

197 1552 249 1593 ιο
277 1530 481 1594 liberis
520 1530 679 1609 fecit.
773 1530 937 1609 Quid
987 1531 1148 1593 enim
1202 1531 1505 1594 crudelius
1558 1550 1745 1611 quam
1792 1530 2064 1594 homines
2106 1529 2281 1593 horie-

275 1619 386 1682 stis
417 1618 782 1700 parentibus
824 1638 898 1682 ac
940 1618 1277 1683 maioribus
1319 1624 1496 1683 natos
1539 1639 1582 1682 a
1624 1640 1690 1682 re
1722 1620 1977 1700 publica
2017 1638 2281 1682 summo-

272 1708 445 1770 veri?
533 1706 755 1788 Itaque
798 1708 1023 1771 durum
1068 1707 1139 1770 id
1178 1727 1300 1771 esse
1342 1727 1620 1772 summus
1665 1708 1770 1771 ille
1823 1708 2281 1770 tractandorum

272 1796 625 1860 animorum
660 1797 890 1875 artifex
924 1796 1256 1878 confitetur,
1299 1797 1406 1859 sed
1437 1797 1530 1859 ita
1567 1796 1792 1877 leyibus
1827 1794 2039 1860 Sullae
2077 1794 2280 1859 cohae-

272 1905 404 1947 rere
444 1888 673 1948 statum
726 1885 989 1947 civitatis
1042 1884 1363 1965 adfirmat,
1421 1889 1494 1947 ut
1543 1885 1626 1948 iis
1677 1884 1895 1949 solutis
1937 1888 2100 1948 stare
2144 1885 2283 1965 ipsa

195 1991 246 2032 15
272 1994 398 2037 nou
431 1975 645 2054 possit.
716 1973 1057 2037 Adsecutus
1101 1974 1304 2053 itaque
1348 1979 1450 2054 est,
1494 1979 1566 2037 ut
1606 1974 1847 2054 aliquid
1886 1993 2094 2037 eorum
2136 1993 2280 2055 quo-

274 2081 387 2142 que
429 2080 619 2124 causa
662 2062 963 2125 videretur
1003 2061 1219 2142 facere,
1264 2066 1478 2125 contra
1522 2082 1671 2143 quos
1715 2063 1946 2126 diceret.

497 2363 629 2421 XII.
695 2363 1014 2423 CONTRA
1062 2363 1533 2424 CONTIONEM
1579 2364 2063 2437 Q.METELL1.

414 2500 467 2563 1.
531 2500 918 2581 Auyustinus
978 2502 1051 2564 de
1110 2501 1407 2565 rhetorica
1468 2508 1550 2566 19
1603 2505 1868 2583 p.149.
1931 2506 2010 2565 11
2063 2501 2279 2564 Halm

287 2587 539 2653 Utcmur
574 2590 760 2652 etiam
783 2590 1120 2670 principiis
1153 2590 1224 2653 in
1262 2590 1451 2655 bonae
1495 2591 1803 2672 opinionis
1846 2591 2280 2671 controversiis,

194 2695 247 2734 20
273 2677 378 2740 sed
429 2677 798 2741 brevioribus
850 2682 907 2741 et
959 2678 1342 2743 erectioribus
1383 2680 1578 2760 paulo
1632 2684 1690 2742 et
1741 2678 2174 2760 confidentibus
2226 2639 2280 2741 el

263 2765 467 2846 plenis
510 2766 831 2847 diynitatis
844 2815 860 2846 ,
903 2766 1037 2830 siue
1080 2768 1380 2831 iactantia
1423 2769 1770 2849 dumtaxat,
1815 2788 1891 2831 ue
1933 2787 2029 2832 res
2060 2767 2283 2849 pariat

272 2854 590 2935 invidiam,
635 2859 707 2917 ut
748 2858 837 2918 est
866 2855 1028 2918 illud
1060 2857 1231 2936 apud
1260 2855 1356 2920 M.
1388 2856 1663 2919 Tullium
1699 2860 1911 2920 contra
1946 2858 2280 2920 contionem

271 2941 527 3019 Metelli,
563 2944 633 3005 in
660 2963 783 3023 qua
810 2943 1081 3006 exultare
1105 2944 1341 3008 videtur
1367 2949 1579 3008 contra
1606 2944 1919 3007 tribunum
1940 2945 2024 3025 pl.
2037 2965 2058 3006 .·
2095 2943 2141 3024 †
2168 2943 2281 3006 ubi

272 3029 371 3092 vis
417 3031 519 3093 vel
566 3030 635 3093 in
679 3030 824 3114 ipsa
863 3031 1262 3109 consistere?
1311 3031 1400 3095 sie
1449 3032 1619 3095 enim
1664 3053 1863 3113 aqam,
1910 3034 1984 3095 ut
2024 3031 2278 3115 opinor:

191 3134 244 3173 25
273 3117 574 3201 insequar
617 3118 1002 3204 fugientem,
1062 3120 1368 3203 quoniam
1414 3119 1718 3205 congredi
1762 3141 1893 3183 non
1938 3120 2090 3183 licet
2134 3141 2279 3184 eum

273 3206 630 3271 resistente.
697 3207 873 3286 Quod
903 3228 1242 3289 numquam
1266 3208 1536 3310 profecto
1575 3214 1701 3271 tam
1736 3209 2055 3309 maynifi'ee
2089 3210 2281 3272 dicere

269 3295 339 3356 in
378 3296 622 3358 exordio
657 3297 867 3381 statim
902 3315 1076 3360 orsus
1115 3297 1350 3379 fuisset,
1394 3298 1521 3362 nisi
1555 3301 1612 3360 et
1643 3298 1841 3378 ipsius
1876 3298 2098 3361 actoris
2131 3301 2281 3361 esset

269 3380 519 3446 honesta
544 3404 812 3464 persona
838 3390 895 3448 et
918 3404 1031 3461 res,
1067 3385 1139 3448 de
1164 3405 1287 3465 qua
1315 3386 1627 3449 locuturus
1651 3390 1800 3467 erat,
1834 3405 1960 3449 non
1985 3385 2276 3487 improba

403 3471 461 3533 2.
508 3470 702 3536 Prisc.
747 3471 867 3536 IX
907 3479 964 3536 9.
1009 3476 1089 3534 51
1123 3493 1189 3552 p.
1236 3477 1383 3537 487.
1431 3479 1470 3537 6
1514 3473 1724 3537 Hertz.
1781 3472 1985 3537 Cicero
2028 3475 2100 3537 in
2143 3495 2276 3539 con-

187 3573 241 3614 so
272 3558 495 3622 tionem
537 3559 808 3625 Metelli:
855 3559 1183 3644 permulsa
1231 3563 1424 3644 atque
1470 3565 1758 3626 recreata
1805 3564 1920 3626 est.
