2630 3913
352 216 432 279 16
1135 217 1232 271 DE
1271 216 1570 272 OFFICIIS

343 381 522 464 post,
587 378 759 462 quod
822 400 892 444 se
954 379 1233 444 oblitum
1295 379 1511 444 nescio
1578 377 1731 462 quid
1797 378 2063 462 diceret3
2133 378 2359 443 deinde

348 487 645 551 egressus
702 489 736 532 e
792 468 1024 532 castris
1079 468 1217 531 iure
1271 467 1541 532 iurando
1599 488 1666 531 se
1724 467 2011 532 solutum
2063 467 2358 551 putabat,

347 559 414 618 et
467 559 607 619 erat
658 556 875 620 verbis
885 606 903 638 ‚
957 578 1026 619 re
1079 577 1212 620 non
1266 560 1424 619 erat.
1514 552 1779 638 Semper
1836 559 2054 619 autem
2110 556 2180 619 in
2233 556 2358 619 fide

349 643 501 726 quid
539 644 835 727 senseris,
870 664 1003 707 non
1032 643 1184 728 quid
1214 643 1468 727 dixeri8‚
1506 643 1939 728 cogitandum.
2002 641 2358 707 Maximum

348 734 565 795 autem
612 733 976 816 exemplum
1021 737 1121 796 est
1166 732 1454 795 iustitiae
1502 732 1570 795 in
1615 731 1871 796 hostem
1918 754 1957 795 a
2002 732 2357 797 maioribus
2413 751 2440 790 ⁵

345 821 588 883 nostris
653 820 1107 904 constitutum,
1172 842 1317 884 cum
1378 842 1417 883 a
1468 819 1720 902 Pyrrho
1775 819 2051 905 perfuga
2107 821 2360 885 senatui

348 913 448 971 est
499 908 833 991 pollicitus
890 930 958 972 se
1012 930 1328 973 venenum
1382 908 1524 993 regi
1581 907 1883 971 daturum
1939 912 2004 971 et
2059 930 2204 973 eum
2254 931 2360 973 ne-

348 999 670 1080 caturum,
735 999 995 1061 senatus
1062 1001 1127 1060 et
1190 994 1258 1060 O.
1315 994 1650 1060 Fabricius
1714 996 2053 1081 perfugam
2107 997 2364 1080 Pyrrho.

350 1084 609 1148 dedidit.
698 1084 802 1148 Ita
856 1106 936 1148 ne
990 1084 1200 1148 hostis
1253 1084 1509 1167 quidem
1557 1088 1623 1148 et
1668 1085 1954 1167 potentis
2003 1090 2068 1148 et
2113 1086 2358 1150 bellum

174 1164 188 1182 ⁶
246 1185 307 1235 41
348 1173 522 1236 ultro
550 1172 885 1237 inferentis
923 1173 1257 1236 interitum
1296 1195 1441 1236 cum
1480 1173 1717 1237 scelere
1755 1173 2189 1257 approbavit]
2262 1174 2359 1238 Ac
2390 1193 2443 1234 ιο

351 1261 426 1324 de
472 1261 725 1325 bellicis
773 1261 1028 1344 quidem
1075 1260 1305 1325 officiis
1354 1261 1513 1324 satis
1562 1261 1802 1325 dictum
1851 1265 1972 1325 est·
2057 1261 2359 1327 Memine-

348 1350 550 1413 rimus
608 1353 823 1413 autem
889 1350 1083 1414 etiam
1148 1350 1453 1414 adversus
1516 1349 1773 1414 infimos
1836 1311 2155 1414 iustitiam
2220 1372 2357 1415 esse

351 1438 748 1503 servandam.
820 1437 944 1502 Est
981 1440 1198 1502 autem
1233 1437 1459 1500 infima
1496 1436 1781 1501 condicio
1821 1442 1886 1500 et
1920 1437 2184 1502 fortuna
2232 1460 2358 1503 ser-

348 1547 604 1610 vorum,
669 1526 901 1609 quibus
954 1546 1085 1589 non
1140 1525 1308 1589 male
1365 1525 1766 1609 praecipiunt
1821 1526 1931 1608 qui
1986 1527 2081 1590 ita
2133 1527 2358 1591 iubent

349 1615 487 1699 ut}
509 1617 584 1678 ut
628 1613 1107 1678 mercennariis:
1165 1634 1428 1697 operam
1484 1613 1893 1698 exigendam,
1945 1614 2120 1679 iusta
2174 1638 2357 1699 prae·
2390 1634 2445 1675 15

348 1702 578 1766 benda.
668 1699 830 1766 Cum
877 1705 1093 1765 autem
1141 1701 1389 1765 duobus
1436 1701 1669 1783 modiS‚
1715 1702 1783 1765 id
1828 1705 1928 1765 est
1975 1706 2087 1767 aut
2131 1704 2197 1767 vi
2245 1709 2357 1767 aut

347 1789 590 1873 fraude,
635 1789 753 1852 fiat
796 1789 1055 1872 iniuria,
1099 1788 1279 1853 fraus
1329 1789 1513 1872 quasi
1559 1790 1959 1874 vulpeculae,
2005 1791 2104 1856 vis
2150 1792 2355 1855 leonis

347 1878 628 1961 videtur3
663 1881 1007 1961 utrumque
1035 1877 1295 1941 homine
1334 1878 1815 1962 alienissimum,
1852 1878 1964 1942 sed
1989 1879 2170 1943 fraus
2208 1879 2355 1945 odio

351 1967 546 2052 digna
575 1967 832 2031 maiore.
895 1965 1124 2031 Totius
1154 1970 1370 2031 autem
1404 1966 1759 2032 iniustitiae
1795 1968 1978 2032 nulla
2014 1969 2357 2053 capitalior

351 2076 545 2138 quam
584 2077 826 2150 eorum,
870 2054 980 2138 qui
1014 2058 1179 2143 tum,
1217 2078 1362 2120 cum
1408 2056 1686 2119 maxime
1720 2055 1976 2141 fallunt,
2021 2057 2088 2120 id
2135 2062 2356 2156 agunt!
2388 2077 2444 2117 so

251 2202 331 2262 14
348 2147 422 2206 ut
467 2143 590 2208 viri
635 2144 789 2207 boni
836 2165 975 2207 esse
1021 2143 1376 2208 videantur.
1448 2143 1546 2207 De
1591 2144 1844 2207 iustitia
1888 2145 2049 2209 satis
2096 2145 2356 2224 dictum

350 2319 427 2384 de
471 2319 867 2385 liberalitate
914 2320 1189 2404 dicatur,
1250 2343 1379 2404 qua
1425 2321 1683 2404 quidem
1728 2320 1893 2384 nihil
1940 2326 2040 2385 est
2083 2325 2353 2386 naturae

348 2408 631 2473 hominis
679 2409 1218 2474 accommodatius
1229 2459 1246 2492 ‚
1302 2409 1413 2473 sed
1467 2409 1668 2474 habet
1721 2410 1960 2473 multas
2008 2410 2354 2475 cautiones.

346 2496 711 2562 Videndum
748 2501 848 2561 est
886 2498 1085 2580 enim!
1120 2498 1401 2581 primum
1436 2519 1516 2561 ne
1556 2497 1728 2561 obsit
1764 2497 2133 2583 benignitas
2172 2503 2236 2562 et
2272 2499 2352 2563 iis
2386 2518 2442 2559 25

348 2586 529 2670 ipsis,
574 2585 805 2669 quibus
850 2585 1126 2669 benigne
1164 2583 1488 2649 videbitur
1527 2585 1696 2667 fieris
1731 2588 1797 2648 et
1833 2585 2082 2670 ceteris;
2128 2585 2354 2652 deinde

346 2694 430 2736 ne
475 2674 682 2736 maior
726 2673 1096 2757 benignitas
1143 2672 1229 2736 sit
1275 2695 1468 2755 quam
1513 2672 1884 2757 facultates;
1929 2678 2070 2738 tum
2115 2679 2189 2738 ut
2233 2697 2353 2760 pro

351 2760 668 2846 dignitate
713 2760 939 2843 cuique
985 2760 1336 2844 tribuatur3
1391 2761 1457 2824 id
1510 2761 1680 2825 enim
1735 2766 1835 2825 est
1882 2762 2168 2827 iustitiae
2213 2763 2354 2827 fun-

350 2850 739 2930 damentum,
778 2848 860 2912 ad
897 2869 1090 2932 quam
1127 2848 1286 2913 haec
1323 2849 1655 2913 referenda
1693 2854 1842 2913 sunt
1879 2851 2112 2915 omnia.
2179 2850 2352 2916 Nam

348 2943 413 3002 et
460 2937 569 3021 qui
618 2936 1068 3022 gratificantur
1105 2936 1412 3021 cuipiam,
1449 2937 1617 3022 quod
1654 2938 1827 3001 obsit
1864 2939 1982 3021 illi,
2027 2939 2130 3004 cui
2165 2940 2352 3024 prod·
2383 2960 2435 2998 so

348 3047 487 3091 esse
525 3026 691 3090 velle
728 3025 1093 3109 videantur,
1140 3046 1273 3090 non
1309 3026 1576 3090 benefici
1611 3047 1818 3109 neque
1865 3027 2210 3111 liberalesr
2241 3028 2353 3092 sed

346 3114 693 3200 perniciosi
731 3114 1174 3179 adsentatores
1211 3114 1533 3179 iudicandi
1570 3118 1736 3198 sunt,
1784 3118 1849 3178 et
1894 3115 2006 3198 qui
2052 3116 2197 3180 aliis
2241 3138 2353 3182 no-

348 3206 513 3286 cent,
548 3206 622 3267 ut
657 3203 727 3266 in
762 3203 925 3267 alios
954 3203 1257 3267 liberales
1303 3203 1455 3286 sint,
1489 3202 1557 3266 in
1587 3203 1807 3267 eadem
1837 3207 1988 3268 sunt
2014 3204 2360 3288 iniustitiaff

250 3305 308 3352 13
348 3295 422 3354 ut
486 3291 542 3354 si
604 3291 674 3355 in
737 3313 921 3355 suam
975 3313 1110 3355 rem
1168 3291 1381 3355 aliena
1434 3296 1828 3355 convertant.
1918 3290 2083 3357 Sunt
2137 3297 2351 3358 autem

347 3378 557 3461 multi,
603 3383 669 3443 et
716 3379 971 3463 quidem
1018 3379 1231 3463 cupidi
1278 3378 1636 3464 splendoris
1674 3384 1740 3443 et
1779 3381 2043 3465 gloriae,
2089 3382 2199 3464 qui
2235 3382 2351 3446 eri·
2378 3397 2431 3438 8⁵

349 3466 535 3549 piunt
583 3466 753 3549 aliis,
795 3467 964 3551 quod
1011 3468 1155 3531 aliis
1202 3468 1582 3553 largiantur,
1628 3467 1799 3552 iique
1846 3469 2246 3533 arbitrantur
2284 3490 2350 3533 se

349 3553 666 3618 beneficos
712 3555 780 3618 in
828 3576 976 3620 suos
1024 3555 1264 3621 amicos
1310 3557 1521 3620 visum
1566 3556 1664 3639 iri,
1712 3557 1768 3620 si
1804 3557 2199 3643 locupletent
2242 3580 2351 3622 eos

247 2277 310 2326 42
480 2231 798 2316 Deinceps
808 2282 826 2315 ,
880 2235 954 2296 ut
1000 2236 1140 2296 erat
1194 2232 1627 2317 propositum,
1683 2232 1759 2296 de
1814 2233 2236 2298 beneficentia
2282 2233 2355 2299 ac
2437 2237 2488 2284 “-
2525 2251 2552 2282 ⁵
