2630 3913
247 838 310 887 86

243 1894 307 1942 37

352 220 436 281 14
1132 217 1228 270 DE
1267 215 1565 270 OFFICIIS

349 379 686 444 sulendum
734 383 849 462 est,
893 381 1032 442 tum
1080 378 1161 473 ii,
1204 378 1314 461 qui
1362 377 1557 442 armis
1602 377 1836 461 positis
1883 376 1965 441 ad
2011 377 2356 461 imperato-

348 490 492 532 rum
519 468 710 531 fidem
742 466 1133 552 confugient,
1164 466 1457 549 quamvis
1481 488 1737 529 murum
1758 465 1923 529 aries
1952 467 2357 549 percusserit,

348 555 710 641 recipiendi.
774 554 854 618 In
882 576 1007 638 quo
1035 557 1376 639 tantopere
1406 554 1577 638 apud
1612 557 1875 618 nostros
1903 554 2154 618 iustitia
2182 556 2358 619 culta

350 649 467 727 est,
510 647 585 708 ut
629 643 694 735 ii,
741 643 852 724 qui
896 643 1190 707 civitates
1237 648 1351 706 aut
1394 643 1689 706 nationes
1739 641 2021 706 devictas
2068 642 2243 707 bello
2289 643 2358 707 in

347 733 540 796 fidem
576 732 984 816 recepissent,
1022 753 1242 795 earum
1279 730 1540 815 patroni
1568 734 1783 794 essent
1811 751 1989 794 more
2018 731 2355 796 maiorum.
2408 748 2437 789 ⁵

349 823 446 885 Ac
500 820 659 884 belli
725 820 980 902 quidem
1046 819 1338 903 aequitas
1402 818 1807 882 sanctissime
1869 817 2078 883 fetiali
2131 818 2358 904 populi

348 908 628 972 Romani
680 907 817 971 iure
867 907 1226 992 perscripta
1272 910 1389 971 est.
1476 907 1578 971 Ex
1624 928 1751 990 quo
1796 906 2093 991 intellegi
2135 911 2357 992 potest

346 997 600 1061 nullum
644 996 890 1059 bellum
936 1017 1074 1060 esse
1121 996 1382 1078 iustum,
1426 995 1554 1058 nisi
1591 996 1761 1078 quod
1803 999 1916 1058 aut
1952 996 2145 1060 rebus
2180 1017 2356 1080 repe-

349 1085 489 1148 titis
547 1088 810 1170 geratur
867 1088 980 1147 aut
1034 1084 1481 1147 denuntiatum
1547 1086 1696 1148 ante
1756 1083 1843 1146 sit
1898 1087 1963 1147 et
2024 1083 2352 1148 indictum.

351 1172 667 1258 [Popilius
705 1172 1058 1256 imperator
1093 1172 1359 1236 tenebat
1393 1171 1818 1267 provinciam,
1856 1171 1924 1235 in
1965 1171 2143 1235 cuius
2183 1194 2353 1236 exer·
2383 1190 2434 1229 ιο

349 1261 481 1325 citu
519 1259 783 1325 Catonis
821 1260 992 1324 filius
1039 1260 1165 1324 tiro
1214 1260 1561 1324 militabat.
1633 1257 1796 1325 Cum
1844 1263 2061 1324 autem
2095 1259 2353 1345 Popilio

347 1349 673 1414 videretur
726 1370 922 1412 unam
978 1348 1302 1412 dimittere
1358 1347 1708 1434 legionem,
1771 1346 2038 1413 Catonis
2100 1370 2353 1432 quoque

346 1437 580 1520 filium,
629 1437 738 1520 qui
782 1437 850 1499 in
895 1437 1118 1501 eadem
1164 1436 1419 1521 legione
1466 1436 1818 1520 militabat,
1875 1436 2137 1500 dimisit.
2228 1435 2391 1507 Sed,

347 1549 493 1590 cum
540 1546 757 1589 amore
793 1525 1125 1609 pugnandi
1158 1524 1228 1587 in
1264 1523 1546 1588 exercitu
1581 1524 2014 1607 remansisset,
2060 1522 2224 1590 Cato
2272 1525 2354 1589 ad

344 1613 672 1700 Popilium
711 1613 988 1697 scripsit,
1033 1616 1123 1695 ut,
1165 1612 1222 1675 si
1261 1633 1407 1676 eum
1441 1612 1691 1696 patitur
1725 1613 1796 1675 in
1832 1613 2113 1677 exercitu
2151 1635 2353 1678 rema-
2381 1629 2433 1670 1⁵

345 1723 522 1784 nere,
579 1700 854 1765 secundo
901 1722 1046 1764 eum
1094 1700 1342 1785 obliget
1386 1700 1659 1764 militiae
1716 1705 2147 1784 sacramento,
2202 1702 2353 1785 quia

345 1790 560 1874 priore
607 1788 844 1852 amisso
891 1788 1029 1852 iure
1066 1810 1210 1852 cum
1246 1788 1546 1853 hostibus
1583 1809 1873 1874 pugnare
1907 1810 2040 1853 non
2074 1792 2349 1873 poterat.

346 1876 528 1941 Adeo
577 1898 828 1940 summa
874 1879 1013 1940 erat
1060 1877 1428 1941 observatio
1481 1878 1551 1941 in
1604 1877 1777 1942 bello
1833 1878 2192 1960 movendo]
2266 1878 2351 1944 Μ.

347 1966 603 2049 quidem
659 1964 923 2030 Catonis
981 1966 1150 2041 senis
1211 1970 1311 2029 est
1367 1966 1647 2049 epistula
1702 1966 1782 2031 ad
1835 1966 1921 2031 M.
1983 1967 2218 2052 filium,
2282 1968 2352 2032 in

345 2076 472 2137 qua
509 2053 735 2118 scribit
773 2074 840 2116 se
879 2054 1132 2118 audisse
1172 2077 1317 2118 eum
1363 2054 1633 2119 missum
1669 2054 1916 2119 factum
1952 2076 2091 2119 esse
2130 2079 2169 2120 a
2205 2078 2348 2134 con·
2376 2074 2429 2114 20

345 2142 500 2224 sule,
529 2164 672 2206 cum
700 2142 769 2205 in
796 2141 1170 2206 Macedonia
1195 2143 1371 2207 bello
1390 2141 1647 2208 Persico
1677 2144 1863 2207 miles
1894 2148 2079 2208 esset.
2126 2143 2349 2209 Monet

341 2231 583 2323 igitur,t
613 2234 686 2293 ut
733 2235 993 2322 caveat,
1036 2253 1116 2294 ne
1160 2232 1481 2316 proelium
1525 2232 1727 2315 ineat3
1786 2236 1985 2317 negat
2031 2232 2202 2296 enim
2246 2233 2347 2297 ius

243 2320 321 2384 12
343 2331 499 2402 esse,
547 2341 656 2402 qul
701 2319 888 2382 miles
924 2340 1056 2383 non
1093 2319 1197 2403 sit,
1243 2342 1387 2386 cum
1424 2319 1612 2384 hoste
1652 2342 1958 2421 pugnare.
2030 2320 2347 2405 Equidem

237 3304 298 3352 38

343 2408 540 2471 etiam
593 2408 758 2471 illud
813 2407 1278 2492 animadverto,
1345 2408 1554 2492 quod,
1607 2430 1717 2491 qui
1769 2408 2033 2493 proprio
2088 2409 2346 2474 nomine

340 2496 766 2580 perduellis
814 2500 1000 2578 esset,
1045 2496 1101 2560 is
1120 2495 1430 2560 ‘hostisss'
1446 2493 1802 2579 vocaretur,
1852 2497 2120 2561 lenitate
2166 2498 2348 2562 verbi
2374 2512 2427 2553 85

340 2584 434 2647 rei
479 2583 820 2647 tristitiam
874 2583 1261 2667 mitigatam.
1317 2582 1608 2647 “Hostis'
1638 2585 1807 2649 enim
1853 2586 2023 2669 apud
2069 2586 2346 2650 maiores

338 2675 600 2735 nostros
629 2671 685 2734 is
716 2671 1073 2756 dicebatur,
1104 2694 1292 2754 quem
1329 2693 1497 2735 nunc
1519 2672 2038 2757 <peregrinum
2061 2674 2345 2740 dicimus,

337 2758 636 2822 Indicant
699 2758 1030 2823 duodecim
1097 2760 1387 2823 tabulae:
1460 2778 1595 2823 AUT
1661 2777 1915 2826 STATUS
1978 2779 2140 2827 DIES
2206 2779 2346 2827 CUM

338 2863 588 2930 Hos'rE,
633 2847 941 2930 itemque:
986 2864 1345 2913 ADVERSUS
1392 2865 1674 2913 Hos'rmi
1723 2867 2053 2913 AETERNA
2088 2866 2345 2916 Auo'ro-

338 2952 558 3001 RITAS.
658 2934 824 3010 Quid
887 2935 968 2999 ad
1029 2935 1196 3000 hanc
1270 2937 1827 3002 mansuetudinem
1892 2938 2039 3001 addi
2110 2942 2344 3023 potest,
2374 2956 2428 2998 so

340 3047 483 3088 eum
483 3074 521 3110 ,.
558 3023 814 3107 quicum
861 3024 1104 3088 bellum
1151 3046 1339 3109 geras
1341 3075 1388 3112 Γ
1416 3028 1554 3089 tam
1600 3027 1785 3090 molli
1828 3026 2087 3091 nomine
2134 3029 2347 3112 appel-

338 3113 516 3177 lare?
581 3112 985 3196 Quamquam
1012 3113 1080 3176 id
1107 3135 1344 3177 nomen
1371 3112 1590 3177 durius
1625 3114 1834 3179 effecit
1868 3115 2001 3178 iam
2028 3119 2347 3200 vetustas;

339 3224 379 3264 a
421 3202 763 3287 peregrino
811 3202 980 3266 enim
1027 3202 1293 3266 recessit
1340 3205 1406 3266 et
1450 3203 1710 3286 proprie
1754 3203 1823 3267 in
1869 3225 1974 3294 eos
2010 3204 2119 3287 qui
2166 3227 2347 3284 arma

339 3293 564 3353 contra
606 3290 831 3377 ferret,
870 3290 1197 3354 remansit.
1291 3288 1452 3354 Cum
1499 3312 1652 3355 vero
1699 3291 1775 3355 de
1819 3292 2089 3376 imperio
2138 3292 2345 3357 decer-

337 3380 516 3440 tatur
569 3378 870 3461 belloque
927 3379 1259 3461 quaeritur
1314 3378 1552 3463 gloria,
1609 3400 1835 3444 causas
1891 3381 2151 3446 omnino
2200 3382 2343 3445 sub·
2373 3406 2428 3448 ss

336 3485 475 3527 esse
505 3468 724 3529 tamen
753 3470 1012 3551 oportet
1040 3467 1313 3549 easdem,
1352 3489 1511 3550 quas
1550 3466 1679 3531 dixi
1717 3470 1913 3553 paulo
1952 3473 2102 3533 ante
2138 3469 2343 3533 iustas

334 3572 563 3617 causas
620 3574 758 3617 esse
813 3554 1150 3618 bellorum.
1244 3552 1370 3618 Sed
1424 3576 1501 3618 ea
1556 3554 1762 3664 bella,
1812 3558 2043 3642 quibus
2090 3557 2346 3641 imperii
