2630 3913
204 775 270 821 24

204 2585 269 2633 25

200 3329 267 3377 26

311 201 440 266 432
565 198 831 254 ORATIO
870 198 1116 254 PRIDIE
1156 197 1366 263 QUAM
1403 198 1483 252 IN
1519 199 1829 254 EXILIUM
1865 198 2050 256 IRET.

309 383 415 426 ros
453 382 629 424 meos
666 359 735 424 in
773 365 1055 425 vestram
1088 362 1281 425 fidem
1318 361 1646 445 recipiatis
1685 383 1921 446 eosque
1960 361 2326 427 defendatis

307 470 465 514 neve
510 447 805 514 inimicos
853 470 1029 513 meos
1076 450 1337 535 longius
1382 450 1451 513 in
1485 449 1805 514 familiam
1842 453 2137 515 nostram
2173 474 2328 535 pro-

308 537 490 623 gredi
534 537 894 622 patiamini,
941 538 1181 621 utique,
1228 538 1366 602 sive
1412 538 1562 603 hinc
1609 539 1828 603 abiero
1877 538 2010 603 sive
2056 538 2163 604 hic
2209 561 2325 605 ero

309 647 673 711 oppressuS,
720 648 796 690 ea
840 630 1099 690 maneat
1148 626 1367 710 opinio
1414 628 1480 689 et
1527 626 1940 711 existimatio,
1988 649 2151 711 quae
2188 628 2323 692 vir-

209 696 447 778 10tute
493 719 703 798 parta,
746 736 877 778 non
915 736 1077 797 quae
1113 713 1495 779 infelicitate
1536 715 1745 779 inlata
1781 719 1898 779 est.
1969 713 2032 778 N
2034 736 2159 780 unc
2195 738 2323 801 ego
2384 735 2408 775 5

306 808 398 885 te,
459 801 751 886 Iuppiter
805 802 1049 885 optime
1102 803 1406 884 maxime,
1472 803 1650 867 cuius
1713 808 1876 867 nutu
1939 824 2014 868 ac
2070 803 2322 869 dicione

309 892 451 956 sola
494 895 814 963 terrarum
860 891 1331 974 gubernantur,
1384 894 1604 975 teque,
1661 892 1986 977 particeps
2042 893 2321 975 conubii,

308 980 484 1045 socia
528 979 739 1064 regni,
782 979 1011 1064 regina
1055 980 1244 1063 Iuno,
1288 983 1506 1062 teque,
1554 979 1875 1063 Tritonia,
1921 980 2319 1064 armipotens

307 1067 749 1152 Gorgophona
782 1067 1001 1132 Pallas
1039 1067 1347 1150 Minerva,
1393 1068 1714 1151 ceterique
1761 1068 1827 1131 di
1873 1068 2152 1152 deaeque
2196 1069 2318 1132 im-

307 1156 619 1221 mortales
630 1206 646 1239 ,
699 1155 808 1239 qui
854 1156 1193 1221 excellenti
1236 1156 1488 1220 tumulo
1537 1156 1822 1221 civitatis
1871 1156 2086 1221 sedem
2133 1155 2318 1241 Capi·
2352 1177 2404 1216 10

306 1245 430 1310 toli
500 1245 569 1308 in
643 1266 797 1309 saxo
871 1244 1156 1309 incolitis
1229 1244 1684 1323 constitutam,
1765 1248 1841 1308 ut
1910 1267 2042 1309 non
2104 1246 2319 1310 solum

307 1336 605 1400 cunctam
648 1332 903 1416 intueri,
950 1332 1062 1396 sed
1108 1333 1305 1397 etiam
1353 1332 1522 1396 tueri
1564 1332 1834 1417 possitis
1873 1333 2232 1417 civitatem3
2280 1357 2319 1398 a

308 1443 582 1506 quorum
629 1442 750 1506 ego
786 1421 1108 1504 quondam
1156 1421 1408 1485 altariis
1458 1421 1726 1505 impiam
1772 1421 2008 1487 civium
2054 1444 2320 1487 manum

306 1510 570 1586 removi,
608 1532 647 1574 a
683 1531 955 1592 quorum
984 1511 1245 1593 templis
1275 1531 1419 1574 meo
1447 1510 1732 1593 periculo
1760 1510 2083 1575 funestam
2109 1510 2319 1575 facem

306 1598 580 1682 reppuli,
607 1619 687 1661 ne
709 1598 1244 1662 inlustrissimum
1273 1599 1450 1663 orbis
1478 1601 1800 1662 terrarum
1826 1602 2318 1663 monumentum
2349 1618 2404 1658 15

308 1710 452 1751 cum
481 1686 768 1770 principe
797 1687 1083 1752 omnium
1111 1691 1430 1751 terrarum
1460 1687 1776 1751 occideret
1800 1687 2077 1769 civitate,
2106 1690 2317 1769 teque,

307 1775 600 1860 Iuppiter
620 1772 860 1857 Stator,
889 1797 1076 1857 quem
1104 1797 1252 1839 vere
1279 1775 1471 1838 huius
1499 1775 1756 1858 imperii
1783 1778 2092 1839 statorem
2116 1774 2315 1838 maio·

307 1885 410 1928 res
446 1862 656 1927 nostri
689 1863 1205 1944 nominaverunt,
1249 1862 1428 1927 cuius
1466 1863 1536 1926 in
1569 1864 1815 1947 templo
1854 1862 2157 1927 hostilem
2195 1862 2314 1927 im·

306 1954 530 2038 petum
587 1949 907 2014 Catilinae
960 1950 1214 2034 reppuli
1268 1974 1307 2015 a
1367 1951 1597 2036 muris,
1661 1952 1840 2017 cuius
1902 1951 2222 2035 templum
2277 1975 2318 2017 a

307 2039 585 2104 Romulo
641 2038 831 2102 victis
879 2036 1135 2102 Sabinis
1189 2040 1258 2103 in
1303 2039 1519 2104 Palati
1572 2040 1786 2105 radice
1833 2063 1978 2105 cum
2021 2039 2319 2105 Victoria
2346 2060 2401 2099 20

309 2133 408 2193 est
445 2127 869 2212 conlocatum,
916 2149 1029 2192 oro
1071 2131 1263 2212 atque
1302 2150 1584 2212 opsecro,
1629 2128 1795 2193 ferte
1837 2151 2026 2213 opem
2070 2130 2318 2213 pariter

306 2217 402 2282 rei
439 2216 733 2299 publicae
771 2219 1163 2300 cunctaeque
1206 2217 1458 2281 civitati
1495 2216 1783 2301 meisque
1818 2215 2119 2300 fortuniS,
2163 2218 2317 2281 resi-

310 2306 461 2369 stite
515 2304 860 2369 tribunicio
916 2304 1150 2388 furori,
1213 2305 1426 2369 favete
1482 2305 1913 2387 innocentiae,
1979 2306 2317 2370 subvenite

309 2393 660 2475 solitudini,
697 2393 1088 2475 miseremini
1125 2394 1492 2477 senectutis,
1533 2394 1736 2457 nolite
1774 2415 1920 2458 eum
1959 2394 2318 2478 supplicem

309 2505 348 2547 a
381 2482 567 2547 vobis
606 2481 966 2546 absterrere
1003 2485 1070 2545 et
1106 2481 1456 2564 excludere,
1504 2482 1613 2565 qui
1647 2481 1717 2545 in
1764 2504 1879 2546 suo
1927 2483 2318 2566 magistratu
2346 2500 2399 2539 25

307 2571 631 2635 funestam
659 2570 865 2634 facem
904 2592 943 2633 a
970 2570 1203 2633 vestris
1240 2570 1526 2654 reppulit
1560 2571 1842 2654 templis.
1915 2567 1985 2634 Si
2011 2569 2080 2635 C.
2106 2569 2317 2635 Mario

309 2658 549 2723 auxilio
594 2657 836 2740 fuistis,
895 2658 1063 2742 quod
1117 2659 1184 2721 in
1238 2658 1405 2723 clivo
1454 2655 1825 2742 Capitolino
1870 2658 2318 2743 improborum

307 2747 544 2812 civium
579 2746 821 2810 fecerat
858 2746 1134 2829 caedem,
1170 2746 1227 2810 si
1263 2744 1333 2810 P.
1372 2743 1673 2830 Scipioni,
1719 2747 1889 2830 quod
1924 2746 2315 2810 Hannibalis

305 2834 719 2899 furibundam
747 2837 1028 2898 mentem
1067 2857 1106 2899 a
1141 2833 1376 2898 vestris
1413 2834 1700 2919 reppulit
1735 2835 2018 2920 tempIiS,
2055 2833 2111 2899 si
2144 2834 2317 2899 deni·

308 2945 430 3008 que
477 2922 588 2988 On.
624 2921 953 3006 Pompeio,
1000 2923 1171 3006 quod
1214 2926 1392 2986 terra
1435 2923 1727 3006 marique
1772 2923 1994 2988 hostes
2039 2923 2320 2987 reddidit
2347 2940 2401 2980 ³⁰

306 3014 595 3097 pacatos,
642 3010 733 3075 sic
777 3033 946 3076 nunc
990 3010 1060 3074 in
1104 3010 1263 3075 meis
1306 3011 1791 3076 calamitatibus
1831 3011 2117 3094 aliquam
2155 3012 2319 3076 ferte

310 3122 498 3185 opem
536 3099 846 3181 divinam3
881 3102 956 3163 ut
994 3120 1184 3182 saepe
1222 3099 1576 3164 multorum
1613 3100 1684 3163 in
1717 3099 2021 3184 periculis
2052 3099 2319 3182 fecistiS,

308 3188 400 3253 sic
452 3210 621 3253 nunc
673 3188 744 3251 in
797 3187 956 3252 meis
1011 3187 1289 3252 miseriis
1347 3187 1634 3253 divinum
1690 3188 1953 3273 aliquod
2007 3188 2318 3254 auxilium

205 3258 280 3315 11
308 3279 373 3340 et
436 3298 674 3340 numen
737 3275 1071 3340 ostendite.
1162 3274 1411 3340 Deinde
1473 3297 1590 3341 vos
1599 3327 1616 3360 ,
1687 3299 1962 3361 quorum
2023 3280 2318 3362 potestas

305 3363 596 3445 proxime
644 3363 726 3427 ad
772 3363 1033 3428 deorum
1077 3363 1547 3429 immortalium
1592 3387 1832 3430 numen
1877 3365 2148 3448 accedit,
2205 3387 2320 3431 oro
2352 3382 2404 3423 35

308 3452 502 3529 atque
566 3471 861 3533 opsecrO,
927 3451 1158 3534 quibus
1225 3452 1610 3536 singillatim
1668 3474 1857 3539 saepe
1913 3454 2186 3538 supplex
2242 3454 2326 3518 ad

306 3533 501 3612 pedes
546 3535 734 3619 iacui,
779 3541 853 3601 ut
900 3560 1071 3622 eum,
1121 3562 1309 3622 quem
1358 3541 1598 3626 singuli
1645 3545 1925 3605 stratum
1972 3545 2167 3625 atque
2215 3542 2323 3607 ab·
