2630 3913
188 529 189 532 ’
230 513 301 567 17

328 167 511 227 202’
1024 234 1029 238 ,
1139 163 1533 218 PARADOXA

332 326 427 389 dis
476 326 667 390 rebus
705 347 869 390 unus
910 348 985 390 ex
1021 324 1374 389 fortunatis
1399 325 1804 408 hominibus²
1851 325 2139 390 adversis
2177 349 2344 390 unus

331 437 407 478 ex
455 414 722 478 summis
769 414 926 478 viris
973 413 1342 496 videbatur,
1403 434 1529 497 quo
1582 414 1838 478 beatius
1865 410 1870 416 ’
1895 435 2035 477 0880
2081 416 2346 479 mortali

326 502 492 567 nihil
539 506 774 586 potest.
847 501 1094 583 NeseiS,
1139 502 1382 584 insane,
1427 503 1655 586 nescis,
1702 507 1979 585 quantas
2017 502 2186 566 vires
2224 504 2346 566 vir-

330 596 437 655 tus
474 590 743 673 habeat3
786 611 1022 654 nomen
1059 594 1318 654 tantum
1354 589 1616 654 virtutis
1662 611 1957 675 usurpas»,
2005 591 2158 673 quid
2202 591 2354 676 ipsa?
2501 675 2506 678 ι

330 680 572 761 valeat,
627 680 909 763 ignoras,
998 676 1208 743 Nemo
1263 681 1483 762 potest
1535 699 1665 742 non
1725 679 2141 743 beatissimus
2189 701 2346 762 esse,
2401 697 2428 736 ⁵

333 768 444 850 qui
499 771 599 831 est
655 770 832 831 totus
889 770 1081 850 aptus
1137 788 1215 831 ex
1271 788 1437 850 sese,
1502 767 1738 851 quique
1797 768 1867 831 in
1921 789 1989 832 se
2044 789 2172 831 uno
2230 790 2347 832 sua

330 855 518 940 ponit
572 854 807 920 omnia.
895 852 1017 919 Cui
1073 875 1220 938 spes
1275 855 1487 919 omnis
1542 859 1608 918 et
1666 855 1835 919 ratio
1900 860 1968 920 et
2030 856 2345 941 cogitatio

330 943 569 1029 pendet
614 966 690 1007 ex
735 943 1025 1026 fortuna,
1070 942 1221 1008 huie
1264 943 1431 1007 nihil
1452 1020 1456 1025 .
1478 948 1698 1027 potest
1744 965 1884 1008 esse
1930 945 2119 1026 certi,
2163 945 2347 1026 nihil,

198 1023 221 1114 J
332 1031 503 1115 quod
531 1033 941 1117 exploratum
970 1031 1210 1096 habeat
1237 1053 1730 1115 permansurum
1770 1033 1896 1096 sibi
1932 1055 2132 1097 unum
2160 1033 2345 1113 diem.

231 1755 296 1803 18

234 3080 297 3127 29

330 1119 500 1185 Eum
545 1124 620 1185 tu
664 1120 994 1185 hominem
1039 1124 1301 1202 terreto,
1351 1120 1405 1183 si
1453 1142 1642 1203 quem
1689 1121 1815 1185 eris
1860 1124 2155 1205 nanetus,
2199 1121 2346 1185 istis
2378 1140 2429 1179 ιο

332 1209 562 1273 mortis
613 1213 727 1273 aut
772 1208 950 1273 exilii
992 1207 1204 1273 minis.
1284 1207 1447 1271 Mihi
1492 1229 1645 1272 vero
1693 1209 1997 1292 quicquid
2044 1209 2350 1275 acciderit

330 1298 399 1361 in
444 1301 583 1361 tam
627 1298 891 1382 ingrata
935 1296 1217 1378 civitate,
1261 1317 1344 1360 ne
1388 1297 1713 1360 recusanti
1741 1297 2009 1398 quidem
2046 1299 2349 1380 evenerit,

331 1407 462 1450 non
509 1385 700 1450 modo
750 1387 931 1486 [non]
980 1385 1389 1486 repugnanti.
1470 1382 1637 1458 Quid
1683 1385 1853 1449 enim
1892 1406 2015 1471 ego
2056 1387 2348 1451 laboravi
2400 1447 2406 1452 .
2459 1383 2492 1436 '-

333 1478 448 1538 aut
494 1473 647 1556 quid
694 1474 825 1558 egi,
871 1477 985 1538 aut
1028 1474 1098 1536 in
1144 1494 1269 1556 quo
1317 1472 1710 1574 evigilarunt
1756 1495 1945 1538 curae
1992 1479 2060 1538 et
2104 1476 2345 1561 eogita-

332 1564 544 1626 tiones
591 1584 796 1642 meae,
852 1561 1167 1645 siquidem
1220 1560 1384 1624 nihil
1431 1562 1652 1645 peperi
1697 1563 1858 1644 tale,
1913 1562 2079 1626 nihil
2126 1585 2342 1628 eonse-
2379 1581 2427 1621 1⁵

333 1654 520 1716 0111118
569 1672 739 1733 811111,
793 1652 868 1713 111
921 1671 996 1712 eo
1045 1652 1221 1713 statu
1268 1670 1503 1732 essem,
1562 1671 1752 1733 quem
1797 1672 2004 1734 neque
2047 1650 2348 1715 fortunae

334 1738 668 1803 temeritas
695 1758 902 1820 neque
932 1736 1339 1801 inimicorum
1378 1737 1804 1802 labefactaret
1840 1739 2117 1803 iniuria?
2170 1738 2347 1803 Mor-

333 1832 549 1891 temne
595 1825 757 1890 mihi
811 1824 1165 1907 minitaris,
1224 1829 1300 1889 ut
1354 1826 1616 1891 omnino
1673 1827 1756 1890 ab
1811 1826 2207 1911 hominibu8‚
2263 1850 2345 1891 an

335 1914 618 1998 exilium,
662 1916 738 1978 ut
784 1914 866 1978 ab
913 1913 1205 1998 inprobis
1253 1913 1745 2000 demigrandum
1792 1916 1930 1981 sit?
1998 1914 2174 1981 Mors
2221 1919 2346 1980 ter-

210 2032 214 2036 ·
332 2003 545 2068 ribilis
591 2002 691 2087 iis,
715 2003 719 2007 ’
740 2023 1013 2086 quorum
1058 2024 1204 2073 eum
1249 2003 1388 2067 vita
1432 2004 1651 2068 omnia
1691 2005 2172 2090 extinguuntur,
2216 2026 2349 2069 non
2376 2024 2429 2061 20

333 2092 443 2174 iis,
507 2113 781 2174 quorum
836 2091 979 2154 laus
1035 2091 1238 2155 emori
1295 2113 1427 2156 non
1491 2096 1735 2176 potest,
1800 2094 2066 2157 exilium
2129 2098 2348 2158 autem

334 2180 487 2258 illis,
539 2179 771 2262 quibus
819 2179 1006 2262 quasi
1051 2180 1572 2265 circumscriptus
1620 2185 1720 2245 est
1761 2181 2104 2246 habitandi
2148 2182 2348 2264 100118,

334 2290 466 2333 11011
501 2268 600 2352 iis,
648 2267 758 2351 qui
796 2289 1052 2332 omnem
1090 2268 1314 2332 orbem
1351 2273 1673 2333 terrarum
1708 2291 1905 2334 unam
1942 2270 2171 2334 urbem
2209 2292 2347 2335 esse

335 2356 591 2422 ducunt
683 2355 773 2421 Te
827 2357 1150 2439 miseriae,
1215 2360 1281 2421 te
1347 2379 1690 2421 aerumnae
1748 2362 2054 2442 premunt
2106 2380 2348 2442 01111108,

337 2445 446 2529 qui
491 2450 558 2510 te
603 2445 893 2525 beatum,
941 2445 1051 2528 qui
1103 2448 1169 2509 te
1222 2445 1562 2509 florentem
1607 2450 1829 2530 putas,
1892 2452 1946 2510 te
1988 2450 2160 2511 tuae
2186 2447 2347 2512 lubi·
2375 2465 2426 2504 2⁶

334 2534 517 2599 'dines
571 2537 903 2617 torquent,
967 2537 1041 2597 tu
1096 2532 1231 2596 dies
1286 2537 1634 2617 noctesque
1690 2534 2022 2618 erueiariS,
2076 2535 2178 2600 cui
2230 2556 2348 2601 neo

336 2627 440 2686 sat
487 2624 614 2703 est,
660 2620 831 2704 quod
878 2625 1004 2703 est,
1059 2625 1124 2685 et
1169 2620 1236 2697 id
1280 2622 1495 2705 ipsum
1539 2643 1620 2686 ne
1667 2644 1798 2686 non
1844 2623 2214 2687 diuturnum
2260 2622 2350 2687 sit

334 2710 653 2791 futurum,
715 2709 935 2791 times,
1002 2713 1069 2773 te
1124 2710 1555 2774 conscientiae
1610 2711 1953 2795 stimulant
2006 2711 2350 2776 maleficio-

336 2821 481 2861 rum
536 2802 824 2880 tuorum,
886 2801 953 2861 te
1016 2800 1227 2861 metus
1292 2799 1663 2863 exanimant
1716 2799 2097 2864 iudiciorum
2154 2804 2349 2883 atque

336 2887 584 2972 legum,
640 2907 1040 2969 quocumque
1087 2885 1468 2969 adspexisti,
1522 2891 1598 2952 ut
1641 2886 1847 2951 furiae
1895 2888 1986 2953 sie
2032 2892 2181 2952 tuae
2226 2888 2350 2953 tibi
2380 2907 2433 2946 ω

338 2978 681 3040 occurrunt
710 2974 1000 3058 iniuriae,
1048 2995 1209 3057 quae
1239 2979 1303 3038 te
1343 2975 1667 3059 suspirare
1705 2976 1907 3041 libere
1943 2997 2074 3040 non
2111 2977 2350 3040 sinunt.

337 3062 546 3138 Quam
591 3063 675 3127 ob
722 3084 886 3145 rem,
943 3066 1017 3126 ut
1070 3063 1349 3146 inprobo
1395 3067 1462 3127 et
1508 3065 1711 3129 stulto
1752 3068 1825 3128 'et
1868 3064 2065 3129 inerti
2109 3065 2352 3129 nemini

337 3153 498 3216 bene
555 3172 693 3216 esse
748 3154 992 3236 potest,
1047 3151 1140 3216 sie
1193 3151 1402 3216 bonus
1448 3152 1550 3216 vir
1604 3156 1670 3216 et
1724 3151 1982 3237 sapiens
2039 3156 2105 3217 et
2156 3152 2348 3218 fortis

227 3247 258 3278 -’
337 3244 534 3304 1111801
567 3261 706 3303 esse
742 3261 931 3304 nemo
960 3242 1196 3323 potest.
1248 3239 1309 3303 N
1314 3262 1385 3305 ee
1412 3262 1584 3323 vero,
1622 3240 1852 3323 quoius
1880 3241 2085 3306 virtus
2115 3263 2351 3306 1110108-

339 3351 461 3410 que
508 3327 812 3392 laudandi
859 3331 1030 3412 sunt,
1077 3329 1210 3392 eius
1257 3350 1391 3394 non
1436 3328 1756 3393 laudanda
1801 3329 1940 3394 vita
1981 3333 2098 3413 est,
2143 3351 2351 3417 neque
2381 3348 2432 3386 ³⁵

310 3422 531 3497 'porro
596 3415 903 3500 fugienda
967 3379 1103 3480 vita
1167 3420 1294 3500 est,
1369 3438 1532 3500 quae
1596 3417 1919 3481 laudanda
1983 3422 2107 3498 est3
2182 3424 2354 3483 esset

341 3506 555 3564 autem
602 3503 925 3588 fugienda,
971 3504 1027 3567 si
1075 3508 1244 3568 esset
1289 3505 1541 3568 misera.
1614 3502 1820 3578 Quam
1859 3507 1942 3570 ob
1981 3529 2134 3587 rem,
2183 3507 2354 3590 quio,-
