2630 3913
334 189 458 252 154
805 187 990 241 CATO
1028 185 1264 240 MAIOR
1300 185 1398 239 DE
1437 184 1859 239 SENEOTUTE

330 354 395 415 et
432 349 603 435 apud
638 370 757 414 nos
796 352 862 413 et
899 348 965 411 in
1008 347 1154 411 aliis
1201 346 1595 431 civitatibus,
1641 351 1716 411 ut
1762 367 2052 431 quaeque
2098 347 2343 431 optime

330 442 584 502 morata
613 441 730 521 est,
765 436 862 501 ita
896 435 1392 519 diligentissime
1431 434 1878 500 observantur.
1939 434 2344 519 Lysandrum

327 525 932 608 Lacedaemonium,
992 523 1170 588 cuius
1226 522 1418 589 modo
1472 522 1597 588 feci
1651 523 2073 608 mentionem,
2136 523 2345 589 dicere

330 616 512 679 aiunt
567 614 833 679 solitum
879 611 1425 677 Lacedaemonem
1472 633 1611 676 esse
1662 611 2193 676 honestissimum
2239 612 2346 676 do-

329 703 643 767 micilium
698 700 1075 784 senectutis3
1130 721 1451 784 nusquam
1507 700 1678 765 enim
1731 703 1989 764 tantum
2033 699 2346 765 tribuitur
2405 719 2434 760 ε

331 791 554 875 aetati,
596 810 917 873 nusquam
963 792 1065 853 est
1110 792 1406 854 senectus
1452 787 1851 853 honoratior.
1933 787 2102 864 Quin
2147 789 2346 853 etiam

329 878 679 943 memoriae
723 877 1054 962 proditum
1100 879 1217 960 est,
1263 898 1410 942 cum
1447 875 1726 940 Athenis
1772 876 1941 941 ludis
1981 876 2241 960 quidam
2278 877 2348 941 in

328 968 661 1032 theatrum
690 964 954 1052 grandis
985 968 1147 1031 natu
1173 965 1476 1048 venisset,
1513 986 1750 1050 magno
1790 986 2097 1030 consessu
2131 966 2346 1030 locum

327 1077 649 1139 nusquam
686 1054 746 1118 ei
783 1053 1006 1119 datum
1044 1075 1083 1117 a
1120 1053 1252 1119 suis
1291 1053 1567 1137 civibus3
1604 1074 1749 1118 cum
1787 1057 2004 1118 autem
2042 1052 2123 1118 ad
2155 1053 2347 1119 Lace-

331 1143 703 1208 daemonios
751 1141 1145 1226 accessisset,
1193 1141 1302 1226 qui
1348 1142 1554 1225 legati
1590 1163 1736 1207 cum
1774 1144 2009 1225 essent,
2053 1145 2230 1207 certo
2278 1142 2348 1206 in
2377 1163 2432 1201 ιο

331 1233 473 1297 loco
520 1230 960 1315 consederant,
1006 1229 1482 1295 consurrexisse
1531 1251 1752 1294 omnes
1799 1229 1900 1294 illi
1938 1229 2236 1295 dicuntur
2281 1234 2349 1294 et

229 1336 295 1385 54
332 1341 550 1386 senem
596 1341 845 1384 sessum
903 1318 1237 1403 recepisse.
1330 1315 1576 1392 Quibus
1631 1339 1777 1383 cum
1825 1341 1864 1383 a
1918 1322 2148 1383 cuncto
2203 1339 2348 1383 con-

232 2394 295 2443 65

331 1430 514 1474 sessu
577 1409 843 1493 plausus
909 1410 1083 1472 esset
1144 1405 1486 1490 multiplex
1551 1405 1768 1490 datus,
1833 1405 2069 1470 dixisse
2135 1427 2212 1471 ex
2265 1405 2346 1470 iis

331 1496 651 1581 quendam
687 1495 1117 1560 Athenienses
1159 1494 1339 1576 scire,
1387 1515 1549 1577 quae
1594 1498 1773 1559 recta
1818 1483 2053 1578 essent,
2100 1494 2213 1558 sed
2255 1492 2348 1559 fa-

331 1606 473 1650 cere
528 1585 721 1649 nolle.
810 1583 1021 1647 Multa
1072 1582 1142 1646 in
1197 1585 1414 1647 vestro
1478 1582 1756 1668 collegio
1811 1584 2171 1667 praeclara,
2237 1581 2348 1646 sed
2378 1603 2431 1642 ιε

330 1674 472 1756 hoc,
510 1673 586 1737 de
624 1694 751 1756 quo
790 1671 1062 1757 agimus,
1098 1670 1168 1734 in
1203 1669 1450 1754 primis,
1488 1670 1678 1755 quod,
1714 1673 1789 1735 ut
1825 1671 2094 1755 quisque
2133 1673 2347 1735 aetate

333 1759 672 1843 antecedit,
700 1760 795 1824 ita
824 1757 1181 1823 sententiae
1208 1757 1644 1843 principatum
1672 1762 1869 1842 tenet,
1896 1780 2106 1843 neque
2134 1760 2346 1824 solum

331 1850 576 1913 honore
624 1846 1168 1931 antecedentibus,
1215 1846 1328 1911 sed
1362 1846 1443 1910 iis
1483 1846 1697 1930 etiam,
1745 1847 1856 1932 qui
1892 1870 2037 1912 cum
2074 1848 2346 1933 imperio

334 1939 504 2020 sunt,
550 1935 827 2001 maiores
873 1938 1034 2000 natu
1081 1955 1357 2021 augures
1402 1939 1897 2020 anteponuntur.
1971 1934 2148 2012 Quae
2194 1940 2348 2001 sunt

332 2025 537 2111 igitur
590 2025 963 2108 voluptates
1027 2023 1317 2108 corporis
1374 2045 1520 2089 cum
1576 2024 1985 2090 auctoritatis
2039 2025 2347 2110 praemiis
2374 2045 2429 2085 20

333 2112 847 2198 comparandae?
909 2112 1139 2196 quibus
1188 2112 1299 2195 qui
1346 2112 1676 2197 splendide
1721 2113 1824 2178 usi
1870 2117 2045 2197 sunt,
2091 2113 2140 2177 ii
2186 2114 2346 2179 mihi

333 2200 633 2267 videntur
676 2200 968 2266 fabulam
1024 2201 1261 2265 aetatis
1315 2201 1643 2287 peregisse
1697 2223 1814 2266 nec
1867 2205 2201 2286 tamquam
2255 2202 2346 2266 in-

334 2289 669 2355 exercitati
713 2289 1063 2355 histriones
1110 2289 1180 2353 in
1226 2293 1514 2354 extremo
1562 2293 1710 2354 actu
1757 2289 2091 2355 corruisse.

466 2376 559 2442 At
613 2382 764 2443 sunt
818 2378 1061 2442 morosi
1115 2381 1182 2441 et
1237 2377 1412 2441 anxii
1467 2380 1534 2441 et
1586 2378 1875 2443 iracundi
1930 2381 1996 2443 et
2051 2377 2346 2444 difficiles

335 2487 534 2532 senes.
626 2464 696 2531 Si
750 2466 1143 2550 quaerimus,
1199 2465 1398 2530 etiam
1453 2465 1659 2549 avari3
1716 2466 1828 2531 sed
1880 2466 2039 2531 haec
2093 2489 2346 2532 morum
2375 2487 2428 2527 τε

334 2555 495 2619 vitia
532 2557 701 2638 sunt,
746 2575 877 2618 non
915 2553 1281 2619 senectutis.
1355 2552 1452 2618 Ac
1498 2554 1844 2619 morositas
1890 2559 2112 2619 tamen
2157 2561 2224 2620 et
2269 2577 2348 2621 ea

334 2642 512 2725 vitia,
561 2663 723 2726 quae
770 2642 918 2726 dixi,
963 2641 1207 2706 habent
1252 2640 1499 2726 aliquid
1535 2643 1963 2707 excusationis
2000 2665 2133 2709 non
2167 2643 2345 2708 illius

336 2729 594 2814 quidem
637 2729 866 2813 iustae,
914 2729 1026 2793 sed
1073 2750 1236 2812 quae
1280 2729 1550 2814 probari
1594 2752 1785 2815 posse
1829 2731 2152 2815 videatur3
2202 2753 2346 2797 con-

337 2817 538 2882 temni
584 2838 652 2882 se
697 2821 960 2902 putant,
1015 2816 1280 2902 despici,
1334 2816 1567 2901 inludi3
1625 2822 1960 2903 praeterea
2012 2819 2081 2884 in
2124 2819 2348 2906 fragili

334 2926 603 2990 corpore
640 2904 865 2971 odiosa
900 2905 1110 2970 omnis
1148 2905 1417 2970 offensio
1465 2910 1581 2970 est.
1655 2904 1831 2981 Quae
1867 2911 2089 2972 tamen
2129 2908 2347 2974 omnia
2374 2926 2430 2969 so

335 2994 622 3082 dulciora
665 2994 831 3059 fiunt
877 2997 942 3059 et
987 2993 1275 3058 moribus
1322 2994 1509 3059 bonis
1548 2997 1614 3059 et
1652 2995 1920 3079 artibus,
1964 2996 2156 3080 idque
2202 3018 2348 3061 cum

332 3083 402 3148 in
446 3082 601 3166 vita,
646 3086 788 3146 tum
824 3082 894 3146 in
929 3103 1161 3147 scaena
1196 3082 1494 3168 intellegi
1529 3086 1747 3167 potest
1786 3106 1863 3148 ex
1899 3084 1979 3148 iis
2015 3083 2348 3169 fratribus,

336 3170 446 3254 qui
499 3169 569 3234 in
623 3169 940 3254 Adelphis
998 3174 1164 3235 sunt.
1255 3168 1513 3245 Quanta
1565 3170 1633 3235 in
1689 3172 1897 3238 altero
1962 3172 2217 3257 diritas,
2280 3174 2349 3237 in

336 3260 541 3323 altero
589 3258 887 3324 comitas!
963 3256 1068 3323 Sic
1115 3279 1182 3323 se
1227 3279 1332 3323 res
1377 3259 1603 3324 habet:
1649 3263 1723 3323 ut
1769 3260 1941 3325 enim
1985 3282 2117 3325 non
2159 3283 2348 3326 omne

334 3346 572 3428 vinum,
619 3346 712 3412 sic
756 3367 887 3411 non
933 3346 1141 3411 omnis
1186 3350 1423 3411 natura
1468 3350 1794 3413 vetustate
1840 3349 2169 3415 coacescit.
2243 3347 2350 3415 Se-
2376 3367 2430 3409 ss

341 3433 678 3498 veritatem
739 3434 809 3498 in
872 3437 1198 3499 senectute
1262 3435 1495 3519 prob0,
1560 3436 1673 3501 sed
1737 3458 1906 3521 eam,
1971 3436 2136 3503 sicut
2202 3438 2350 3523 alia,

240 3535 304 3583 se
344 3519 681 3602 modicam,
727 3521 1150 3586 acerbitatem
1194 3522 1377 3586 nullo
1424 3522 1631 3589 modo.
1714 3523 2013 3590 Avaritia
2057 3547 2211 3592 vero
2257 3548 2352 3591 se—
