2630 3913
813 199 947 255 LIB.
984 199 1079 253 Ill.
1138 198 1288 254 CAP.
1329 206 1378 266 2,
1416 205 1466 254 3.
1522 205 1552 265 ἓ
1591 205 1780 253 7-15.
2213 200 2298 264 93

284 364 449 428 dere.
542 361 771 446 Itaque
838 361 1197 445 accepimus
1253 358 1584 425 Socratem
1651 360 1966 425 exsecrari
2031 361 2293 426 solitum

282 472 432 539 eos!
485 450 595 534 qui
660 450 940 534 primum
1006 449 1163 514 haec
1224 454 1461 514 natura
1525 449 1936 514 cohaerentia
2000 451 2299 534 opinione-

283 538 753 604 distraxissent.
846 536 965 602 Oui
1015 537 1270 621 quidem
1319 538 1413 601 ita
1458 542 1610 602 sunt
1656 535 1857 602 Stoici
1903 537 2179 621 adsensi,
2226 543 2299 603 ut

281 633 394 715 et„
430 627 731 711 quicquid
778 626 1124 690 honestum
1181 630 1390 716 esset,
1433 626 1499 689 id
1555 626 1714 690 utile
1771 647 1910 690 esse
1965 632 2317 711 censerent,

230 735 255 769 ὁ
281 738 397 781 nec
425 716 587 780 utile
618 716 998 799 quicquam,
1010 714 1178 797 quod
1204 736 1333 778 non
1362 714 1724 778 honestum.
1772 712 2013 788 Quodsi
2043 715 2098 778 is
2129 719 2299 779 esset
2342 734 2400 781 12

283 805 630 869 Panaetius
637 855 676 888 r
724 803 834 886 qui
887 803 1195 868 virtutem
1250 807 1596 887 propterea
1651 803 1986 868 colendam
2044 803 2317 891 diceret),

285 892 455 977 quod
501 915 577 957 ea
624 891 907 956 efficiens
954 890 1263 955 utilitatis
1310 896 1508 974 esset,
1562 895 1636 955 ut
1681 892 1779 975 iis
1811 892 1921 975 qui
1967 913 2069 956 res
2117 914 2299 976 expe·

282 981 509 1046 tendas
555 982 658 1044 vel
707 981 1041 1063 voluptate
1086 981 1190 1044 vel
1239 978 1593 1044 indolentia
1640 980 2023 1063 metiuntur,
2077 981 2301 1045 liceret

284 1070 342 1134 ei
389 1070 598 1134 dicere
644 1069 998 1132 utilitatem
1038 1068 1385 1151 aliquando
1424 1090 1568 1132 cum
1605 1067 1948 1132 honestate
1983 1090 2302 1154 pugnare3

206 1177 255 1214 ιο
285 1158 395 1222 sed
452 1179 595 1222 cum
653 1156 741 1221 sit
794 1157 902 1241 is,
944 1157 1053 1241 qui
1110 1157 1176 1220 id
1239 1158 1450 1221 solum
1507 1157 1747 1220 bonum
1802 1156 2084 1238 iudicetr
2132 1158 2298 1241 quod

284 1244 630 1311 honestum
677 1245 781 1326 sit,
828 1266 993 1328 quae
1041 1248 1256 1308 autem
1304 1244 1455 1310 huic
1502 1248 1864 1330 repugnent
1903 1245 2112 1329 speeie
2151 1267 2301 1329 qua-

289 1334 438 1398 dam
466 1333 793 1417 utilitatis,
831 1355 1052 1397 eorum
1082 1354 1288 1416 neque
1327 1334 1690 1397 accessione
1727 1333 2059 1397 meliorem
2099 1333 2299 1397 vitam

288 1421 429 1486 fieri
464 1443 580 1486 nec
618 1421 982 1486 decessione
1019 1421 1322 1505 peiorem,
1369 1442 1497 1485 non
1541 1421 1793 1486 videtur
1831 1421 2126 1485 debuisse
2164 1422 2300 1485 eius

288 1509 464 1575 modi
511 1509 1039 1574 deliberationem
1095 1509 1530 1592 introducere,
1584 1509 1651 1572 in
1707 1531 1860 1593 qua,
1916 1510 2084 1593 quod
2141 1510 2300 1574 utile

208 1616 259 1655 1⁵
289 1598 639 1682 videretur,
684 1620 831 1662 cum
878 1619 981 1681 eo,
1028 1597 1198 1681 quod
1244 1598 1589 1662 honestum
1636 1601 1754 1681 est,
1799 1601 2301 1681 compararetur.

288 1686 549 1752 Etenim
598 1686 768 1770 quod
814 1707 1137 1751 summum
1183 1687 1425 1750 bonum
1474 1708 1513 1750 a
1559 1684 1794 1751 Stoicis
1842 1686 2104 1770 dicitur,
2160 1708 2301 1751 con-

285 1775 616 1840 venienter
672 1779 942 1839 naturae
997 1775 1238 1858 vivere,
1303 1775 1369 1837 id
1425 1774 1624 1839 habet
1676 1775 1871 1858 hanc,
1926 1779 1999 1839 ut
2056 1775 2304 1859 opinor,

287 1862 705 1928 sententiam:
778 1884 923 1927 cum
995 1863 1239 1927 virtute
1310 1884 1665 1948 congruere
1739 1884 2018 1947 semper,
2091 1867 2304 1928 cetera

288 1958 531 2032 autem,
579 1974 742 2036 quae
789 1951 1135 2017 secundum
1181 1954 1483 2016 naturam
1530 1955 1771 2037 essent,
1817 1952 1912 2017 ita
1958 1952 2201 2038 legere,
2249 1951 2301 2017 si

207 2060 261 2100 ιο
291 2064 366 2106 ea
410 2041 641 2104 virtuti
685 2062 817 2105 non
856 2045 1309 2126 repugnarent.
1385 2040 1567 2115 Quod
1606 2063 1750 2105 eum
1787 2041 1881 2105 ita
1919 2042 2022 2125 sit,
2068 2045 2304 2125 putant

289 2129 550 2214 quidam
604 2128 771 2194 hanc
826 2129 1375 2213 comparationem
1435 2150 1566 2193 non
1622 2133 1793 2194 recte
1849 2130 2303 2212 introductam,

287 2239 405 2283 nec
469 2217 730 2282 omnino
796 2216 874 2282 de
938 2238 1012 2281 eo
1080 2238 1313 2302 genere
1381 2217 1723 2299 quicquam
1783 2218 2302 2302 praecipiendum

287 2305 504 2370 fuisse.
595 2304 800 2389 Atqui
869 2305 1034 2369 illud
1089 2305 1345 2388 quidem
1392 2305 1764 2388 honestum,
1819 2305 1990 2387 quod
2043 2306 2304 2389 proprie

288 2414 566 2477 vereque
622 2393 880 2475 dicitur,
934 2393 998 2457 id
1054 2393 1122 2456 in
1178 2393 1579 2477 sapientibus
1636 2396 1735 2456 est
1790 2393 1947 2456 solis
2002 2414 2209 2476 neque
2266 2416 2304 2457 a

207 2501 261 2541 85
290 2482 533 2546 virtute
580 2481 800 2545 divelli
847 2503 1152 2565 umquam
1199 2485 1444 2566 potest3
1498 2481 1566 2545 in
1621 2481 1701 2544 iis
1749 2484 1993 2558 autem,
2046 2480 2112 2544 in
2170 2480 2303 2563 qui·

289 2572 412 2635 bus
467 2570 788 2653 sapientia
840 2569 1129 2655 perfecta
1180 2592 1311 2635 non
1368 2573 1493 2652 est,
1558 2569 1771 2653 ipsum
1828 2568 1991 2633 illud
2047 2569 2302 2652 quidem

289 2658 646 2743 perfectum
692 2658 1035 2723 honestum
1078 2659 1261 2722 nullo
1300 2658 1510 2740 mod0,
1557 2658 2011 2722 similitudines
2050 2657 2305 2722 honesti

291 2768 431 2811 esse
476 2750 769 2832 possunt.
842 2745 1021 2810 Haec
1068 2747 1236 2810 enim
1286 2746 1518 2829 officia,
1564 2746 1640 2810 de
1689 2746 1920 2830 quibus
1967 2746 2069 2810 his
2118 2746 2304 2811 libris

291 2835 716 2920 disputamuS,
753 2835 967 2899 media
994 2832 1192 2899 Stoici
1232 2835 1595 2919 appellant3
1640 2857 1717 2899 ea
1752 2835 2117 2899 communia
2153 2837 2304 2899 sunt

210 2941 263 2981 so
292 2929 359 2987 et
413 2923 544 2987 late
599 2926 854 3007 patent;
915 2944 1077 3006 quae
1135 2926 1200 2986 et
1254 2923 1496 3008 ingenii
1553 2923 1844 2987 bonitate
1900 2923 2091 2987 multi
2139 2944 2303 2987 asse·

292 3015 578 3095 quuntur
633 3015 699 3075 et
753 3010 1206 3096 progressione
1264 3010 1564 3076 discendi.
1655 3010 1827 3074 Illud
1887 3014 2101 3076 autem
2168 3010 2304 3074 offi-

290 3100 487 3177 cium,
534 3099 705 3182 quod
759 3103 1007 3164 rectum
1063 3099 1231 3163 idem
1287 3100 1647 3184 appellant,
1706 3098 2063 3183 perfectum
2111 3102 2303 3182 atque

292 3187 665 3252 absolutum
732 3192 832 3251 est
896 3191 986 3270 et,
1052 3190 1124 3252 ut
1182 3187 1351 3252 idem
1417 3188 1661 3271 dicunt,
1726 3208 1948 3251 omnes
2003 3208 2302 3251 numeros

290 3276 492 3340 habet
554 3297 669 3340 nec
735 3279 992 3360 praeter
1057 3276 1414 3359 sapientem
1480 3276 1704 3340 cadere
1777 3276 1845 3338 in
1918 3296 2303 3358 quemquam

211 3380 263 3421 ⁸⁵
291 3367 528 3447 potest.
604 3362 766 3429 Cum
814 3367 1030 3428 autem
1078 3364 1322 3447 aliquid
1369 3369 1584 3429 actum
1631 3367 1760 3446 est,
1805 3363 1873 3426 in
1920 3385 2045 3446 quo
2093 3363 2304 3428 media

292 3452 507 3517 officia
545 3455 979 3536 compareant,
1016 3452 1082 3515 id
1118 3453 1442 3517 cumulate
1475 3452 1726 3517 videtur
1762 3473 1900 3516 esse
1930 3450 2302 3536 perfectum,

292 3544 636 3625 propterea
674 3539 844 3624 quod
870 3541 1134 3625 ¹volgus,
1182 3541 1335 3624 quid
1372 3540 1545 3605 absit
1582 3563 1620 3604 a
1656 3540 1960 3625 perfecto,
2003 3562 2133 3605 non
2170 3540 2305 3605 fere

2346 1706 2403 1752 13

2346 2765 2404 2810 1⁴1

2347 3380 2406 3428 15
