2630 3913
322 221 448 285 102
1107 220 1204 276 DE
1244 220 1379 275 OFF
1380 220 1563 289 Icus

319 382 604 467 quidem,
650 384 761 448 sed
805 405 936 448 non
985 383 1143 448 satis
1192 384 1392 465 acuti,
1437 384 1656 448 fictam
1703 388 1770 447 et
1806 385 2325 450 commenticiam
2414 410 2415 413 ¹

316 472 608 536 fabulam
654 473 980 557 prolatam
1026 471 1247 535 dicunt
1292 495 1331 536 a
1375 472 1679 554 Platone3
1744 474 1927 555 quasi
1993 494 2144 538 vero
2212 473 2325 538 ille

319 565 433 625 aut
477 560 722 625 factum
767 561 835 625 id
880 582 1019 624 esse
1067 564 1180 625 aut
1223 560 1364 624 fieri
1408 561 1698 645 potuisse
1745 560 2076 625 defendat!
2148 561 2325 627 Haec

319 654 420 713 est
464 650 562 714 vis
609 649 799 713 huius
846 649 1023 713 anuli
1069 652 1137 713 et
1179 649 1371 712 huius
1419 648 1720 733 exempli:
1777 650 1834 713 si
1886 670 2077 715 nemo
2134 650 2324 715 scitu·

317 759 455 821 rus,
509 759 699 804 nemo
753 759 834 801 ne
890 737 1332 822 suspicaturus
1390 737 1645 820 quidem
1701 737 1814 821 sit,
1874 760 2020 802 cum
2077 738 2324 823 aliquid
2380 756 2405 797 ⁵

320 825 708 910 divitiarum,
753 827 1103 910 potentiae,
1149 825 1626 908 dominationiS,
1671 826 1957 891 libidinis
2005 848 2198 891 causa
2237 827 2326 891 fe·
2418 856 2423 860 ·

318 914 481 980 ceris
493 964 511 997 ,
582 914 640 978 si
702 914 769 978 id
832 914 930 978 dis
998 914 1495 999 hominibusque
1565 913 1858 979 futurum
1923 915 2010 978 sit
2074 936 2327 999 semper

317 1004 643 1087 ignotum,
691 1002 862 1067 sisne
906 1002 1213 1067 facturus,
1302 1000 1568 1088 Negant
1612 1002 1680 1066 id
1723 1003 1865 1067 fieri
1908 1024 2119 1087 posse.
2201 1002 2326 1068 Ne·

319 1113 644 1175 quaquam
687 1094 908 1176 potest
951 1090 1019 1155 id
1064 1091 1349 1174 quidem3
1396 1091 1507 1155 sed
1554 1112 1819 1174 quaero,
1867 1091 2039 1174 quod
2080 1097 2327 1178 negant

316 1200 536 1265 posse,
589 1180 656 1243 id
713 1180 769 1243 si
822 1182 1070 1263 posset,
1125 1179 1430 1263 quidnam
1484 1179 1787 1244 facerent.
1878 1178 2178 1265 Urguent
2222 1203 2324 1245 ru·
2354 1201 2405 1241 10

318 1268 478 1333 stice
525 1289 705 1351 sane3
748 1272 995 1353 negant
1039 1267 1209 1332 enim
1255 1289 1447 1352 posse
1494 1272 1559 1331 et
1603 1270 1671 1331 in
1719 1289 1793 1332 eo
1833 1273 2156 1352 perstant3
2201 1269 2325 1335 hoc

317 1356 585 1423 verbum
642 1356 796 1440 quid
849 1356 1092 1440 valeat,
1144 1377 1277 1420 non
1321 1356 1560 1420 vident.
1650 1354 1813 1420 Cum
1860 1358 2031 1420 enim
2078 1359 2325 1441 quaeri·

316 1467 460 1510 mus
470 1497 488 1529 ,
535 1445 592 1508 si
638 1446 845 1546 celare
889 1445 1169 1529 possint,
1218 1444 1369 1527 quid
1414 1443 1650 1508 facturi
1696 1445 1854 1528 sint,
1906 1467 2038 1510 non
2077 1448 2324 1530 quaeri·

316 1557 488 1687 ἓξὲξ,
505 1537 911 1705 αὲΐιῗὲιέιξῑιιιί,
932 1533 1168 1704 fftlarses
1187 1532 1649 1705 rtseggoiiffilgrtildt
1650 1555 1741 1685 1isle
1761 1537 2324 1707 ᾑίὲῗιιῗιῑὶιέἒὲθᾳέῗῖ
2353 1643 2404 1683 15

315 1712 532 1796 posita
585 1709 900 1793 facturOS,
965 1672 1136 1792 qliod
1199 1708 1522 1794 expediat,
1585 1708 1983 1775 facinorosos
2050 1733 2118 1775 se
2182 1734 2323 1776 esse

313 1800 663 1881 fateantur,
702 1799 758 1861 si
793 1802 1059 1883 negent,
1089 1797 1305 1862 omnia
1340 1798 1561 1881 turpia
1595 1819 1711 1881 per
1739 1819 1808 1862 se
1844 1799 1989 1884 ipsa
2014 1799 2323 1885 fugienda

317 1909 456 1953 esse
503 1886 868 1951 concedant.
960 1883 1084 1950 Sed
1137 1886 1268 1950 iam
1325 1886 1406 1950 ad
1450 1886 1858 1971 propositum
1903 1893 2321 1953 revertamur.

215 1961 298 2023 ῙΟ
450 1975 749 2041 Incidunt
813 1976 1056 2040 multae
1122 1997 1312 2060 saepe
1373 1997 1629 2059 causae,
1705 1997 1869 2059 quae
1934 1978 2324 2042 conturbent

245 2039 568 2131 oanimos
612 2064 921 2129 utilitatis
968 2064 1205 2149 specie,
1248 2086 1381 2129 non
1427 2085 1572 2128 cum
1607 2063 1732 2128 hoc
1771 2064 2181 2150 deliberetur,
2225 2088 2321 2131 re·
2350 2086 2403 2125 20

315 2153 744 2238 linquendane
813 2153 900 2217 sit
951 2151 1261 2217 honestas
1314 2156 1583 2238 propter
1636 2152 1943 2217 utilitatis
1999 2155 2320 2240 magnitu-

315 2243 529 2306 dinem
577 2239 755 2327 (nam
801 2241 868 2305 id
906 2241 1163 2325 quidem
1197 2241 1566 2325 improbum
1604 2240 1755 2325 est),
1801 2241 1911 2305 sed
1947 2242 2130 2327 illud,
2174 2265 2321 2328 pos-

314 2334 481 2396 sitne
527 2330 610 2414 id,
658 2330 829 2414 quod
873 2331 1032 2394 utile
1076 2329 1391 2412 videatur,
1435 2329 1576 2393 fieri
1619 2350 1750 2394 non
1793 2331 2089 2414 turpiter.
2155 2330 2318 2396 Cum

313 2419 640 2486 Collatino
696 2418 984 2504 collegae
1029 2416 1272 2482 Brutus
1327 2417 1669 2502 imperium
1716 2419 2106 2504 abrogabat,
2140 2425 2319 2504 pote·

312 2513 417 2574 rat
472 2507 672 2572 videri
726 2507 936 2572 facere
990 2507 1057 2570 id
1110 2507 1374 2590 iniuste3
1429 2505 1643 2570 fuerat
1706 2506 1875 2570 enim
1929 2508 1999 2571 in
2052 2509 2315 2594 regibus
2348 2525 2402 2566 2⁵

312 2595 704 2681 expellendis
753 2596 962 2659 socius
1007 2593 1197 2659 Bruti
1242 2594 1659 2659 consiliorum
1706 2598 1773 2658 et
1808 2594 2080 2660 adiutor.
2155 2595 2318 2662 Cum

312 2688 527 2750 autem
575 2682 915 2748 consilium
950 2682 1075 2747 hoc
1109 2682 1433 2766 principes
1470 2682 1819 2767 cepissent,
1863 2684 2318 2787 cognationem

312 2771 588 2856 Superbi
631 2792 992 2854 nomenque
1039 2770 1538 2853 Tarquiniorum
1595 2775 1659 2834 et
1704 2772 2085 2837 memoriam
2131 2776 2319 2859 regni

311 2882 450 2926 esse
495 2859 878 2942 tollendam,
926 2859 1096 2943 quod
1142 2862 1282 2923 erat
1326 2859 1514 2941 utile,
1559 2859 1810 2943 patriae
1856 2862 2206 2946 consulere,
2252 2863 2319 2926 id

311 2953 451 3015 erat
505 2949 601 3014 ita
655 2949 1025 3026 honestum,
1088 2951 1162 3011 ut
1227 2948 1424 3011 etiam
1487 2910 1615 3033 ipsi
1669 2947 1996 3014 Collatino
2061 2951 2316 3034 placere
2346 2969 2403 3009 so

311 3039 589 3102 deberet.
677 3036 906 3120 Itaque
969 3036 1224 3101 utilitas
1288 3036 1497 3101 valuit
1559 3040 1825 3121 propter
1887 3037 2319 3123 honestatem,

310 3128 447 3191 sine
495 3148 622 3210 qua
665 3148 746 3190 ne
790 3126 1044 3190 utilitas
1092 3125 1351 3208 quidem
1397 3146 1535 3190 esse
1580 3125 1918 3210 potuisset.
1991 3126 2084 3190 At
2127 3128 2196 3191 in
2242 3150 2317 3193 eo

204 3232 268 3280 41
310 3237 488 3300 rege,
554 3214 664 3297 qui
725 3216 951 3278 urbem
1015 3214 1327 3298 condidit,
1388 3236 1521 3278 non
1581 3213 1766 3297 item3
1830 3215 2074 3299 species
2146 3216 2318 3280 enim

310 3303 617 3367 utilitatis
673 3303 959 3367 animum
1014 3303 1265 3387 pepulit
1310 3302 1475 3386 eius;
1528 3302 1630 3367 cui
1686 3325 1830 3368 cum
1884 3303 2096 3367 visum
2144 3311 2317 3390 esset

307 3391 532 3455 utilius
580 3392 791 3455 solum
848 3414 1042 3475 quam
1097 3413 1242 3456 cum
1289 3392 1495 3455 altero
1542 3412 1840 3477 regnare,
1894 3390 2168 3456 fratrem
2223 3393 2314 3457 in-
2346 3410 2400 3452 35

306 3479 581 3541 teremit.
673 3478 910 3543 Omisit
952 3479 1057 3544 hic
1110 3482 1177 3543 et
1228 3480 1538 3563 pietatem
1586 3484 1652 3543 et
1696 3479 2195 3583 humanitatem,
2242 3485 2317 3545 ut

307 3565 400 3646 id,
456 3565 626 3647 quod
679 3566 839 3629 utile
898 3567 1238 3632 videbatur
1292 3588 1500 3651 neque
1548 3573 1714 3653 erat,
1769 3568 2024 3652 assequi
2071 3574 2316 3656 posset,
