2630 3913
331 212 466 275 384
1113 209 1566 264 FRAGMENTA

341 374 687 455 Tempestas
721 373 963 454 pelam,
1010 377 1325 454 tempestas
1370 372 1650 435 imminet
1690 371 1892 453 ayris:
2298 390 2364 435 65

335 463 586 544 Quoque
627 462 815 526 rubor
859 462 1084 541 maior,
1128 461 1332 523 maior
1374 460 1523 524 solet
1566 479 1688 523 esse
1720 459 2009 540 procella.

337 551 462 614 Bis
507 571 643 614 cum
688 549 970 632 dimidio,
1015 568 1152 611 cum
1186 549 1372 630 pleno
1420 548 1650 611 lumine
1690 547 1885 628 fulyet

335 638 587 722 Aspice,
633 658 769 702 cum
814 638 1047 714 crescit,
1094 656 1232 699 cum
1276 656 1509 699 cornua
1541 636 1758 716 prisca
1801 635 2080 715 resumit,

336 727 593 807 Aspice:
639 728 820 807 siyna
865 725 973 788 tibi
1016 725 1178 788 color
1220 723 1392 787 haud
1433 723 1603 786 dabit
1644 724 1835 786 irrita
1878 725 2120 787 mensis.

337 816 626 895 Namque
669 833 894 877 auram
935 814 1128 891 facies
1160 813 1475 894 portendit
1507 831 1679 892 pura
1723 830 2032 887 serenam,·
2296 827 2363 873 70

343 903 432 965 ,At
475 922 612 965 cum
658 907 784 965 tota
827 901 1001 964 rubet
1037 900 1404 981 furibundos
1449 901 1686 962 indicat
1726 898 2024 974 Austros,·

338 990 546 1054 Imber
590 991 708 1053 erit
750 990 926 1071 nigro
970 990 1028 1053 si
1071 989 1155 1053 sit
1195 988 1443 1051 variata
1487 988 1693 1051 colore.

344 1079 645 1160 Tempora
688 1079 793 1141 sed
834 1078 1058 1141 dandis
1100 1097 1227 1140 non
1269 1081 1418 1140 sunt
1451 1076 1642 1156 paria
1686 1075 1900 1138 omnia
1942 1075 2150 1156 siynis.

340 1166 514 1231 Nam
557 1186 712 1247 quae
754 1169 978 1246 quarta
1023 1164 1166 1228 tulit
1207 1162 1442 1227 Phoebe
1483 1164 1575 1226 vel
1619 1164 1825 1245 tertia,
1871 1164 2104 1226 durant

338 1254 693 1318 Dimidiam
736 1255 823 1317 ad
862 1253 1139 1329 Lunam,
1183 1272 1338 1332 quae
1381 1252 1644 1314 dimidia
1688 1252 1900 1314 omnia
1946 1252 2200 1317 tendunt
2296 1269 2364 1315 75

337 1342 451 1407 Ad
479 1344 762 1424 plenam,
806 1362 962 1421 quae
995 1341 1185 1422 plena
1228 1339 1395 1403 dedit
1432 1343 1696 1419 spectare
1737 1340 2022 1402 videntur

339 1429 695 1494 Dimidiam
737 1449 1014 1508 rursum,
1059 1433 1116 1491 et
1158 1448 1313 1508 quae
1358 1431 1500 1490 tunc
1532 1426 1904 1507 praebentur
1947 1426 2026 1490 ab
2069 1427 2210 1507 illa,

336 1518 628 1599 Excipiet
670 1517 1020 1581 moribundi
1064 1522 1177 1579 aut
1218 1520 1467 1596 quarta,
1513 1520 1625 1578 aut
1667 1515 1850 1578 tertia
1892 1515 2133 1579 mensis.

337 1605 416 1670 Si
453 1607 682 1686 parilis
728 1610 915 1669 totam
961 1605 1230 1668 Latoida
1273 1603 1537 1667 circulus
1579 1603 1794 1679 ambit,

337 1694 477 1758 Aut
520 1694 678 1758 terni
714 1694 1015 1775 yeminive
1056 1698 1313 1772 utraque
1355 1711 1430 1755 eoe
1463 1695 1646 1772 parte
1691 1691 1906 1754 locati·
1884 1740 1899 1766 ‚
2294 1707 2367 1755 80

352 1782 583 1847 Unicus
625 1786 739 1844 aut
779 1785 982 1844 ventos
1024 1780 1222 1861 nobis,
1267 1783 1381 1842 aut
1421 1779 1661 1842 indicat
1700 1778 2009 1854 aethram,·

339 1870 655 1949 Diruptus
698 1872 924 1944 ventOS,
971 1868 1265 1930 evanidus
1309 1868 1547 1932 indicat
1588 1866 1891 1943 aethram,

341 1956 705 2035 Horriferos
749 1955 986 2020 nimbos
1024 1956 1372 2038 yeminatus
1405 1961 1765 2037 praemonet
1806 1954 1994 2033 orbis,

340 2045 731 2125 Maioresque
776 2043 970 2107 trahit
1013 2045 1323 2125 triplicata
1368 2063 1591 2107 corona
1625 2043 1956 2125 procellas,-

340 2133 618 2197 Maiores
661 2133 719 2197 si
762 2134 947 2214 niqra
993 2134 1167 2214 iacet,
1212 2133 1270 2195 si
1312 2132 1614 2195 scinditur
1655 2132 1834 2195 ultro.
2292 2147 2366 2194 85

341 2220 518 2285 Haec
562 2221 673 2284 tibi
713 2221 805 2285 vel
847 2222 1097 2297 mensis‘,
1142 2221 1234 2283 vel
1278 2219 1512 2283 Phoebe
1554 2225 1869 2283 menstrua
1911 2220 2124 2283 dicent.

342 2309 471 2373 Nec
513 2310 699 2373 solem
738 2310 986 2390 yemina
1028 2314 1295 2389 spectare
1338 2309 1410 2371 in
1456 2308 1680 2372 littoris
1724 2313 1864 2371 acta

340 2397 687 2461 Poeniteat:
733 2396 935 2461 Solem
979 2397 1317 2460 certissima
1359 2396 1541 2476 siyna
1583 2401 1939 2476 sequentur:

342 2484 500 2549 Oum
544 2489 749 2566 suryet
783 2485 1026 2566 gelidis,
1069 2489 1131 2547 et
1173 2503 1309 2547 cum
1354 2504 1417 2547 se
1459 2484 1668 2547 condet
1709 2486 1780 2547 in
1822 2485 2024 2548 undis.

343 2573 559 2636 Nolim
602 2574 1073 2653 interstinctam,
1119 2592 1257 2635 cum
1302 2572 1526 2636 deseret
1567 2589 1859 2652 aequora,
1906 2572 2096 2635 lucem
2289 2586 2364 2634 90

310 2659 623 2736 Cernere,
667 2661 725 2724 si
768 2658 937 2724 Soles
982 2665 1175 2741 optem
1220 2660 1472 2723 radiare
1513 2678 1783 2735 serenos;

341 2748 576 2813 Malim
619 2768 814 2812 unum
857 2748 1051 2811 nullis
1094 2749 1357 2811 maculis
1400 2752 1666 2829 spectare
1710 2748 1997 2812 colorem.-

341 2836 418 2901 Si
459 2838 609 2918 iuga
654 2837 859 2901 demat
899 2838 1068 2916 equis
1102 2840 1330 2917 pacato
1376 2836 1607 2900 lumine
1656 2836 1870 2918 Titan,

342 2925 661 3002 BlanduS,
706 2930 764 2989 et
806 2924 1177 3010 Hesperium
1220 2924 1430 2989 subeat
1469 2924 1603 2988 sine
1646 2924 1909 2989 nubibus
1951 2942 2202 3005 aequor,

342 3014 575 3078 Pulcra
619 3033 832 3077 serena
876 3014 974 3077 die
1013 3013 1238 3094 poteris
1280 3032 1526 3093 sperare
1568 3012 1854 3092 sequenti.
2291 3027 2363 3075 95

344 3102 490 3165 Non
535 3103 627 3165 ita
670 3103 728 3166 si
772 3121 1020 3166 recavus
1063 3120 1300 3165 summo
1347 3102 1418 3164 de
1461 3103 1742 3182 maryine
1783 3104 2022 3181 suryat,

339 3190 607 3271 Fulyeat
648 3195 763 3253 aut
803 3186 1056 3271 sparsis
1081 3188 1313 3251 radiis:
1349 3208 1509 3268 pars
1553 3190 1761 3253 tendat
1800 3189 1888 3252 ad
1925 3187 2262 3268 Austrum,

342 3277 507 3340 Pars
551 3282 650 3340 eat
691 3278 778 3341 ad
819 3277 1099 3356 Borean,
1145 3276 1493 3357 mediusque
1536 3277 1812 3340 renideat
1851 3275 2046 3352 orbis;

345 3364 520 3425 Tunc
563 3369 676 3426 aut
717 3368 1025 3444 suspectus
1070 3363 1183 3427 tibi
1226 3364 1309 3426 sit
1354 3364 1556 3428 Notus
1563 3411 1580 3444 ‚
1626 3370 1740 3428 aut
1775 3364 1989 3445 yravis
2030 3363 2237 3427 imber.

352 3447 437 3509 Ut
476 3449 706 3525 videas,
752 3452 1022 3514 subsitne
1063 3469 1175 3514 suo
1222 3452 1334 3513 lux
1376 3451 1696 3552 splendida
1739 3451 1898 3534 Soli,
2258 3467 2363 3515 100

345 3529 585 3609 Inspice
628 3534 828 3598 Solem
872 3539 1076 3616 ipsum
1120 3537 1416 3618 (namque
1457 3540 1515 3603 is
1559 3540 1932 3638 certissimus
1975 3543 2173 3603 auctor
2175 3537 2218 3620 )
