2630 3913
758 192 894 251 ΗΒ.
931 195 999 250 Π.
1075 192 1225 248 OAP.
1267 199 1320 258 8,
1359 200 1407 247 e.
1473 198 1504 258 8
1539 199 1765 249 28-33.
2192 191 2277 254 67

396 353 521 420 Sed
577 355 655 420 de
702 355 990 420 amicitia
1037 355 1165 421 alio
1212 356 1382 420 libro
1432 355 1673 420 dictum
1720 359 1846 432 est,
1903 355 2013 438 qui
2057 354 2278 420 inscri-
2313 356 2355 421 9

260 445 442 510 bitur
485 442 780 527 Laelius3
823 466 990 509 nunc
1037 445 1322 509 dicamus
1369 444 1446 508 de
1494 444 1722 529 gloria,
1769 465 2159 528 quamquam
2202 465 2277 508 ea

264 555 518 619 quoque
575 532 650 597 de
697 552 768 596 re
814 532 938 596 duo
986 536 1139 596 sunt
1189 532 1403 599 nostri
1456 532 1637 616 libri,
1691 532 1804 597 sed
1858 533 2278 617 attingamuS,

263 621 787 706 quandoquidem
842 641 918 684 ea
972 620 1041 685 in
1093 621 1285 685 rebus
1342 617 1709 686 maioribus
1750 620 2275 685 administrandis

212 727 237 767 ⁵
265 710 530 775 adiuvat
573 708 944 793 plurimum
1036 706 1303 774 Summa
1354 709 1558 794 igitur
1613 712 1680 773 et
1733 708 2020 792 perfecta
2066 709 2279 795 gloria

264 802 522 865 constat
576 819 654 862 ex
708 797 918 861 tribus
974 797 1104 861 1118.
1160 798 1216 862 81
1271 797 1489 883 diligit
1544 796 1921 881 multitud03
1977 797 2034 861 si
2084 797 2277 862 fidem

262 887 481 970 habet,
518 886 574 950 si
601 907 749 950 cum
778 885 1204 950 admiratione
1233 886 1512 969 quadam
1539 885 1784 951 honore
1812 886 2044 972 dignos
2070 890 2278 970 putat.

261 974 442 1040 Haec
489 978 733 1055 autem,
793 973 851 1037 si
897 977 998 1038 est
1044 974 1426 1059 simpliciter
1470 974 1879 1058 breviterque
1926 974 2280 1050 dicendum,

266 1063 500 1147 quibus
547 1063 738 1128 rebus
784 1061 1129 1147 pariuntur
1175 1085 1215 1126 a
1255 1062 1549 1148 singulis,
1596 1063 1835 1127 eisdem
1871 1062 2006 1126 fere
2044 1085 2084 1125 a
2118 1064 2279 1126 mul-

187 1169 239 1209 10
263 1150 560 1216 titudine.
634 1147 760 1214 Sed
806 1154 907 1215 est
953 1150 1117 1216 alius
1158 1172 1412 1235 quoque
1450 1150 1712 1234 quidam
1750 1150 1962 1214 aditus
2001 1151 2082 1215 ad
2118 1151 2278 1214 mul-

264 1238 629 1322 titudinem,
664 1243 739 1303 ut
774 1238 845 1303 in
878 1238 1327 1304 universorum
1365 1239 1613 1303 animos
1642 1243 1975 1322 tamquam
2012 1239 2278 1303 influere

266 1327 608 1412 possimus.
682 1327 779 1392 Ac
814 1326 1097 1412 primum
1145 1326 1220 1391 de
1265 1326 1400 1390 illis
1445 1326 1692 1413 tribus,
1722 1348 1884 1410 quae
1931 1330 2083 1391 ante
2129 1326 2287 1426 dixi,
2314 1342 2382 1391 82

268 1415 742 1480 benivolentiae
787 1419 1133 1500 praecepta
1175 1415 1535 1497 videamus3
1590 1437 1753 1498 quae
1810 1414 2067 1499 quidem
2112 1436 2279 1498 capi-

270 1507 381 1568 tur
425 1503 747 1569 beneficiis
793 1504 1097 1586 maxime,
1156 1503 1433 1568 secundo
1489 1507 1707 1568 autem
1752 1503 1894 1568 loco
1942 1503 2277 1567 voluntate

193 1606 245 1646 1⁶
273 1592 557 1657 benefica
600 1591 1039 1657 benivolentia
1084 1596 1406 1675 movetur,
1462 1591 1721 1656 etiamsi
1771 1611 1875 1656 res
1929 1589 2098 1656 forte
2148 1612 2276 1655 non

272 1680 586 1765 suppetit3
645 1680 1057 1745 vehementer
1112 1683 1330 1745 autem
1385 1701 1569 1745 amor
1622 1679 2056 1744 multitudinis
2112 1700 2279 1744 com·

269 1773 567 1835 movetur
610 1768 756 1853 ipsa
789 1768 967 1834 fama
1005 1772 1069 1832 et
1107 1768 1411 1853 opinione
1447 1768 1884 1851 liberalitatis,
1928 1767 2278 1833 beneficen-

267 1858 415 1939 tiae,
459 1856 769 1940 iustitiae,
812 1857 981 1937 fidei,
1009 1857 1423 1941 omniumque
1469 1879 1691 1922 earum
1734 1856 2086 1940 virtutum!
2117 1877 2279 1940 quae

266 1946 600 2033 pertinent
662 1945 743 2011 ad
807 1946 1366 2011 mansuetudinem
1430 1968 1681 2012 morum
1746 1968 1820 2011 ac
1875 1944 2278 2011 facilitatem.

187 2051 239 2090 20
264 2035 530 2101 Etenim
574 2034 740 2099 illud
784 2035 1033 2120 ipsum,
1063 2035 1235 2119 quod
1278 2036 1624 2100 honestum
1670 2033 2094 2119 decorumque
2133 2034 2276 2100 dici-

266 2145 440 2206 mus,
504 2123 657 2206 quia
717 2145 834 2208 per
899 2144 967 2188 se
1029 2122 1218 2188 nobis
1276 2123 1495 2208 placet
1557 2122 1932 2206 animosque
1992 2123 2278 2186 omnium

263 2217 503 2276 natura
548 2215 615 2275 et
632 2210 870 2312 'specie
908 2234 1024 2276 sua
1069 2215 1434 2277 commovet
1469 2211 1873 2311 maximeque
1911 2211 2096 2294 quasi
2140 2234 2279 2295 per-

266 2300 441 2365 lucet
495 2321 574 2364 ex
626 2298 751 2380 iis,
800 2321 958 2383 quas
1014 2321 1514 2365 commemorem
1506 2343 1550 2380 A
1601 2297 1980 2381 virtutibus,
2041 2298 2278 2363 idcirco

265 2389 455 2470 11108
484 2387 554 2451 111
599 2387 833 2471 quibus
879 2410 988 2452 eas
1023 2388 1297 2453 virtutes
1336 2408 1477 2452 esse
1512 2407 1760 2474 10111111]
1793 2408 1832 2449 a
1867 2389 2102 2449 natura
2136 2388 2280 2469 ipsa

188 2490 242 2531 ²⁵
269 2476 539 2561 diligere
584 2476 892 2562 cogimur.
964 2475 1180 2560 Atque
1224 2476 1349 2540 hae
1396 2474 1652 2559 quidem
1698 2495 1928 2539 causae
1970 2469 2279 2559 diligendi

271 2564 723 2651 gravissimae3
775 2568 1050 2648 possunt
1104 2565 1272 2629 enim
1318 2567 1656 2648 praeterea
1697 2584 1829 2627 non
1872 2562 2091 2626 nullae
2139 2583 2279 2626 esse

269 2652 563 2717 leviores.
635 2651 825 2717 Fides
863 2656 1079 2717 autem
1115 2657 1189 2716 ut
1224 2652 1577 2752 habeatur!
1597 2651 1844 2716 duabus
1881 2652 2074 2715 rebus
2113 2650 2280 2715 effici
2317 2667 2383 2715 33

268 2744 531 2826 potest
546 2739 604 2804 si
631 2740 1145 2805 existimabimur
1174 2740 1391 2825 adepti
1420 2739 1825 2805 coniunctam
1854 2761 2000 2804 cum
2029 2739 2282 2804 iustitia

269 2829 698 2913 prudentiam.
786 2826 960 2893 Nam
1014 2833 1080 2893 et
1133 2828 1212 2892 iis
1267 2829 1461 2893 fidem
1514 2827 1825 2893 habemus
1824 2871 1875 2910 ,γ
1915 2850 2075 2912 quos
2131 2829 2279 2913 plus

190 2933 243 2973 ³0
268 2917 648 3002 intellegere
704 2938 899 3001 quam
953 2938 1071 2981 nos
1127 2917 1521 2981 arbitramur
1585 2938 1870 3000 quosque
1935 2921 2001 2981 et
2061 2915 2283 2980 futura

268 3006 637 3090 prospicere
685 3005 1022 3090 credimus,
1053 3009 1142 3086 et,
1182 3027 1327 3069 cum
1372 3027 1475 3069 res
1523 3007 1757 3090 agatur
1802 3004 1870 3067 in
1916 3004 2280 3068 discrimen·

271 3114 393 3177 que
431 3096 697 3158 ventum
735 3093 841 3170 sit,
886 3093 1184 3178 expedire
1220 3115 1358 3157 rem
1396 3097 1461 3157 et
1498 3093 1837 3157 consilium
1876 3113 1952 3155 ex
1987 3096 2278 3194 tempore

270 3202 498 3266 capere
552 3204 770 3266 posse3
826 3143 996 3246 lianc
1050 3181 1220 3245 enim
1274 3181 1502 3246 utilem
1556 3180 1849 3245 homines
1906 3179 2280 3245 existimant
2374 3189 2391 3206 ⁹

269 3291 617 3354 veramque
651 3269 1079 3356 prudentiam.
1150 3268 1349 3334 Iustis
1388 3273 1604 3335 autem
1652 3270 1746 3349 [et
1788 3267 1961 3349 fidis]
2006 3268 2280 3332 homini-

189 3373 243 3415 25
270 3358 411 3442 bus,
455 3358 522 3422 id
570 3361 669 3423 est
714 3358 902 3424 bonis
948 3357 1126 3441 viris,
1168 3358 1264 3422 ita
1312 3357 1471 3422 fides
1517 3357 1821 3440 habetur,
1857 3360 1931 3420 ut
1974 3356 2157 3422 nulla
2194 3357 2280 3421 sit

268 3446 339 3510 in
381 3447 464 3510 iis
508 3446 755 3512 fraudis
790 3446 1188 3530 iniuriaeque
1227 3446 1523 3531 suspicio.
1595 3444 1825 3529 Itaque
1861 3443 1964 3509 his
2002 3445 2279 3510 salutem

267 3539 581 3619 nostram,
626 3535 729 3600 his
774 3535 1089 3620 fortunas,
1132 3534 1235 3599 his
1282 3535 1522 3600 liberos
1565 3533 1922 3599 rectissime
1959 3534 2280 3599 committi

1891 3636 1963 3692 5*
