2630 3913
679 196 1105 252 POEMATUM.
1142 198 1210 252 H.
1250 198 1326 252 1V
1361 199 1399 251 b
1437 216 1487 254 v.
1528 205 1824 254 349—422.
2070 155 2081 165 ἢ
2135 199 2265 264 393

249 358 602 424 Posteriora
633 361 866 441 pedum
904 360 1141 442 qlabris
1183 361 1435 443 vestiqia
1480 361 1733 442 linquiS,

246 448 385 512 Aut
426 448 709 512 dextrum
754 449 824 512 in
868 448 1105 513 stabulo
1140 453 1386 530 ponunt
1428 449 1622 514 latus:
1667 449 1827 513 hisce
1869 451 2183 531 magistris

248 535 458 602 Stivae
499 555 653 617 opus
694 536 999 618 inceptum
1042 536 1251 615 differt
1295 538 1618 619 lonqaevus
1660 542 1890 601 arator.

248 623 443 706 Saepe
486 625 672 689 etiam
716 625 962 689 insolito
1007 626 1245 707 muqitu
1276 645 1519 706 pascua
1561 626 1881 709 complent,

251 710 410 778 Oum
452 712 722 790 stabula,
768 716 827 777 et
866 717 1038 778 notos
1080 717 1359 794 repetunt
1399 718 1681 778 armenta
1711 720 1988 797 penates,
2159 732 2262 780 390

248 801 631 882 Floridaque
675 801 906 865 invitae
952 801 1285 882 linquentes
1315 806 1513 885 prata
1557 802 1836 867 iuvencae

249 889 417 953 Ante
455 889 626 969 feras
668 890 927 971 cupiunt
965 894 1231 954 ventrem
1274 894 1587 954 saturasse
1617 891 1952 971 procellas:

252 977 382 1042 Nec
427 977 572 1042 levis
614 976 809 1042 iliceis
853 978 1120 1041 nimium
1164 998 1356 1058 capra
1399 978 1601 1042 dedita
1644 980 1842 1043 ramis

250 1064 430 1130 Suda
472 1070 698 1148 monet,
741 1066 931 1130 millio
976 1086 1083 1130 nec
1125 1066 1500 1145 circumfusa
1544 1067 1668 1130 luto
1711 1087 1833 1131 sus.

251 1152 329 1218 Si
372 1173 572 1218 secum
615 1154 688 1217 in
730 1154 965 1235 campis
1006 1154 1222 1237 ululet,
1267 1154 1544 1235 solusque
1575 1160 1850 1236 pererret
2160 1172 2262 1222 395

251 1241 431 1306 Arva
476 1243 686 1324 iqnota
731 1242 937 1323 lupus,
981 1262 1158 1324 quem
1202 1243 1345 1307 dira
1389 1242 1577 1324 coeqit
1617 1248 1842 1325 eqestas

254 1330 402 1394 Non
445 1331 640 1394 vitare
681 1328 980 1411 homines,
1017 1331 1390 1412 propiusque
1432 1331 1701 1395 accedere
1742 1332 1942 1396 suasit

253 1418 539 1483 Mendico
583 1418 873 1497 ςίηιίῐαηι,
917 1423 976 1483 et
1016 1419 1268 1501 diqnam
1313 1419 1662 1499 conquirere
1691 1422 2021 1503 praedam,

257 1506 503 1571 Tertius
545 1508 859 1587 aequoreis
901 1525 1039 1571 cum
1081 1511 1286 1589 surqet
1327 1506 1581 1587 Lucifer
1621 1508 1809 1572 undis

252 1594 540 1660 Horrida
586 1599 901 1676 tempestas
943 1596 1167 1659 instat:
1213 1594 1320 1659 Sic
1362 1600 1598 1659 caetera
1640 1601 1857 1660 cuncta
2162 1612 2267 1662 400

265 1683 557 1764 Ventique
589 1684 977 1765 pluviaeque,
1022 1688 1079 1748 et
1119 1703 1333 1748 saevae
1374 1684 1554 1765 siqna
1589 1685 1888 1765 procellae

257 1770 438 1855 Ipsa,
481 1791 799 1852 sequensve
841 1772 993 1849 dies,
1039 1776 1152 1835 aut
1195 1773 1375 1836 tertia
1415 1772 1655 1853 perficit
1694 1773 1844 1838 Eos.

258 1859 428 1939 Quin
462 1860 648 1923 etiam
679 1879 937 1941 parvos,
982 1861 1250 1941 despecta
1293 1860 1626 1939 animalia,
1670 1880 1874 1926 mures

257 1946 665 2031 Con-fremere,
709 1952 767 2013 et
810 1947 1001 2013 laetas
1042 1949 1203 2013 visos
1247 1949 1495 2013 ductare
1538 1948 1783 2015 choreas

267 2036 491 2103 Usibus
533 2037 722 2101 edocti
765 2057 890 2101 non
933 2042 1330 2118 contempsere
1361 2038 1632 2118 priores,
2162 2055 2266 2103 405

256 2124 676 2206 Sollicitosque
720 2145 930 2189 canes:
970 2126 1209 2207 qemino
1242 2126 1398 2205 pede
1440 2145 1590 2189 nam
1632 2126 1765 2190 sola
1810 2131 2005 2191 terrae

255 2212 434 2277 Dum
477 2214 651 2278 canis
696 2213 948 2292 infestat
987 2232 1200 2278 saevas
1231 2214 1642 2293 praenuntiat
1681 2233 1889 2277 auras.

261 2302 439 2366 Tunc
481 2302 666 2365 etiam
709 2302 1018 2382 aequoreis
1060 2302 1301 2383 exurqit
1346 2299 1576 2365 Cancer
1619 2300 1698 2364 ab
1740 2302 1950 2384 undiS,

257 2388 443 2454 Solus
485 2394 543 2453 et
582 2390 653 2453 in
697 2390 855 2453 sicca
898 2409 1097 2454 secum
1139 2389 1447 2471 spatiatur
1491 2408 1704 2453 arena.

257 2477 418 2542 Inde
460 2478 675 2542 domus
716 2477 868 2542 socii
909 2497 1113 2542 mures
1156 2497 1188 2542 e
1231 2477 1514 2541 mollibus
1556 2476 1754 2541 herbis
2164 2493 2268 2541 410

258 2564 646 2646 Gonqoonunt
676 2565 933 2647 pedibus
978 2566 1176 2648 lectos,
1213 2566 1609 2646 pluviamque
1647 2565 1954 2647 futuram,

269 2653 688 2735 Venturasque
731 2653 967 2736 hyemes
1005 2655 1276 2756 qaudent
1317 2654 1551 2718 eludere
1598 2654 1844 2718 somnis.

256 2742 436 2806 Haec
479 2762 557 2806 ne
598 2743 924 2824 despicias.
968 2743 1074 2806 sed
1114 2744 1359 2824 siqnum
1403 2742 1650 2824 iunqere
1691 2743 1865 2824 siqno

256 2831 415 2895 Esto
458 2850 711 2912 memor,
749 2831 1012 2913 qeminis
1055 2851 1183 2894 rem
1217 2830 1757 2931 praesiqnantibus
1799 2849 2009 2893 unam.

258 2917 412 3000 Spes
454 2918 696 2983 subeat:
743 2920 932 2984 ternis
973 2924 1118 2982 rata
1161 2920 1249 2983 sit
1287 2918 1518 2999 fiducia
1560 2919 1771 2999 siqnis.
2166 2931 2269 2980 415

261 3007 432 3087 Quin
474 3012 533 3071 et
563 3008 896 3088 praeterito
940 3027 1328 3089 quaecunque
1370 3007 1674 3070 notaveris
1718 3024 1883 3068 anno

259 3093 511 3177 Confer,
555 3100 614 3159 et
655 3096 899 3160 observa
942 3096 1110 3176 queis
1153 3096 1358 3160 sidera
1401 3114 1670 3176 quaeque
1713 3093 1920 3157 diebus

255 3183 594 3247 Humanos
634 3184 887 3265 fuqiant
926 3184 1117 3262 visus,
1158 3183 1476 3266 fuqiantve
1520 3182 1816 3263 tenebras,

260 3271 493 3351 Quidve
536 3276 776 3336 astrum
819 3276 1092 3335 moneat:
1137 3292 1245 3336 nec
1286 3272 1373 3335 sit
1415 3271 1526 3335 tibi
1568 3289 1856 3352 quaerere
1897 3271 2150 3351 durum,

259 3359 429 3440 Quid
470 3360 563 3424 vel
606 3361 882 3425 nascenti
913 3360 1220 3442 primum,
1264 3360 1358 3424 vel
1400 3364 1624 3441 quarta
1668 3359 1906 3423 cadenti
2170 3371 2274 3421 420

255 3448 475 3513 Mense
517 3448 712 3528 ferat‚·
762 3448 919 3513 luces
961 3468 1223 3529 namque
1261 3447 1406 3525 hae,
1451 3467 1557 3511 ceu
1597 3447 1867 3524 vincula,
1913 3466 2142 3511 menses

258 3536 641 3603 Connectunt
675 3537 976 3619 qeminos,
1021 3541 1200 3618 atque
1243 3541 1369 3600 octo
1412 3535 1686 3600 noctibus
1729 3535 1933 3600 aether
