<?xml version="1.0" encoding="UTF-8"?>
<!DOCTYPE html PUBLIC "-//W3C//DTD XHTML 1.0 Transitional//EN"
    "http://www.w3.org/TR/xhtml1/DTD/xhtml1-transitional.dtd">
<html xmlns="http://www.w3.org/1999/xhtml" xml:lang="en" lang="en">
 <head>
  <title>
</title>
<meta http-equiv="Content-Type" content="text/html;charset=utf-8" />
  <meta name='ocr-system' content='tesseract 3.04.00' />
  <meta name='ocr-capabilities' content='ocr_page ocr_carea ocr_par ocr_line ocrx_word'/>
</head>
<body>
  <div class='ocr_page' id='page_1' title='image "./scriptaquaemans01cicegoog_0108.png"; bbox 0 0 2630 3913; ppageno 0'>
   <div class='ocr_carea' id='block_1_1' title="bbox 313 152 1532 218">
    <p class='ocr_par' dir='ltr' id='par_1_1' title="bbox 313 152 1532 218">
     <span class='ocr_line' id='line_1_1' title="bbox 313 152 1532 218; baseline 0 -11"><span class='ocrx_word' id='word_1_1' title='bbox 313 154 400 218; x_wconf 83' lang='lat'>42</span> <span class='ocrx_word' id='word_1_2' title='bbox 1094 152 1191 207; x_wconf 88' lang='lat' dir='ltr'>DE</span> <span class='ocrx_word' id='word_1_3' title='bbox 1229 152 1532 208; x_wconf 85' lang='lat' dir='ltr'><strong>OFFICIIS</strong></span> 
     </span>
    </p>
   </div>
   <div class='ocr_carea' id='block_1_2' title="bbox 205 313 2397 3572">
    <p class='ocr_par' dir='ltr' id='par_1_2' title="bbox 209 313 2397 1718">
     <span class='ocr_line' id='line_1_2' title="bbox 209 313 2318 403; baseline -0.001 -22"><span class='ocrx_word' id='word_1_4' title='bbox 209 332 306 381; x_wconf 77' lang='lat'>121</span> <span class='ocrx_word' id='word_1_5' title='bbox 338 313 752 383; x_wconf 77' lang='lat' dir='ltr'><strong>Commutato</strong></span> <span class='ocrx_word' id='word_1_6' title='bbox 800 319 1017 381; x_wconf 89' lang='lat' dir='ltr'>autem</span> <span class='ocrx_word' id='word_1_7' title='bbox 1064 337 1295 401; x_wconf 86' lang='lat' dir='ltr'>genere</span> <span class='ocrx_word' id='word_1_8' title='bbox 1342 314 1543 403; x_wconf 82' lang='lat' dir='ltr'>vitae,</span> <span class='ocrx_word' id='word_1_9' title='bbox 1561 314 1739 380; x_wconf 90' lang='lat' dir='ltr'>omni</span> <span class='ocrx_word' id='word_1_10' title='bbox 1791 314 2040 379; x_wconf 88' lang='lat' dir='ltr'>ratione</span> <span class='ocrx_word' id='word_1_11' title='bbox 2096 336 2318 379; x_wconf 87' lang='lat' dir='ltr'>curan·</span> 
     </span>
     <span class='ocr_line' id='line_1_3' title="bbox 313 399 2315 489; baseline -0.001 -20"><span class='ocrx_word' id='word_1_12' title='bbox 313 404 463 469; x_wconf 91' lang='lat' dir='ltr'>dum</span> <span class='ocrx_word' id='word_1_13' title='bbox 510 409 609 469; x_wconf 88' lang='lat' dir='ltr'>est</span> <span class='ocrx_word' id='word_1_14' title='bbox 597 456 656 489; x_wconf 47' lang='lat' dir='ltr'><em>J</em></span> <span class='ocrx_word' id='word_1_15' title='bbox 693 408 770 469; x_wconf 94' lang='lat' dir='ltr'>ut</span> <span class='ocrx_word' id='word_1_16' title='bbox 820 403 888 468; x_wconf 90' lang='lat' dir='ltr'>id</span> <span class='ocrx_word' id='word_1_17' title='bbox 941 405 1111 469; x_wconf 90' lang='lat' dir='ltr'>bono</span> <span class='ocrx_word' id='word_1_18' title='bbox 1166 404 1436 468; x_wconf 91' lang='lat' dir='ltr'>consilio</span> <span class='ocrx_word' id='word_1_19' title='bbox 1481 402 1711 468; x_wconf 87' lang='lat' dir='ltr'>fecisse</span> <span class='ocrx_word' id='word_1_20' title='bbox 1755 403 2102 468; x_wconf 85' lang='lat' dir='ltr'>videamur.</span> <span class='ocrx_word' id='word_1_21' title='bbox 2191 399 2315 467; x_wconf 87' lang='lat' dir='ltr'>Sed</span> 
     </span>
     <span class='ocr_line' id='line_1_4' title="bbox 313 490 2318 577; baseline -0.002 -20"><span class='ocrx_word' id='word_1_22' title='bbox 313 492 617 577; x_wconf 91' lang='lat' dir='ltr'>quoniam</span> <span class='ocrx_word' id='word_1_23' title='bbox 642 493 836 577; x_wconf 93' lang='lat' dir='ltr'>paulo</span> <span class='ocrx_word' id='word_1_24' title='bbox 875 496 1024 556; x_wconf 86' lang='lat' dir='ltr'>ante</span> <span class='ocrx_word' id='word_1_25' title='bbox 1060 491 1303 556; x_wconf 89' lang='lat' dir='ltr'>dictum</span> <span class='ocrx_word' id='word_1_26' title='bbox 1342 495 1442 555; x_wconf 91' lang='lat' dir='ltr'>est</span> <span class='ocrx_word' id='word_1_27' title='bbox 1469 490 1816 556; x_wconf 89' lang='lat' dir='ltr'>imitandos</span> <span class='ocrx_word' id='word_1_28' title='bbox 1853 511 1994 555; x_wconf 83' lang='lat' dir='ltr'>esse</span> <span class='ocrx_word' id='word_1_29' title='bbox 2022 490 2318 575; x_wconf 72' lang='lat' dir='ltr'>maioreS,</span> 
     </span>
     <span class='ocr_line' id='line_1_5' title="bbox 309 578 2319 666; baseline -0.001 -21"><span class='ocrx_word' id='word_1_30' title='bbox 309 581 591 666; x_wconf 89' lang='lat' dir='ltr'>primum</span> <span class='ocrx_word' id='word_1_31' title='bbox 642 580 805 645; x_wconf 90' lang='lat' dir='ltr'>illud</span> <span class='ocrx_word' id='word_1_32' title='bbox 859 583 1194 664; x_wconf 89' lang='lat' dir='ltr'>exceptum</span> <span class='ocrx_word' id='word_1_33' title='bbox 1249 580 1362 663; x_wconf 89' lang='lat' dir='ltr'>sit,</span> <span class='ocrx_word' id='word_1_34' title='bbox 1423 599 1504 643; x_wconf 89' lang='lat' dir='ltr'>ne</span> <span class='ocrx_word' id='word_1_35' title='bbox 1566 579 1728 644; x_wconf 86' lang='lat' dir='ltr'>vitia</span> <span class='ocrx_word' id='word_1_36' title='bbox 1791 578 1925 643; x_wconf 87' lang='lat' dir='ltr'>sint</span> <span class='ocrx_word' id='word_1_37' title='bbox 1986 578 2319 660; x_wconf 80' lang='lat' dir='ltr'>imitanda3</span> 
     </span>
     <span class='ocr_line' id='line_1_6' title="bbox 312 666 2397 765; baseline -0.003 -32"><span class='ocrx_word' id='word_1_38' title='bbox 312 668 554 754; x_wconf 82' lang='lat' dir='ltr'>deinde,</span> <span class='ocrx_word' id='word_1_39' title='bbox 601 668 659 733; x_wconf 89' lang='lat' dir='ltr'>si</span> <span class='ocrx_word' id='word_1_40' title='bbox 700 672 936 733; x_wconf 87' lang='lat' dir='ltr'>natura</span> <span class='ocrx_word' id='word_1_41' title='bbox 969 689 1100 732; x_wconf 90' lang='lat' dir='ltr'>non</span> <span class='ocrx_word' id='word_1_42' title='bbox 1134 666 1333 765; x_wconf 65' lang='lat' dir='ltr'>feret7</span> <span class='ocrx_word' id='word_1_43' title='bbox 1362 671 1437 732; x_wconf 90' lang='lat' dir='ltr'>ut</span> <span class='ocrx_word' id='word_1_44' title='bbox 1473 667 1789 750; x_wconf 82' lang='lat' dir='ltr'>quaedam</span> <span class='ocrx_word' id='word_1_45' title='bbox 1824 666 2072 731; x_wconf 89' lang='lat' dir='ltr'>imitari</span> <span class='ocrx_word' id='word_1_46' title='bbox 2108 668 2317 751; x_wconf 77' lang='lat' dir='ltr'>possit</span> <span class='ocrx_word' id='word_1_47' title='bbox 2369 686 2397 727; x_wconf 72' lang='lat' dir='ltr'>s</span> 
     </span>
     <span class='ocr_line' id='line_1_7' title="bbox 309 754 2318 842; baseline -0.001 -21"><span class='ocrx_word' id='word_1_48' title='bbox 309 754 412 842; x_wconf 94' lang='lat' dir='ltr'>(ut</span> <span class='ocrx_word' id='word_1_49' title='bbox 458 756 809 842; x_wconf 87' lang='lat' dir='ltr'>superioris</span> <span class='ocrx_word' id='word_1_50' title='bbox 861 755 1036 820; x_wconf 90' lang='lat' dir='ltr'>filius</span> <span class='ocrx_word' id='word_1_51' title='bbox 1080 755 1400 837; x_wconf 88' lang='lat' dir='ltr'>Africani,</span> <span class='ocrx_word' id='word_1_52' title='bbox 1453 756 1565 839; x_wconf 91' lang='lat' dir='ltr'>qui</span> <span class='ocrx_word' id='word_1_53' title='bbox 1615 756 1786 820; x_wconf 88' lang='lat' dir='ltr'>hunc</span> <span class='ocrx_word' id='word_1_54' title='bbox 1829 754 2036 820; x_wconf 90' lang='lat' dir='ltr'>Paulo</span> <span class='ocrx_word' id='word_1_55' title='bbox 2089 758 2318 819; x_wconf 85' lang='lat' dir='ltr'>natum</span> 
     </span>
     <span class='ocr_line' id='line_1_8' title="bbox 311 843 2318 930; baseline -0.001 -20"><span class='ocrx_word' id='word_1_56' title='bbox 311 845 674 929; x_wconf 82' lang='lat' dir='ltr'>adoptavit,</span> <span class='ocrx_word' id='word_1_57' title='bbox 732 848 996 930; x_wconf 91' lang='lat' dir='ltr'>propter</span> <span class='ocrx_word' id='word_1_58' title='bbox 1050 843 1497 908; x_wconf 90' lang='lat' dir='ltr'>infirmitatem</span> <span class='ocrx_word' id='word_1_59' title='bbox 1551 843 1941 908; x_wconf 85' lang='lat' dir='ltr'>valetudinis</span> <span class='ocrx_word' id='word_1_60' title='bbox 1996 863 2129 907; x_wconf 90' lang='lat' dir='ltr'>non</span> <span class='ocrx_word' id='word_1_61' title='bbox 2180 848 2318 908; x_wconf 87' lang='lat' dir='ltr'>tam</span> 
     </span>
     <span class='ocr_line' id='line_1_9' title="bbox 309 929 2320 1031; baseline -0.001 -34"><span class='ocrx_word' id='word_1_62' title='bbox 309 933 528 1017; x_wconf 90' lang='lat' dir='ltr'>potuit</span> <span class='ocrx_word' id='word_1_63' title='bbox 578 933 787 1018; x_wconf 88' lang='lat' dir='ltr'>patris</span> <span class='ocrx_word' id='word_1_64' title='bbox 841 932 1074 996; x_wconf 88' lang='lat' dir='ltr'>similis</span> <span class='ocrx_word' id='word_1_65' title='bbox 1129 953 1306 1031; x_wconf 59' lang='lat' dir='ltr'>esses</span> <span class='ocrx_word' id='word_1_66' title='bbox 1359 953 1552 1015; x_wconf 89' lang='lat' dir='ltr'>quam</span> <span class='ocrx_word' id='word_1_67' title='bbox 1607 932 1721 996; x_wconf 89' lang='lat' dir='ltr'>ille</span> <span class='ocrx_word' id='word_1_68' title='bbox 1775 931 1989 996; x_wconf 85' lang='lat' dir='ltr'>fuerat</span> <span class='ocrx_word' id='word_1_69' title='bbox 2043 929 2199 1017; x_wconf 86' lang='lat' dir='ltr'>sui);</span> <span class='ocrx_word' id='word_1_70' title='bbox 2262 931 2320 995; x_wconf 90' lang='lat' dir='ltr'>si</span> 
     </span>
     <span class='ocr_line' id='line_1_10' title="bbox 309 1019 2317 1106; baseline -0 -22"><span class='ocrx_word' id='word_1_71' title='bbox 309 1021 513 1106; x_wconf 86' lang='lat' dir='ltr'>igitur</span> <span class='ocrx_word' id='word_1_72' title='bbox 537 1043 671 1085; x_wconf 89' lang='lat' dir='ltr'>non</span> <span class='ocrx_word' id='word_1_73' title='bbox 696 1020 938 1105; x_wconf 90' lang='lat' dir='ltr'>poterit</span> <span class='ocrx_word' id='word_1_74' title='bbox 975 1020 1109 1085; x_wconf 82' lang='lat' dir='ltr'>sive</span> <span class='ocrx_word' id='word_1_75' title='bbox 1145 1041 1373 1084; x_wconf 84' lang='lat' dir='ltr'><strong>causas</strong></span> <span class='ocrx_word' id='word_1_76' title='bbox 1411 1019 1796 1084; x_wconf 75' lang='lat' dir='ltr'>defensitare</span> <span class='ocrx_word' id='word_1_77' title='bbox 1835 1020 1970 1083; x_wconf 85' lang='lat' dir='ltr'>sive</span> <span class='ocrx_word' id='word_1_78' title='bbox 2006 1019 2317 1104; x_wconf 91' lang='lat' dir='ltr'>populum</span> 
     </span>
     <span class='ocr_line' id='line_1_11' title="bbox 309 1108 2397 1194; baseline -0.004 -21"><span class='ocrx_word' id='word_1_79' title='bbox 309 1109 720 1174; x_wconf 89' lang='lat' dir='ltr'>contionibus</span> <span class='ocrx_word' id='word_1_80' title='bbox 765 1113 983 1173; x_wconf 88' lang='lat' dir='ltr'>tenere</span> <span class='ocrx_word' id='word_1_81' title='bbox 1030 1108 1165 1172; x_wconf 89' lang='lat' dir='ltr'>sive</span> <span class='ocrx_word' id='word_1_82' title='bbox 1210 1108 1387 1172; x_wconf 91' lang='lat' dir='ltr'>bella</span> <span class='ocrx_word' id='word_1_83' title='bbox 1432 1129 1672 1194; x_wconf 86' lang='lat' dir='ltr'>gerere,</span> <span class='ocrx_word' id='word_1_84' title='bbox 1716 1108 1834 1172; x_wconf 87' lang='lat' dir='ltr'>illa</span> <span class='ocrx_word' id='word_1_85' title='bbox 1878 1111 2096 1172; x_wconf 88' lang='lat' dir='ltr'>tamen</span> <span class='ocrx_word' id='word_1_86' title='bbox 2136 1128 2317 1191; x_wconf 88' lang='lat' dir='ltr'>prae·</span> <span class='ocrx_word' id='word_1_87' title='bbox 2346 1127 2397 1166; x_wconf 83' lang='grc' dir='ltr'>ιο</span> 
     </span>
     <span class='ocr_line' id='line_1_12' title="bbox 312 1195 2317 1294; baseline 0 -35"><span class='ocrx_word' id='word_1_88' title='bbox 312 1201 485 1262; x_wconf 86' lang='lat' dir='ltr'>stare</span> <span class='ocrx_word' id='word_1_89' title='bbox 522 1197 814 1294; x_wconf 53' lang='lat' dir='ltr'>debebit,</span> <span class='ocrx_word' id='word_1_90' title='bbox 836 1218 998 1280; x_wconf 90' lang='lat' dir='ltr'>quae</span> <span class='ocrx_word' id='word_1_91' title='bbox 1037 1200 1223 1260; x_wconf 89' lang='lat' dir='ltr'>erunt</span> <span class='ocrx_word' id='word_1_92' title='bbox 1255 1196 1326 1260; x_wconf 91' lang='lat' dir='ltr'>in</span> <span class='ocrx_word' id='word_1_93' title='bbox 1360 1196 1563 1281; x_wconf 88' lang='lat' dir='ltr'>ipsius</span> <span class='ocrx_word' id='word_1_94' title='bbox 1599 1198 1962 1285; x_wconf 47' lang='lat' dir='ltr'>potestat&amp;</span> <span class='ocrx_word' id='word_1_95' title='bbox 1979 1195 2317 1280; x_wconf 89' lang='lat' dir='ltr'>iustitiam,</span> 
     </span>
     <span class='ocr_line' id='line_1_13' title="bbox 309 1283 2315 1369; baseline 0 -21"><span class='ocrx_word' id='word_1_96' title='bbox 309 1285 528 1369; x_wconf 90' lang='lat' dir='ltr'>fidem,</span> <span class='ocrx_word' id='word_1_97' title='bbox 591 1285 1080 1366; x_wconf 75' lang='lat' dir='ltr'>liberalitatem,</span> <span class='ocrx_word' id='word_1_98' title='bbox 1141 1283 1553 1366; x_wconf 84' lang='lat' dir='ltr'>modestiam,</span> <span class='ocrx_word' id='word_1_99' title='bbox 1605 1283 2133 1369; x_wconf 86' lang='lat' dir='ltr'>temperantiam,</span> <span class='ocrx_word' id='word_1_100' title='bbox 2189 1305 2315 1367; x_wconf 92' lang='lat' dir='ltr'>quo</span> 
     </span>
     <span class='ocr_line' id='line_1_14' title="bbox 310 1371 2315 1459; baseline -0.001 -21"><span class='ocrx_word' id='word_1_101' title='bbox 310 1374 523 1438; x_wconf 90' lang='lat' dir='ltr'>minus</span> <span class='ocrx_word' id='word_1_102' title='bbox 561 1375 642 1438; x_wconf 91' lang='lat' dir='ltr'>ab</span> <span class='ocrx_word' id='word_1_103' title='bbox 682 1395 756 1437; x_wconf 94' lang='lat' dir='ltr'>eo</span> <span class='ocrx_word' id='word_1_104' title='bbox 794 1373 860 1436; x_wconf 90' lang='lat' dir='ltr'>id</span> <span class='ocrx_word' id='word_1_105' title='bbox 916 1373 1086 1456; x_wconf 90' lang='lat' dir='ltr'>quod</span> <span class='ocrx_word' id='word_1_106' title='bbox 1119 1371 1313 1459; x_wconf 75' lang='lat' dir='ltr'>desit,</span> <span class='ocrx_word' id='word_1_107' title='bbox 1340 1372 1724 1456; x_wconf 88' lang='lat' dir='ltr'>requiratur.</span> <span class='ocrx_word' id='word_1_108' title='bbox 1787 1371 2071 1457; x_wconf 89' lang='lat' dir='ltr'>Optuma</span> <span class='ocrx_word' id='word_1_109' title='bbox 2100 1375 2315 1437; x_wconf 89' lang='lat' dir='ltr'>autem</span> 
     </span>
     <span class='ocr_line' id='line_1_15' title="bbox 307 1414 2316 1546; baseline -0.001 -21"><span class='ocrx_word' id='word_1_110' title='bbox 307 1461 632 1526; x_wconf 82' lang='lat' dir='ltr'>hereditas</span> <span class='ocrx_word' id='word_1_111' title='bbox 689 1484 729 1525; x_wconf 87' lang='lat' dir='ltr'>a</span> <span class='ocrx_word' id='word_1_112' title='bbox 781 1414 1077 1546; x_wconf 41' lang='lat' dir='ltr'>patribus</span> <span class='ocrx_word' id='word_1_113' title='bbox 1130 1460 1412 1525; x_wconf 87' lang='lat' dir='ltr'>traditur</span> <span class='ocrx_word' id='word_1_114' title='bbox 1466 1460 1688 1525; x_wconf 88' lang='lat' dir='ltr'>liberis</span> <span class='ocrx_word' id='word_1_115' title='bbox 1752 1460 2053 1543; x_wconf 89' lang='lat' dir='ltr'>omnique</span> <span class='ocrx_word' id='word_1_116' title='bbox 2117 1460 2316 1543; x_wconf 90' lang='lat' dir='ltr'>patri-</span> 
     </span>
     <span class='ocr_line' id='line_1_16' title="bbox 309 1548 2396 1634; baseline -0.004 -20"><span class='ocrx_word' id='word_1_117' title='bbox 309 1550 525 1615; x_wconf 92' lang='lat' dir='ltr'>monio</span> <span class='ocrx_word' id='word_1_118' title='bbox 562 1549 998 1634; x_wconf 86' lang='lat' dir='ltr'>praestantior</span> <span class='ocrx_word' id='word_1_119' title='bbox 1040 1548 1252 1633; x_wconf 90' lang='lat' dir='ltr'>gloria</span> <span class='ocrx_word' id='word_1_120' title='bbox 1286 1549 1548 1613; x_wconf 86' lang='lat' dir='ltr'>virtutis</span> <span class='ocrx_word' id='word_1_121' title='bbox 1586 1570 1927 1632; x_wconf 87' lang='lat' dir='ltr'>rerumque</span> <span class='ocrx_word' id='word_1_122' title='bbox 1965 1552 2315 1634; x_wconf 89' lang='lat' dir='ltr'>gestarum,</span> <span class='ocrx_word' id='word_1_123' title='bbox 2346 1566 2396 1606; x_wconf 85' lang='lat'>15</span> 
     </span>
     <span class='ocr_line' id='line_1_17' title="bbox 309 1636 2227 1718; baseline -0.002 -15"><span class='ocrx_word' id='word_1_124' title='bbox 309 1638 411 1703; x_wconf 89' lang='lat' dir='ltr'>cui</span> <span class='ocrx_word' id='word_1_125' title='bbox 457 1637 751 1703; x_wconf 84' lang='lat' dir='ltr'>dedecori</span> <span class='ocrx_word' id='word_1_126' title='bbox 795 1658 934 1701; x_wconf 87' lang='lat' dir='ltr'>esse</span> <span class='ocrx_word' id='word_1_127' title='bbox 977 1637 1160 1701; x_wconf 85' lang='lat' dir='ltr'>nefas</span> <span class='ocrx_word' id='word_1_128' title='bbox 1208 1639 1303 1716; x_wconf 85' lang='lat' dir='ltr'>[et</span> <span class='ocrx_word' id='word_1_129' title='bbox 1347 1637 1606 1718; x_wconf 88' lang='lat' dir='ltr'>vitium]</span> <span class='ocrx_word' id='word_1_130' title='bbox 1652 1636 2061 1702; x_wconf 89' lang='lat' dir='ltr'>iudicandum</span> <span class='ocrx_word' id='word_1_131' title='bbox 2112 1640 2227 1701; x_wconf 88' lang='lat' dir='ltr'>est.</span> 
     </span>
    </p>

    <p class='ocr_par' dir='ltr' id='par_1_3' title="bbox 205 1724 2394 2938">
     <span class='ocr_line' id='line_1_18' title="bbox 440 1724 2316 1809; baseline -0.001 -19"><span class='ocrx_word' id='word_1_132' title='bbox 440 1725 530 1790; x_wconf 86' lang='lat' dir='ltr'>Et</span> <span class='ocrx_word' id='word_1_133' title='bbox 568 1725 873 1808; x_wconf 88' lang='lat' dir='ltr'>quoniam</span> <span class='ocrx_word' id='word_1_134' title='bbox 908 1724 1124 1789; x_wconf 86' lang='lat' dir='ltr'>officia</span> <span class='ocrx_word' id='word_1_135' title='bbox 1159 1745 1291 1789; x_wconf 93' lang='lat' dir='ltr'>non</span> <span class='ocrx_word' id='word_1_136' title='bbox 1328 1724 1547 1788; x_wconf 91' lang='lat' dir='ltr'>eadem</span> <span class='ocrx_word' id='word_1_137' title='bbox 1585 1724 1951 1809; x_wconf 88' lang='lat' dir='ltr'>disparibus</span> <span class='ocrx_word' id='word_1_138' title='bbox 1990 1725 2316 1789; x_wconf 88' lang='lat' dir='ltr'>aetatibus</span> 
     </span>
     <span class='ocr_line' id='line_1_19' title="bbox 308 1812 2316 1910; baseline -0 -32"><span class='ocrx_word' id='word_1_139' title='bbox 308 1814 696 1910; x_wconf 71' lang='lat' dir='ltr'>tribuuntur,</span> <span class='ocrx_word' id='word_1_140' title='bbox 710 1814 962 1897; x_wconf 88' lang='lat' dir='ltr'>aliaque</span> <span class='ocrx_word' id='word_1_141' title='bbox 992 1817 1142 1877; x_wconf 89' lang='lat' dir='ltr'>sunt</span> <span class='ocrx_word' id='word_1_142' title='bbox 1177 1812 1498 1895; x_wconf 90' lang='lat' dir='ltr'>iuvenum,</span> <span class='ocrx_word' id='word_1_143' title='bbox 1536 1813 1664 1878; x_wconf 90' lang='lat' dir='ltr'>alia</span> <span class='ocrx_word' id='word_1_144' title='bbox 1691 1814 2043 1896; x_wconf 88' lang='lat' dir='ltr'>seniorum,</span> <span class='ocrx_word' id='word_1_145' title='bbox 2073 1813 2316 1896; x_wconf 87' lang='lat' dir='ltr'>aliquid</span> 
     </span>
     <span class='ocr_line' id='line_1_20' title="bbox 310 1900 2315 1987; baseline 0 -20"><span class='ocrx_word' id='word_1_146' title='bbox 310 1902 507 1967; x_wconf 90' lang='lat' dir='ltr'>etiam</span> <span class='ocrx_word' id='word_1_147' title='bbox 561 1900 638 1967; x_wconf 90' lang='lat' dir='ltr'>de</span> <span class='ocrx_word' id='word_1_148' title='bbox 691 1901 814 1967; x_wconf 90' lang='lat' dir='ltr'>hac</span> <span class='ocrx_word' id='word_1_149' title='bbox 870 1900 1282 1966; x_wconf 90' lang='lat' dir='ltr'>distinctione</span> <span class='ocrx_word' id='word_1_150' title='bbox 1339 1900 1672 1968; x_wconf 89' lang='lat' dir='ltr'>dicendum</span> <span class='ocrx_word' id='word_1_151' title='bbox 1726 1906 1842 1966; x_wconf 89' lang='lat' dir='ltr'>est.</span> <span class='ocrx_word' id='word_1_152' title='bbox 1931 1900 2054 1967; x_wconf 86' lang='lat' dir='ltr'>Est</span> <span class='ocrx_word' id='word_1_153' title='bbox 2113 1902 2315 1987; x_wconf 88' lang='lat' dir='ltr'>igitur</span> 
     </span>
     <span class='ocr_line' id='line_1_21' title="bbox 310 1989 2394 2075; baseline 0 -20"><span class='ocrx_word' id='word_1_154' title='bbox 310 1990 736 2056; x_wconf 87' lang='lat' dir='ltr'>adulescentis</span> <span class='ocrx_word' id='word_1_155' title='bbox 791 1990 1067 2054; x_wconf 89' lang='lat' dir='ltr'>maiores</span> <span class='ocrx_word' id='word_1_156' title='bbox 1127 1994 1287 2054; x_wconf 86' lang='lat' dir='ltr'>natu</span> <span class='ocrx_word' id='word_1_157' title='bbox 1350 1990 1582 2072; x_wconf 81' lang='lat' dir='ltr'>vereri,</span> <span class='ocrx_word' id='word_1_158' title='bbox 1621 2012 1823 2073; x_wconf 85' lang='lat' dir='ltr'>exque</span> <span class='ocrx_word' id='word_1_159' title='bbox 1885 1989 1967 2054; x_wconf 87' lang='lat' dir='ltr'>iis</span> <span class='ocrx_word' id='word_1_160' title='bbox 2031 1989 2312 2075; x_wconf 83' lang='lat' dir='ltr'>deligere</span> <span class='ocrx_word' id='word_1_161' title='bbox 2341 2009 2394 2047; x_wconf 80' lang='lat'>2⁰</span> 
     </span>
     <span class='ocr_line' id='line_1_22' title="bbox 310 2078 2313 2173; baseline 0 -30"><span class='ocrx_word' id='word_1_162' title='bbox 310 2079 589 2163; x_wconf 90' lang='lat' dir='ltr'>optimos</span> <span class='ocrx_word' id='word_1_163' title='bbox 620 2082 685 2143; x_wconf 90' lang='lat' dir='ltr'>et</span> <span class='ocrx_word' id='word_1_164' title='bbox 710 2078 1240 2173; x_wconf 57' lang='lat' dir='ltr'>probatissimoss</span> <span class='ocrx_word' id='word_1_165' title='bbox 1265 2099 1540 2162; x_wconf 91' lang='lat' dir='ltr'>quorum</span> <span class='ocrx_word' id='word_1_166' title='bbox 1568 2078 1838 2143; x_wconf 89' lang='lat' dir='ltr'>consilio</span> <span class='ocrx_word' id='word_1_167' title='bbox 1878 2082 2071 2162; x_wconf 91' lang='lat' dir='ltr'>atque</span> <span class='ocrx_word' id='word_1_168' title='bbox 2101 2082 2313 2144; x_wconf 89' lang='lat' dir='ltr'>aucto-</span> 
     </span>
     <span class='ocr_line' id='line_1_23' title="bbox 309 2166 2313 2250; baseline 0 -19"><span class='ocrx_word' id='word_1_169' title='bbox 309 2167 504 2231; x_wconf 90' lang='lat' dir='ltr'>ritate</span> <span class='ocrx_word' id='word_1_170' title='bbox 557 2167 833 2250; x_wconf 83' lang='lat' dir='ltr'>nitatur3</span> <span class='ocrx_word' id='word_1_171' title='bbox 894 2167 1176 2231; x_wconf 87' lang='lat' dir='ltr'>ineuntis</span> <span class='ocrx_word' id='word_1_172' title='bbox 1240 2166 1412 2231; x_wconf 88' lang='lat' dir='ltr'>enim</span> <span class='ocrx_word' id='word_1_173' title='bbox 1476 2167 1711 2231; x_wconf 89' lang='lat' dir='ltr'>aetatis</span> <span class='ocrx_word' id='word_1_174' title='bbox 1774 2166 2035 2231; x_wconf 86' lang='lat' dir='ltr'>inscitia</span> <span class='ocrx_word' id='word_1_175' title='bbox 2089 2188 2313 2231; x_wconf 90' lang='lat' dir='ltr'>senum</span> 
     </span>
     <span class='ocr_line' id='line_1_24' title="bbox 308 2254 2313 2340; baseline -0 -20"><span class='ocrx_word' id='word_1_176' title='bbox 308 2255 758 2320; x_wconf 89' lang='lat' dir='ltr'>constituenda</span> <span class='ocrx_word' id='word_1_177' title='bbox 794 2259 859 2319; x_wconf 90' lang='lat' dir='ltr'>et</span> <span class='ocrx_word' id='word_1_178' title='bbox 893 2256 1175 2339; x_wconf 89' lang='lat' dir='ltr'>regenda</span> <span class='ocrx_word' id='word_1_179' title='bbox 1208 2254 1553 2340; x_wconf 89' lang='lat' dir='ltr'>prudentia</span> <span class='ocrx_word' id='word_1_180' title='bbox 1588 2258 1704 2319; x_wconf 90' lang='lat' dir='ltr'>est.</span> <span class='ocrx_word' id='word_1_181' title='bbox 1767 2254 2066 2319; x_wconf 86' lang='lat' dir='ltr'>Maxume</span> <span class='ocrx_word' id='word_1_182' title='bbox 2096 2259 2313 2319; x_wconf 89' lang='lat' dir='ltr'>autem</span> 
     </span>
     <span class='ocr_line' id='line_1_25' title="bbox 306 2342 2311 2426; baseline -0 -18"><span class='ocrx_word' id='word_1_183' title='bbox 306 2343 466 2409; x_wconf 90' lang='lat' dir='ltr'>haec</span> <span class='ocrx_word' id='word_1_184' title='bbox 511 2347 690 2409; x_wconf 88' lang='lat' dir='ltr'>aetas</span> <span class='ocrx_word' id='word_1_185' title='bbox 738 2365 778 2408; x_wconf 89' lang='lat' dir='ltr'>a</span> <span class='ocrx_word' id='word_1_186' title='bbox 823 2342 1199 2408; x_wconf 88' lang='lat' dir='ltr'>libidinibus</span> <span class='ocrx_word' id='word_1_187' title='bbox 1255 2342 1529 2409; x_wconf 90' lang='lat' dir='ltr'>arcenda</span> <span class='ocrx_word' id='word_1_188' title='bbox 1575 2347 1675 2407; x_wconf 87' lang='lat' dir='ltr'>est</span> <span class='ocrx_word' id='word_1_189' title='bbox 1724 2342 2196 2426; x_wconf 88' lang='lat' dir='ltr'>exercendaque</span> <span class='ocrx_word' id='word_1_190' title='bbox 2242 2343 2311 2407; x_wconf 92' lang='lat' dir='ltr'>in</span> 
     </span>
     <span class='ocr_line' id='line_1_26' title="bbox 306 2432 2392 2517; baseline -0.001 -20"><span class='ocrx_word' id='word_1_191' title='bbox 306 2432 530 2497; x_wconf 90' lang='lat' dir='ltr'>labore</span> <span class='ocrx_word' id='word_1_192' title='bbox 575 2432 1016 2517; x_wconf 90' lang='lat' dir='ltr'>patientiaque</span> <span class='ocrx_word' id='word_1_193' title='bbox 1061 2437 1128 2496; x_wconf 91' lang='lat' dir='ltr'>et</span> <span class='ocrx_word' id='word_1_194' title='bbox 1172 2432 1373 2496; x_wconf 90' lang='lat' dir='ltr'>animi</span> <span class='ocrx_word' id='word_1_195' title='bbox 1419 2435 1485 2495; x_wconf 90' lang='lat' dir='ltr'>et</span> <span class='ocrx_word' id='word_1_196' title='bbox 1526 2432 1830 2515; x_wconf 77' lang='lat' dir='ltr'>corporiS,</span> <span class='ocrx_word' id='word_1_197' title='bbox 1874 2435 1950 2494; x_wconf 94' lang='lat' dir='ltr'>ut</span> <span class='ocrx_word' id='word_1_198' title='bbox 1986 2452 2207 2495; x_wconf 92' lang='lat' dir='ltr'>eorum</span> <span class='ocrx_word' id='word_1_199' title='bbox 2245 2435 2311 2495; x_wconf 90' lang='lat' dir='ltr'>et</span> <span class='ocrx_word' id='word_1_200' title='bbox 2339 2448 2392 2489; x_wconf 77' lang='lat'>2⁵</span> 
     </span>
     <span class='ocr_line' id='line_1_27' title="bbox 305 2518 2312 2604; baseline -0 -19"><span class='ocrx_word' id='word_1_201' title='bbox 305 2521 374 2585; x_wconf 92' lang='lat' dir='ltr'>in</span> <span class='ocrx_word' id='word_1_202' title='bbox 400 2520 650 2585; x_wconf 81' lang='lat' dir='ltr'>bellicis</span> <span class='ocrx_word' id='word_1_203' title='bbox 679 2523 746 2584; x_wconf 87' lang='lat' dir='ltr'>et</span> <span class='ocrx_word' id='word_1_204' title='bbox 771 2521 839 2584; x_wconf 92' lang='lat' dir='ltr'>in</span> <span class='ocrx_word' id='word_1_205' title='bbox 876 2519 1174 2584; x_wconf 85' lang='lat' dir='ltr'>civilibus</span> <span class='ocrx_word' id='word_1_206' title='bbox 1202 2519 1433 2584; x_wconf 87' lang='lat' dir='ltr'>officiis</span> <span class='ocrx_word' id='word_1_207' title='bbox 1459 2518 1680 2604; x_wconf 85' lang='lat' dir='ltr'>vigeat</span> <span class='ocrx_word' id='word_1_208' title='bbox 1705 2518 2041 2584; x_wconf 87' lang='lat' dir='ltr'>industria.</span> <span class='ocrx_word' id='word_1_209' title='bbox 2094 2518 2312 2602; x_wconf 89' lang='lat' dir='ltr'>Atque</span> 
     </span>
     <span class='ocr_line' id='line_1_28' title="bbox 306 2606 2313 2690; baseline 0 -18"><span class='ocrx_word' id='word_1_210' title='bbox 306 2608 503 2673; x_wconf 92' lang='lat' dir='ltr'>etiam</span> <span class='ocrx_word' id='word_1_211' title='bbox 532 2630 678 2673; x_wconf 89' lang='lat' dir='ltr'>cum</span> <span class='ocrx_word' id='word_1_212' title='bbox 704 2609 996 2672; x_wconf 88' lang='lat' dir='ltr'>relaxare</span> <span class='ocrx_word' id='word_1_213' title='bbox 1025 2608 1273 2672; x_wconf 88' lang='lat' dir='ltr'>animos</span> <span class='ocrx_word' id='word_1_214' title='bbox 1304 2611 1371 2670; x_wconf 93' lang='lat' dir='ltr'>et</span> <span class='ocrx_word' id='word_1_215' title='bbox 1399 2606 1549 2672; x_wconf 89' lang='lat' dir='ltr'>dare</span> <span class='ocrx_word' id='word_1_216' title='bbox 1578 2627 1646 2671; x_wconf 88' lang='lat' dir='ltr'>se</span> <span class='ocrx_word' id='word_1_217' title='bbox 1669 2606 2055 2672; x_wconf 87' lang='lat' dir='ltr'>iucunditati</span> <span class='ocrx_word' id='word_1_218' title='bbox 2072 2608 2313 2690; x_wconf 85' lang='lat' dir='ltr'>volent,</span> 
     </span>
     <span class='ocr_line' id='line_1_29' title="bbox 305 2694 2313 2779; baseline 0 -19"><span class='ocrx_word' id='word_1_219' title='bbox 305 2699 577 2760; x_wconf 87' lang='lat' dir='ltr'>caveant</span> <span class='ocrx_word' id='word_1_220' title='bbox 603 2695 1187 2779; x_wconf 87' lang='lat' dir='ltr'>intemperantiam,</span> <span class='ocrx_word' id='word_1_221' title='bbox 1223 2694 1632 2759; x_wconf 87' lang='lat' dir='ltr'>meminerint</span> <span class='ocrx_word' id='word_1_222' title='bbox 1668 2695 2103 2779; x_wconf 72' lang='lat' dir='ltr'>verecundiae,</span> <span class='ocrx_word' id='word_1_223' title='bbox 2142 2696 2313 2779; x_wconf 91' lang='lat' dir='ltr'>quod</span> 
     </span>
     <span class='ocr_line' id='line_1_30' title="bbox 306 2782 2310 2876; baseline 0 -27"><span class='ocrx_word' id='word_1_224' title='bbox 306 2783 431 2849; x_wconf 90' lang='lat' dir='ltr'>erit</span> <span class='ocrx_word' id='word_1_225' title='bbox 474 2783 760 2876; x_wconf 54' lang='lat' dir='ltr'>faciliuss</span> <span class='ocrx_word' id='word_1_226' title='bbox 792 2783 849 2847; x_wconf 88' lang='lat' dir='ltr'>si</span> <span class='ocrx_word' id='word_1_227' title='bbox 891 2803 968 2848; x_wconf 83' lang='lat' dir='ltr'>nc</span> <span class='ocrx_word' id='word_1_228' title='bbox 1012 2783 1081 2847; x_wconf 94' lang='lat' dir='ltr'>in</span> <span class='ocrx_word' id='word_1_229' title='bbox 1127 2783 1261 2847; x_wconf 89' lang='lat' dir='ltr'>eius</span> <span class='ocrx_word' id='word_1_230' title='bbox 1299 2782 1475 2847; x_wconf 91' lang='lat' dir='ltr'>modi</span> <span class='ocrx_word' id='word_1_231' title='bbox 1513 2783 1767 2867; x_wconf 91' lang='lat' dir='ltr'>quidem</span> <span class='ocrx_word' id='word_1_232' title='bbox 1804 2785 1997 2848; x_wconf 88' lang='lat' dir='ltr'>rebus</span> <span class='ocrx_word' id='word_1_233' title='bbox 2034 2784 2310 2849; x_wconf 84' lang='lat' dir='ltr'>maiores</span> 
     </span>
     <span class='ocr_line' id='line_1_31' title="bbox 205 2869 2390 2938; baseline 0 -1"><span class='ocrx_word' id='word_1_234' title='bbox 205 2887 302 2937; x_wconf 81' lang='lat'>123</span> <span class='ocrx_word' id='word_1_235' title='bbox 331 2875 492 2937; x_wconf 89' lang='lat' dir='ltr'>natu</span> <span class='ocrx_word' id='word_1_236' title='bbox 544 2872 770 2937; x_wconf 92' lang='lat' dir='ltr'>nolent</span> <span class='ocrx_word' id='word_1_237' title='bbox 826 2872 1155 2936; x_wconf 88' lang='lat' dir='ltr'>interesse.</span> <span class='ocrx_word' id='word_1_238' title='bbox 1246 2869 1517 2936; x_wconf 87' lang='lat' dir='ltr'>Senibus</span> <span class='ocrx_word' id='word_1_239' title='bbox 1584 2876 1802 2937; x_wconf 90' lang='lat' dir='ltr'>autem</span> <span class='ocrx_word' id='word_1_240' title='bbox 1865 2872 2121 2938; x_wconf 83' lang='lat' dir='ltr'>labores</span> <span class='ocrx_word' id='word_1_241' title='bbox 2177 2894 2309 2937; x_wconf 90' lang='lat' dir='ltr'>cor·</span> <span class='ocrx_word' id='word_1_242' title='bbox 2339 2890 2390 2930; x_wconf 78' lang='lat'>⁸0</span> 
     </span>
    </p>

    <p class='ocr_par' dir='ltr' id='par_1_4' title="bbox 302 2960 2392 3572">
     <span class='ocr_line' id='line_1_32' title="bbox 302 2960 2311 3045; baseline 0 -21"><span class='ocrx_word' id='word_1_243' title='bbox 302 2960 481 3045; x_wconf 89' lang='lat' dir='ltr'>poris</span> <span class='ocrx_word' id='word_1_244' title='bbox 526 2960 881 3044; x_wconf 90' lang='lat' dir='ltr'>minuendi,</span> <span class='ocrx_word' id='word_1_245' title='bbox 938 2960 1428 3044; x_wconf 77' lang='lat' dir='ltr'>exercitationes</span> <span class='ocrx_word' id='word_1_246' title='bbox 1485 2960 1682 3025; x_wconf 89' lang='lat' dir='ltr'>animi</span> <span class='ocrx_word' id='word_1_247' title='bbox 1737 2960 1933 3025; x_wconf 90' lang='lat' dir='ltr'>etiam</span> <span class='ocrx_word' id='word_1_248' title='bbox 1981 2960 2311 3045; x_wconf 88' lang='lat' dir='ltr'>augendae</span> 
     </span>
     <span class='ocr_line' id='line_1_33' title="bbox 302 3048 2313 3138; baseline 0.001 -26"><span class='ocrx_word' id='word_1_249' title='bbox 302 3048 630 3131; x_wconf 82' lang='lat' dir='ltr'>videntur3</span> <span class='ocrx_word' id='word_1_250' title='bbox 685 3048 895 3113; x_wconf 90' lang='lat' dir='ltr'>danda</span> <span class='ocrx_word' id='word_1_251' title='bbox 947 3070 1100 3113; x_wconf 86' lang='lat' dir='ltr'>vero</span> <span class='ocrx_word' id='word_1_252' title='bbox 1157 3070 1392 3138; x_wconf 59' lang='lat' dir='ltr'>operas</span> <span class='ocrx_word' id='word_1_253' title='bbox 1435 3053 1511 3113; x_wconf 91' lang='lat' dir='ltr'>ut</span> <span class='ocrx_word' id='word_1_254' title='bbox 1563 3051 1629 3113; x_wconf 86' lang='lat' dir='ltr'>et</span> <span class='ocrx_word' id='word_1_255' title='bbox 1683 3049 1923 3114; x_wconf 90' lang='lat' dir='ltr'>amicos</span> <span class='ocrx_word' id='word_1_256' title='bbox 1980 3052 2047 3113; x_wconf 86' lang='lat' dir='ltr'>et</span> <span class='ocrx_word' id='word_1_257' title='bbox 2099 3050 2313 3114; x_wconf 85' lang='lat' dir='ltr'>iuven·</span> 
     </span>
     <span class='ocr_line' id='line_1_34' title="bbox 302 3137 2313 3222; baseline 0 -22"><span class='ocrx_word' id='word_1_258' title='bbox 302 3140 509 3201; x_wconf 90' lang='lat' dir='ltr'>tutem</span> <span class='ocrx_word' id='word_1_259' title='bbox 556 3140 622 3201; x_wconf 89' lang='lat' dir='ltr'>et</span> <span class='ocrx_word' id='word_1_260' title='bbox 667 3137 944 3202; x_wconf 89' lang='lat' dir='ltr'>maxime</span> <span class='ocrx_word' id='word_1_261' title='bbox 990 3158 1127 3201; x_wconf 89' lang='lat' dir='ltr'>rem</span> <span class='ocrx_word' id='word_1_262' title='bbox 1171 3137 1501 3221; x_wconf 89' lang='lat' dir='ltr'>publicam</span> <span class='ocrx_word' id='word_1_263' title='bbox 1547 3137 1816 3202; x_wconf 87' lang='lat' dir='ltr'>consilio</span> <span class='ocrx_word' id='word_1_264' title='bbox 1860 3140 1925 3201; x_wconf 89' lang='lat' dir='ltr'>et</span> <span class='ocrx_word' id='word_1_265' title='bbox 1970 3137 2313 3222; x_wconf 87' lang='lat' dir='ltr'>prudentia</span> 
     </span>
     <span class='ocr_line' id='line_1_35' title="bbox 305 3224 2312 3310; baseline 0.001 -22"><span class='ocrx_word' id='word_1_266' title='bbox 305 3246 498 3307; x_wconf 92' lang='lat' dir='ltr'>quam</span> <span class='ocrx_word' id='word_1_267' title='bbox 543 3225 896 3309; x_wconf 85' lang='lat' dir='ltr'>plurimum</span> <span class='ocrx_word' id='word_1_268' title='bbox 941 3225 1262 3290; x_wconf 86' lang='lat' dir='ltr'>adiuvent.</span> <span class='ocrx_word' id='word_1_269' title='bbox 1334 3224 1520 3290; x_wconf 89' lang='lat' dir='ltr'>Nihil</span> <span class='ocrx_word' id='word_1_270' title='bbox 1567 3229 1784 3289; x_wconf 91' lang='lat' dir='ltr'>autem</span> <span class='ocrx_word' id='word_1_271' title='bbox 1830 3226 2040 3310; x_wconf 90' lang='lat' dir='ltr'>magis</span> <span class='ocrx_word' id='word_1_272' title='bbox 2087 3248 2312 3291; x_wconf 86' lang='lat' dir='ltr'>caven·</span> 
     </span>
     <span class='ocr_line' id='line_1_36' title="bbox 302 3312 2392 3408; baseline 0.001 -32"><span class='ocrx_word' id='word_1_273' title='bbox 302 3312 455 3376; x_wconf 88' lang='lat' dir='ltr'>dum</span> <span class='ocrx_word' id='word_1_274' title='bbox 510 3316 610 3376; x_wconf 89' lang='lat' dir='ltr'>est</span> <span class='ocrx_word' id='word_1_275' title='bbox 665 3314 1018 3408; x_wconf 65' lang='lat' dir='ltr'>senectuti,</span> <span class='ocrx_word' id='word_1_276' title='bbox 1066 3334 1261 3396; x_wconf 91' lang='lat' dir='ltr'>quam</span> <span class='ocrx_word' id='word_1_277' title='bbox 1305 3333 1388 3377; x_wconf 90' lang='lat' dir='ltr'>ne</span> <span class='ocrx_word' id='word_1_278' title='bbox 1443 3313 1743 3398; x_wconf 87' lang='lat' dir='ltr'>languori</span> <span class='ocrx_word' id='word_1_279' title='bbox 1791 3334 1859 3377; x_wconf 87' lang='lat' dir='ltr'>se</span> <span class='ocrx_word' id='word_1_280' title='bbox 1906 3313 2312 3397; x_wconf 87' lang='lat' dir='ltr'>desidiaeque</span> <span class='ocrx_word' id='word_1_281' title='bbox 2340 3331 2392 3373; x_wconf 76' lang='lat'>⁸⁵</span> 
     </span>
     <span class='ocr_line' id='line_1_37' title="bbox 304 3398 2312 3486; baseline 0.002 -25"><span class='ocrx_word' id='word_1_282' title='bbox 304 3398 520 3481; x_wconf 81' lang='lat' dir='ltr'>dedat3</span> <span class='ocrx_word' id='word_1_283' title='bbox 566 3400 820 3465; x_wconf 90' lang='lat' dir='ltr'>luxuria</span> <span class='ocrx_word' id='word_1_284' title='bbox 853 3421 1007 3466; x_wconf 83' lang='lat' dir='ltr'>vero</span> <span class='ocrx_word' id='word_1_285' title='bbox 1044 3423 1189 3466; x_wconf 92' lang='lat' dir='ltr'>cum</span> <span class='ocrx_word' id='word_1_286' title='bbox 1227 3400 1404 3466; x_wconf 93' lang='lat' dir='ltr'>omni</span> <span class='ocrx_word' id='word_1_287' title='bbox 1441 3401 1643 3465; x_wconf 90' lang='lat' dir='ltr'>aetati</span> <span class='ocrx_word' id='word_1_288' title='bbox 1680 3401 1908 3486; x_wconf 80' lang='lat' dir='ltr'>turpiS‚</span> <span class='ocrx_word' id='word_1_289' title='bbox 1953 3405 2095 3466; x_wconf 89' lang='lat' dir='ltr'>tum</span> <span class='ocrx_word' id='word_1_290' title='bbox 2138 3423 2312 3466; x_wconf 87' lang='lat' dir='ltr'>sene-</span> 
     </span>
     <span class='ocr_line' id='line_1_38' title="bbox 302 3486 2311 3572; baseline 0.001 -21"><span class='ocrx_word' id='word_1_291' title='bbox 302 3486 467 3551; x_wconf 90' lang='lat' dir='ltr'>ctuti</span> <span class='ocrx_word' id='word_1_292' title='bbox 517 3486 891 3552; x_wconf 89' lang='lat' dir='ltr'>foedissima</span> <span class='ocrx_word' id='word_1_293' title='bbox 946 3491 1072 3572; x_wconf 82' lang='lat' dir='ltr'>est3</span> <span class='ocrx_word' id='word_1_294' title='bbox 1136 3490 1238 3553; x_wconf 91' lang='lat' dir='ltr'>sin</span> <span class='ocrx_word' id='word_1_295' title='bbox 1293 3493 1510 3554; x_wconf 90' lang='lat' dir='ltr'>autem</span> <span class='ocrx_word' id='word_1_296' title='bbox 1570 3489 1768 3554; x_wconf 89' lang='lat' dir='ltr'>etiam</span> <span class='ocrx_word' id='word_1_297' title='bbox 1823 3488 2164 3554; x_wconf 87' lang='lat' dir='ltr'>libidinum</span> <span class='ocrx_word' id='word_1_298' title='bbox 2218 3489 2311 3554; x_wconf 91' lang='lat' dir='ltr'>in-</span> 
     </span>
    </p>
   </div>
   <div class='ocr_carea' id='block_1_3' title="bbox 204 1694 306 1823">
    <p class='ocr_par' dir='ltr' id='par_1_5' title="bbox 204 1694 306 1823">
     <span class='ocr_line' id='line_1_39' title="bbox 204 1694 293 1759; baseline -0.011 0"><span class='ocrx_word' id='word_1_299' title='bbox 204 1694 293 1759; x_wconf 85' lang='lat'>34</span> 
     </span>
     <span class='ocr_line' id='line_1_40' title="bbox 207 1773 306 1823; baseline -0.01 0"><span class='ocrx_word' id='word_1_300' title='bbox 207 1773 306 1823; x_wconf 76' lang='lat'>122</span> 
     </span>
    </p>
   </div>
  </div>
 </body>
</html>
