2630 3913
948 206 1100 264 GAP.
1139 170 1332 261 s-11.
1406 211 1436 271 ς
1473 212 1699 263 33—39.
2181 208 2315 271 225

303 373 536 434 ventur
582 369 751 451 loco,
805 390 969 453 quae
1024 371 1176 432 sunt
1222 366 1605 450 animantia,
1670 390 1870 452 eaque
1925 368 2169 454 divina,
2228 371 2311 434 ob

304 479 572 543 eamque
638 477 899 522 causam
963 456 1097 520 suis
1163 455 1422 520 sedibus
1488 455 1828 521 inhaerent
1883 461 1948 521 et
2001 461 2311 543 perpetuo

306 550 585 611 manent.
676 544 853 621 Quae
899 549 1117 609 autem
1161 564 1334 629 vaga
1380 547 1445 608 et
1489 544 1792 608 mutabili
1846 547 2168 610 erratione
2223 546 2313 610 la·

304 636 562 717 buntur,
605 634 703 697 ita
740 637 1049 719 generata
1085 636 1253 709 sunt,
1294 635 1370 696 ut
1405 654 1603 716 supra
1639 632 1932 698 diximus,
1990 632 2132 698 Iam
2161 656 2313 699 vero

252 742 278 782 5
305 727 566 806 terram,
614 722 909 787 altricem
936 724 1248 804 nostram,
1296 742 1458 804 quae
1501 720 1772 786 traiecto
1804 723 1907 786 axi
1940 723 2313 805 sustinetur,

307 812 432 876 diei
476 810 812 895 noctisque
859 809 1243 875 effectricem
1299 809 1692 893 eandemque
1730 811 2092 894 custodem,
2154 812 2314 877 anti·

308 900 686 984 quissimam
743 899 1006 963 deorum
1062 897 1351 964 omnium
1414 897 1624 963 voluit
1688 920 1826 963 esse
1892 921 2140 983 eorum,
2206 900 2316 984 qui

306 989 482 1052 intra
517 988 766 1053 caelum
813 987 1252 1086 gignerentur.
1326 984 1639 1050 Lusiones
1687 990 1904 1051 autem
1947 988 2211 1053 deorum
2251 993 2316 1053 et

306 1076 520 1141 inter
501 1098 679 1176 ipsos
709 1076 860 1140 deos
891 1074 1359 1157 concursioneS,
1387 1096 1674 1159 quaeque
1700 1075 1773 1138 in
1799 1076 2064 1141 orbibus
2093 1098 2316 1141 eorum

231 1184 282 1223 ιο
309 1164 758 1229 conversiones
806 1184 1093 1247 quaeque
1140 1162 1613 1227 antecessiones
1661 1164 1983 1247 eveniant,
2044 1187 2316 1248 cumque

307 1254 478 1316 inter
516 1274 584 1316 se
619 1273 821 1337 paene
858 1252 1258 1351 contingant,
1295 1272 1520 1315 eorum
1559 1252 1669 1335 qui
1705 1273 1905 1336 prope
1935 1254 2316 1337 copulentur

309 1341 758 1425 contrariaque
819 1340 1083 1425 regione
1146 1343 1212 1403 et
1276 1347 1443 1423 pone
1500 1361 1660 1423 quos
1717 1344 1830 1404 aut
1887 1345 2037 1405 ante
2097 1342 2317 1407 laban-

308 1432 418 1493 tur
456 1428 812 1512 quibusque
848 1427 1249 1512 temporibus
1287 1450 1328 1492 a
1364 1432 1591 1492 nostro
1630 1434 1895 1512 aspectu
1928 1429 2318 1495 oblitescant

309 1529 658 1601 rursusque
703 1516 945 1581 emersi·
981 1519 1294 1581 terrorem
1349 1516 1671 1580 incutiant
1722 1517 1993 1582 rationis
2048 1520 2317 1603 experti-

231 1624 282 1663 15
309 1607 458 1689 bus,
530 1606 587 1670 si
650 1604 864 1670 verbis
930 1603 1250 1688 explicare
1324 1626 1628 1669 conemur
1698 1606 1882 1670 nullo
1946 1607 2162 1690 posito
2233 1607 2317 1671 ob

310 1695 531 1760 oculos
595 1694 940 1759 simulacro
1007 1715 1227 1757 earum
1303 1714 1547 1776 rerum,
1617 1692 1865 1758 frustra
1928 1694 2318 1779 suscipiatur

309 1784 511 1848 labor.
604 1780 726 1847 Sed
781 1781 939 1847 haec
1005 1782 1165 1846 satis
1221 1781 1354 1845 sint
1411 1781 1583 1845 dicta
1635 1782 1852 1866 nobis,
1911 1803 2188 1866 quaeque
2243 1783 2318 1847 de

310 1872 599 1955 deorum,
648 1872 759 1955 qui
795 1874 1144 1935 cernuntur
1182 1869 1418 1953 quique
1457 1873 1609 1933 sunt
1646 1871 1803 1953 orti,
1857 1875 2095 1936 natura
2138 1894 2319 1956 prae·

307 1961 430 2025 fati
475 1982 715 2044 sumus,
759 1959 1045 2024 habeant
1087 1959 1258 2024 hunc
1303 1959 1668 2023 terminum.

230 2067 282 2106 20
441 2049 857 2149 Reliquorum
888 2053 1123 2132 autem,
1153 2068 1314 2132 quos
1346 2046 1575 2112 Graeci
1605 2048 1927 2130 δαίμονας
1963 2049 2298 2133 appellant
2342 2022 2420 2085 ll

310 2137 546 2219 nostri,
603 2137 857 2220 opinor,
915 2136 1142 2220 Lares,
1196 2135 1252 2199 si
1297 2135 1489 2200 modo
1548 2133 1673 2202 hoc
1718 2140 1891 2201 recte
1938 2100 2318 2202 conversuni

312 2224 515 2287 videri
551 2227 786 2307 potest,
832 2228 898 2288 et
931 2245 1124 2288 nosse
1153 2228 1219 2289 et
1247 2224 1583 2288 enuntiare
1611 2228 1828 2289 ortum
1856 2246 2078 2289 eorum
2108 2227 2317 2291 maius

313 2315 430 2395 est,
478 2333 672 2394 quam
707 2314 782 2375 ut
816 2312 1107 2397 profiteri
1142 2332 1261 2376 nos
1301 2313 1580 2377 scribere
1618 2313 1982 2377 audeamus.
2046 2311 2318 2378 Creden-

315 2400 466 2464 dum
509 2399 816 2464 nimirum
863 2405 961 2465 est
1008 2399 1334 2465 veteribus
1382 2403 1447 2464 et
1492 2401 1740 2485 prisciS,
1785 2405 1858 2464 ut
1896 2400 2097 2484 aiunt,
2142 2402 2317 2485 viris,

231 2507 284 2546 2⁵
313 2488 424 2572 qui
470 2509 538 2552 se
583 2489 959 2574 progeniem
998 2489 1260 2553 deorum
1301 2510 1439 2552 esse
1479 2489 1803 2572 dicebant,
1849 2490 2067 2572 itaque
2097 2510 2318 2554 eorum

310 2577 629 2642 vocabula
671 2578 859 2642 nobis
895 2577 1333 2662 prodiderunt.
1398 2575 1609 2642 Nosse
1647 2581 1865 2642 autem
1904 2582 2318 2663 generatores

310 2687 461 2730 suos
508 2665 754 2750 optime
791 2669 1112 2750 poterant,
1154 2687 1229 2730 ac
1265 2663 1527 2730 difficile
1562 2664 1740 2730 factu
1778 2669 1878 2731 est
1915 2689 1955 2731 a
1992 2665 2125 2731 deis
2155 2667 2319 2732 ortis

307 2755 501 2817 fidem
544 2775 676 2819 non
720 2754 978 2837 habere,
1023 2775 1415 2839 quamquam
1460 2775 1578 2818 nec
1624 2755 2023 2838 argumentis
2066 2777 2184 2821 nec
2220 2777 2320 2820 ra·

309 2843 597 2907 tionibus
645 2843 837 2907 certis
885 2864 1102 2907 eorum
1154 2842 1364 2908 oratio
1412 2843 1857 2927 confirmatur3
1904 2843 2015 2908 sed
2053 2844 2205 2928 quia
2242 2844 2319 2908 de

229 2948 281 2986 ³0
311 2931 443 2994 suis
493 2931 718 3012 [notis]
766 2931 958 2996 rebus
1003 2931 1302 2996 videntur
1347 2930 1553 3014 loqui,
1599 2931 1804 2996 veteri
1848 2932 1981 3017 legi
2027 2933 2318 3016 morique

309 3019 663 3104 parendum
728 3023 842 3083 est.
934 3017 1038 3084 Sic
1099 3019 1329 3104 igitur,
1402 3022 1475 3083 ut
1539 3020 1621 3084 ab
1684 3019 1764 3084 iis
1830 3024 1931 3083 est
1984 3019 2318 3104 traditum,

308 3107 540 3172 horum
589 3108 853 3172 deorum
899 3112 1079 3172 ortus
1116 3108 1436 3173 habeatur
1474 3112 1667 3191 atque
1705 3108 1974 3192 dicatur,
2018 3112 2092 3172 ut
2125 3106 2317 3173 Ocea-

307 3217 461 3260 num
510 3193 955 3280 Salaciamque
1002 3196 1182 3262 Caeli
1237 3201 1386 3261 satu
1430 3195 1794 3280 Terraeque
1854 3200 2166 3280 conceptu
2214 3218 2319 3283 ge-

308 3287 568 3350 neratos
625 3284 959 3369 editosque
1019 3305 1477 3366 memoremus,
1543 3306 1618 3348 ex
1676 3284 1778 3348 his
1836 3281 2187 3349 Saturnum
2253 3289 2319 3350 et

229 3389 279 3427 ³5
310 3371 538 3456 Opem,
585 3373 882 3474 deinceps
927 3372 1148 3438 Iovem
1196 3377 1392 3457 atque
1435 3370 1766 3456 Iunonem,
1812 3372 2098 3457 reliquos
2108 3424 2126 3457 ,
2169 3395 2321 3455 quos

307 3459 544 3524 fratres
590 3461 758 3525 inter
806 3483 874 3525 se
931 3465 1333 3547 agnatosque
1388 3462 1688 3545 usurpari
1749 3465 1944 3545 atque
1999 3463 2320 3548 appellari

309 3548 614 3631 videmus,
662 3553 727 3613 et
756 3571 993 3634 eorum,
1030 3553 1104 3614 ut
1132 3554 1392 3614 utamur
1419 3552 1638 3613 vetere
1672 3550 1887 3629 verb0‚
1925 3551 2319 3635 prosapiam.

413 3660 521 3702 010.
548 3663 626 3702 IV.
658 3664 693 3702 3.
1223 3665 1231 3674 ⁹
1933 3660 1996 3707 15

2352 652 2442 700 3⁷⁴*

2355 2105 2425 2156 88

2356 3037 2420 3088 39
