2630 3913
899 179 1352 235 ORATIONUM.
1390 180 1454 236 A.
1492 179 1596 232 XV
1635 187 1804 235 1—9.
2228 179 2360 243 283

574 340 708 408 Cito
752 345 965 425 rapuit
998 364 1117 424 pro
1161 363 1223 407 se
1265 347 1711 426 arqumentum,
1760 343 2058 407 iudicasse
2098 344 2362 423 quodam

440 432 615 495 modo
650 480 666 493 .
696 481 711 495 .
740 481 755 496 .
784 482 798 496 .
833 436 906 495 ut
938 432 1160 496 bellum
1194 433 1526 513 yerendum
1569 451 1691 495 esse
1733 436 2007 513 censeret,
2051 432 2159 511 qui
2201 451 2362 494 men-

440 520 662 583 tionem
694 521 994 601 pecuniae
1033 520 1273 599 fecerat.

486 608 543 672 6.
599 605 703 671 Sic
759 613 859 672 est
911 608 1087 672 iusta
1141 629 1334 672 causa
1387 606 1573 690 belli,
1630 606 1821 671 sicuti
1867 604 2140 671 Crassus
2196 628 2363 671 com-

298 713 325 753 5
353 695 738 760 memoravit
784 719 928 761 cum
974 695 1297 780 Iugurtha
1340 695 1558 759 fuisse.

571 785 982 849 Notissimum
1033 790 1122 849 est
1163 785 1464 867 Micipsa,
1521 804 1656 866 reye
1710 783 2073 865 Numidiae,
2125 789 2364 847 mortuo

440 873 759 952 trifariam
807 875 967 938 inter
1009 872 1419 937 Adherbalem
1471 877 1530 937 et
1570 871 1993 951 Hiempsalem
2036 876 2094 935 et
2134 872 2365 953 Iuyur-

441 960 612 1024 tham
654 982 910 1043 reynum
949 981 1073 1026 esse
1105 961 1403 1038 divisum‚·
1447 980 1600 1042 quos
1635 964 1839 1023 tamen
1874 960 2026 1024 duos
2059 961 2220 1024 idem
2254 961 2365 1024 Iu-

435 1049 664 1130 yurtha
699 1051 939 1132 partim
971 1050 1053 1128 vi,
1080 1050 1324 1131 partim
1358 1069 1494 1114 vero
1531 1048 1779 1113 insidiis
1812 1048 2128 1127 interfecit.
2190 1048 2367 1113 Haec

278 1156 326 1193 ιο
442 1137 542 1201 illi
590 1136 719 1217 fuit
768 1158 958 1203 causa
996 1139 1339 1219 praecipua
1382 1138 1603 1202 bellum
1639 1137 1894 1218 yerendi
1935 1137 2223 1202 adversus
2255 1158 2366 1218 po-

434 1226 659 1307 pulum
711 1226 791 1290 R.
883 1225 1005 1305 Qui
1061 1232 1264 1290 tamen
1307 1231 1451 1306 post
1504 1225 1727 1289 multos
1779 1226 2172 1305 imperatores
2217 1246 2366 1307 yra-

442 1313 595 1377 viter
640 1315 916 1395 adflictos
958 1315 1045 1378 ad
1075 1320 1411 1378 extremum
1446 1313 1511 1379 G.
1539 1314 1755 1378 Mario
1790 1314 2155 1395 imperatore
2197 1333 2366 1395 supe-

444 1406 619 1466 ratus
663 1408 765 1467 est.

491 1490 547 1553 7.
592 1488 745 1554 Non
791 1489 1005 1575 patiar
1048 1491 1215 1555 hanc
1262 1489 1550 1553 exaudiri
1594 1511 1815 1554 vocem
1855 1489 2048 1553 huius
2084 1489 2366 1572 imperii:

280 1594 327 1635 1⁵
354 1576 500 1664 Ego
537 1582 621 1661 te,
658 1579 784 1642 nisi
814 1580 927 1643 das
958 1578 1218 1662 aliquid,
1255 1578 1530 1662 hostem,
1568 1578 1625 1642 si
1662 1577 1813 1661 quid
1854 1577 2119 1661 dederiS,
2147 1599 2366 1663 regem

355 1671 421 1730 et
467 1667 711 1732 socium
759 1671 824 1731 et
872 1667 1150 1731 amicum
1198 1665 1514 1731 iudicabo.

571 1756 683 1821 Ad
734 1757 1021 1820 tuendam
1073 1756 1376 1819 rationem
1409 1756 1669 1836 pudoris
1714 1755 2060 1836 exsequitur
2102 1775 2229 1819 non
2273 1756 2369 1820 de-

440 1865 566 1908 cere
610 1846 909 1926 populum
952 1844 1031 1907 R.
1084 1844 1197 1908 has
1242 1847 1565 1924 potestates
1617 1844 1818 1924 re9ias
1870 1844 2243 1927 nundinari,
2300 1849 2371 1907 ut

444 1934 668 1997 obiecta
700 1935 972 2015 quadam
1001 1933 1243 1997 senatui
1275 1932 1437 2012 facie
1464 1932 1867 2014 turpitudinis
1891 1933 1962 1997 id
1982 1932 2074 1998 vel
2099 1934 2370 1997 maxime

276 2037 330 2077 2⁰
440 2021 794 2100 faciendum
820 2041 941 2086 esse
956 2023 1345 2103 persuadeat,
1378 2023 1539 2102 quod
1569 2021 1651 2085 sit
1685 2040 2018 2102 conyruens
2051 2020 2367 2086 honestati.

492 2109 549 2172 8.
606 2130 751 2172 cum
804 2109 916 2172 ille
971 2131 1082 2172 rex
1136 2109 1222 2172 sit
1275 2108 1682 2192 interfectUS,
1745 2109 1916 2173 hunc
1974 2131 2244 2193 puerum
2300 2110 2366 2173 in

360 2192 547 2278 Syria
591 2195 806 2260 fuisse.

580 2333 594 2346 .
615 2333 629 2348 .
651 2335 664 2348 .
686 2333 700 2347 .
727 2285 904 2349 Haec
928 2291 1258 2350 sumuntur
1283 2286 1356 2350 de
1383 2286 1528 2350 locis
1553 2285 2072 2362 coniecturalibus,
2099 2288 2371 2366 quisunt

435 2373 636 2454 primi
685 2374 954 2438 videlicet
1002 2375 1073 2437 in
1115 2373 1301 2438 huius
1342 2378 1538 2438 status
1590 2374 1911 2455 divisione,
1968 2394 2011 2436 a
2062 2374 2369 2438 voluntate

277 2477 329 2518 25
446 2465 503 2525 et
533 2461 841 2543 facultate,
877 2463 918 2526 i.
955 2483 1003 2526 e.
1040 2456 1167 2526 ἀπὸ
1206 2457 1588 2544 βουλήσεως
1622 2459 1731 2524 καὶ
1771 2457 2131 2544 δυνάμεως.
2195 2462 2368 2526 Nam

443 2551 607 2631 quod
636 2551 943 2632 pueritiae
981 2550 1137 2630 facit
1178 2552 1558 2629 mentionem,
1601 2551 1933 2615 voluntatis
1976 2554 2065 2614 est
2097 2569 2223 2614 non
2255 2571 2366 2632 po-

445 2639 630 2703 tuisse
682 2638 1103 2703 Ptolomaeum
1170 2639 1535 2720 capitalibus
1596 2639 1754 2703 odiis
1815 2639 2131 2722 dissidere,
2191 2659 2368 2720 quem

432 2728 697 2809 puerilis
724 2728 1059 2807 infirmitas
1086 2728 1164 2791 ab
1199 2727 1386 2791 huius
1418 2728 1586 2791 modi
1620 2727 2020 2791 obstinatione
2053 2732 2366 2792 revocaret.

442 2815 790 2879 Facultatis
815 2821 904 2880 est
926 2821 1148 2897 autem,
1183 2816 1346 2896 quod
1368 2816 1462 2879 ait
1485 2816 1556 2878 in
1584 2813 1773 2897 Syria
1803 2816 2015 2897 fuisse,
2050 2821 2123 2879 ut
2153 2817 2368 2880 absens

275 2920 326 2960 ³⁰
443 2905 681 2985 copiam
716 2925 841 2968 non
875 2903 1155 2968 habuerit
1187 2904 1360 2968 illius
1394 2903 1812 2985 interficiendi,
1852 2924 2027 2984 quem
2061 2903 2369 2967 dicebatur

440 2993 824 3056 interemisse.

486 3081 545 3143 9.
592 3080 808 3164 Atque
855 3080 1018 3144 illud
1066 3080 1264 3144 etiam
1309 3083 1605 3144 constare
1647 3079 1850 3161 video,
1897 3101 2116 3163 regem
2161 3079 2368 3165 illum,

354 3189 497 3231 cum
555 3169 847 3253 reginam
903 3190 1188 3233 sororem
1249 3190 1432 3232 suam
1493 3190 1708 3232 caram
1757 3171 2211 3250 acceptamque
2256 3189 2369 3252 po-

353 3257 508 3339 pulo
539 3257 836 3320 manibus
876 3257 1010 3320 suis
1048 3256 1456 3339 trucidasset,
1493 3254 1906 3319 interfectum
1944 3276 2083 3318 esse
2119 3256 2367 3339 impetu

274 3360 325 3400 ³5
354 3344 806 3409 multitudinis,
1079 3394 1086 3400 -

573 3431 879 3515 Gonyestis
903 3433 1077 3497 valde
1093 3431 1674 3514 praeparationibus
1699 3433 1882 3512 fidem
1904 3431 2076 3516 facit,
2110 3437 2184 3497 ut
2210 3432 2369 3498 hanc

440 3522 676 3585 caedem
720 3541 762 3584 a
795 3522 1024 3603 populo
1069 3523 1268 3603 maqis
1311 3520 1742 3585 Alexandrino
1793 3520 2028 3599 factam
2065 3523 2366 3603 probaret,
