2630 3913
203 1985 266 2033 41

202 2673 265 2722 42

311 192 397 256 70
1093 196 1190 249 DE
1228 193 1529 249 OFFICIIS

308 360 495 421 tanta
539 357 639 422 vis
686 361 813 440 est,
857 361 931 422 ut
975 379 1056 421 ne
1092 356 1193 420 illi
1240 355 1527 441 quidem,
1574 357 1685 441 qui
1722 356 2040 422 maleficio
2087 362 2154 423 et
2190 381 2322 424 sce·

309 446 441 510 lere
495 450 867 529 pascuntur,
930 445 1185 530 possint
1250 445 1389 510 sine
1451 446 1588 510 ulla
1651 446 1975 530 particula
2029 446 2320 512 iustitiae

307 534 539 598 vivere.
628 532 801 598 Nam
840 533 949 617 qui
997 556 1219 599 eorum
1255 532 1563 618 cuipiam,
1602 533 1714 617 qui
1757 555 1888 598 una
1933 535 2322 600 latrocinan-

308 626 434 706 tur,
478 621 735 687 furatur
781 622 1026 706 aliquid
1073 626 1187 686 aut
1234 621 1454 707 eripit,
1490 622 1547 686 is
1587 621 1713 686 sibi
1748 643 1832 686 ne
1866 623 1936 686 in
1973 623 2318 688 latrocinio

310 709 569 794 quidem
623 710 932 795 relinquit
985 712 1226 795 locum,
1282 711 1399 775 ille
1455 714 1700 794 autem,
1755 711 1866 795 qui
1922 711 2320 796 archipirata
2373 732 2400 772 a

311 799 563 882 dicitur,
599 799 728 863 nisi
765 799 1194 900 aequabiliter
1229 798 1537 884 praedam
1576 799 1937 884 dispertiat,
1976 803 2090 865 aut
2126 801 2320 865 inter-

308 888 564 952 ficiatur
619 909 659 952 a
720 887 911 952 sociis
977 890 1090 952 aut
1153 888 1585 972 relinquatur3
1657 887 1814 971 quin
1876 887 2075 953 etiam
2140 889 2318 975 leges

308 976 640 1041 latronum
694 997 834 1041 esse
889 977 1204 1059 dicuntur,
1260 976 1494 1060 quibus
1540 980 1840 1061 pareant,
1896 998 2056 1060 quas
2105 977 2320 1041 obser·

308 1068 479 1129 vent.
542 1063 771 1148 Itaque
817 1068 1086 1149 propter
1122 1065 1527 1149 aequabilem
1572 1064 1849 1148 praedae
1894 1065 2318 1149 partitionem

308 1156 374 1217 et
418 1150 722 1217 Bardulis
766 1151 1031 1236 Illyrius
1078 1153 1268 1234 latro,
1315 1153 1392 1217 de
1439 1174 1565 1237 quo
1614 1157 1713 1217 est
1759 1153 1931 1238 apud
1959 1152 2401 1238 Theopom·10

305 1264 489 1326 pum,
536 1262 808 1327 magnas
855 1263 1009 1326 opes
1046 1241 1277 1306 habuit
1324 1245 1390 1305 et
1424 1241 1634 1305 multo
1672 1241 1949 1306 maiores
1977 1240 2317 1307 Viriathus

306 1329 685 1413 Lusitanus3
730 1329 833 1395 cui
880 1329 1136 1414 quidem
1184 1329 1382 1393 etiam
1430 1329 1746 1395 exercitus
1793 1330 2003 1395 nostri
2040 1331 2318 1416 impera-

308 1423 611 1502 toresque
666 1422 1022 1503 cesserunt3
1078 1440 1268 1502 quem
1325 1416 1393 1483 G.
1439 1417 1727 1500 LaeliuS,
1781 1418 1839 1482 is
1887 1420 1998 1503 qui
2045 1416 2316 1504 Sapiens

307 1512 684 1591 usurpatur,
721 1510 983 1591 praetor
1018 1504 1220 1592 fregit
1265 1509 1331 1569 et
1369 1468 1748 1570 comminuit
1781 1505 2316 1592 ferocitatemque

308 1596 444 1660 eius
498 1596 594 1659 ita
647 1595 982 1679 repressit,
1036 1598 1110 1658 ut
1120 1560 1354 1658 osacsse
1408 1594 1654 1659 bellum
1697 1595 1965 1679 reliquis
2009 1596 2315 1661 traderet.
2346 1614 2397 1654 1⁵

307 1682 472 1750 Cum
516 1683 721 1769 igitur
765 1686 955 1747 tanta
993 1682 1094 1747 vis
1139 1682 1430 1746 iustitiae
1478 1683 1582 1767 sit,
1627 1687 1701 1747 ut
1748 1705 1824 1748 ea
1871 1684 2069 1749 etiam
2116 1685 2318 1750 latro-

306 1795 464 1836 num
501 1793 656 1856 opes
691 1772 907 1835 firmet
945 1775 1442 1856 atqueaugeat,
1471 1776 1781 1855 quantam
1811 1772 1947 1837 eius
1974 1773 2108 1837 vim
2145 1773 2318 1837 inter

309 1862 487 1947 leges
536 1865 601 1924 et
645 1859 882 1924 iudicia
929 1864 993 1924 et
1030 1860 1099 1923 in
1145 1859 1502 1924 constituta
1538 1883 1609 1925 re
1646 1860 1908 1944 publica
1951 1860 2091 1925 fore
2128 1865 2316 1946 puta-

307 1949 494 2014 mus?
585 1948 750 2013 Mihi
805 1947 1063 2033 quidem
1117 1971 1250 2013 non
1304 1948 1476 2035 apud
1519 1948 1744 2015 Medos
1800 1950 2040 2033 solum,
2094 1954 2168 2014 ut
2222 1951 2317 2016 ait

304 2038 703 2122 Herodotus,
758 2037 870 2101 sed
916 2038 1113 2102 etiam
1169 2038 1340 2122 apud
1395 2038 1671 2103 maiores
1715 2043 1976 2103 nostros
2021 2002 2312 2104 iustitiae
2341 2058 2393 2096 20

303 2126 611 2191 fruendae
656 2147 853 2191 causa
896 2127 1197 2191 videntur
1243 2126 1399 2190 olim
1445 2126 1610 2191 bene
1656 2127 1893 2192 morati
1940 2148 2127 2213 reges
2165 2149 2314 2193 con-

307 2214 539 2279 stituti.
609 2212 783 2279 Nam
812 2237 957 2279 cum
1002 2219 1404 2299 premeretur
1449 2215 1637 2300 inops
1684 2215 2035 2281 multitudo
2084 2217 2165 2281 ab
2211 2216 2313 2301 iis,

307 2304 419 2387 qui
454 2304 730 2368 maiores
760 2325 914 2388 opes
951 2303 1298 2385 habebant,
1327 2304 1409 2368 ad
1435 2326 1634 2368 unum
1663 2304 1946 2388 aliquem
1983 2304 2314 2406 confugie-

304 2393 464 2456 bant
508 2392 750 2457 virtute
796 2396 1268 2476 praestantem3
1317 2392 1427 2475 qui
1474 2415 1618 2457 cum
1663 2392 2096 2477 prohiberet
2077 2393 2314 2457 iniuria

304 2480 658 2564 tenuiores,
703 2481 1027 2564 aequitate
1072 2480 1524 2545 constituenda
1562 2502 1849 2546 summos
1887 2504 2032 2546 cum
2069 2482 2310 2547 infimis
2341 2498 2393 2539 2⁵

304 2568 445 2653 pari
480 2568 618 2632 iure
655 2569 995 2633 retinebat.
1054 2567 1425 2652 Eademque
1463 2567 2058 2634 constituendarum
2094 2571 2312 2656 legum

302 2656 429 2720 fuit
474 2677 694 2738 causa,
750 2676 914 2739 quae
968 2677 1213 2741 regum.
1302 2655 1414 2719 Ius
1458 2656 1631 2721 enim
1676 2679 1930 2742 semper
1974 2663 2075 2722 est
2121 2681 2314 2742 quae-

306 2745 506 2809 situm
560 2744 927 2828 aequabile3
979 2765 1185 2828 neque
1242 2745 1412 2809 enim
1468 2745 1659 2809 aliter
1710 2751 1881 2810 esset
1925 2746 2046 2811 ius·
2133 2745 2210 2810 Id
2257 2748 2313 2811 si

306 2834 387 2899 ab
433 2854 562 2897 uno
617 2832 790 2897 iusto
846 2834 912 2897 et
966 2832 1137 2897 bono
1191 2832 1334 2897 viro
1380 2835 1958 2919 consequebantur,
2004 2840 2191 2900 erant
2236 2857 2312 2900 eo

304 2920 621 3005 contenti3
693 2943 839 2986 cum
900 2921 967 2985 id
1020 2921 1231 2985 minus
1287 2922 1719 3009 contingeret,
1782 2924 1961 3009 leges
2017 2928 2168 2988 sunt
2221 2925 2314 2987 in-
2341 2941 2395 2981 ³0

303 3014 561 3093 ventae,
618 3031 782 3094 quae
836 3032 982 3075 cum
1029 3010 1328 3074 omnibus
1377 3032 1631 3095 semper
1674 3034 1803 3075 una
1849 3016 2045 3096 atque
2091 3012 2314 3077 eadem

303 3122 459 3164 voce
505 3099 941 3183 loquerentur.
1029 3097 1208 3184 Ergo
1264 3099 1387 3163 hoc
1434 3099 1691 3183 quidem
1737 3101 2150 3185 perspicuum
2195 3105 2314 3184 est,

304 3211 413 3253 eos
461 3188 544 3252 ad
585 3186 1034 3272 imperandum
1082 3186 1280 3271 deligi
1328 3188 1585 3273 solitos,
1624 3210 1896 3272 quorum
1939 3190 2016 3254 de
2061 3190 2316 3254 iustitia

302 3296 545 3360 magna
590 3280 762 3340 esset
817 3275 1035 3359 opinio
1092 3275 1545 3341 multitudinis.
1636 3276 1958 3342 Adiuncto
2005 3301 2188 3363 ver0,
2240 3283 2316 3343 ut

300 3363 471 3426 idem
537 3364 733 3427 etiam
795 3364 1144 3448 prudentes
1208 3364 1633 3448 haberentur,
1696 3365 1861 3430 nihil
1918 3371 2085 3449 erat,
2143 3365 2316 3450 quod
2345 3383 2398 3424 ³⁵

301 3450 598 3514 homines
643 3451 725 3514 iis
773 3451 1143 3516 auctoribus
1189 3473 1324 3515 non
1365 3473 1558 3537 posse
1595 3454 1899 3538 consequi
1937 3475 2006 3519 se
2045 3455 2316 3520 arbitra-

303 3539 546 3601 rentur.
638 3537 825 3603 Omni
873 3539 1079 3622 igitur
1124 3539 1378 3605 ratione
1416 3542 1683 3606 colenda
1729 3547 1794 3607 et
1840 3542 2177 3608 retinenda
2220 3544 2318 3609 iu-
