2630 3913
237 1043 302 1167 ,ἓ

236 2487 303 2536 14

337 195 466 258 136
759 212 762 215 ’
813 192 999 246 CATO
1039 191 1275 245 MAIOR
1310 190 1409 243 DE
1447 190 1873 246 SENECTUTE

334 356 642 441 legimus,
707 376 898 438 quem
943 353 1407 438 philosophum
1462 374 1594 417 non
1638 352 2154 416 contemnimus?
2215 351 2351 419 Nec

227 517 231 529 ,
262 435 271 444 ’
335 465 488 508 vero
535 443 648 507 ille
686 443 755 507 in
791 443 933 506 luce
970 440 1162 506 modo
1202 446 1394 523 atque
1432 441 1501 504 in
1538 441 1742 505 oculis
1782 440 2019 504 civium
2058 461 2352 526 magnus,

338 532 449 596 sed
494 531 669 595 intus
708 529 1008 612 domique
1045 529 1504 612 praestantior.
1568 526 1691 602 Qui
1722 550 1951 612 sermo,
1980 550 2143 611 quae
2172 552 2349 613 prae·

334 624 541 704 cepta,
579 622 825 702 quanta
851 618 1090 682 notitia
1118 616 1551 701 antiquitatiS,
1581 616 1851 681 scientia
1880 617 2039 680 iuris
2068 617 2346 701 augurii!

332 707 581 772 Multae
628 706 845 789 etiam,
892 710 965 769 ut
1010 706 1079 769 in
1124 705 1385 770 homine
1430 705 1747 787 RomanO,
1794 705 2081 787 litterae3
2133 706 2348 770 omnia
2375 723 2403 763 s

337 794 648 859 memoria
692 794 958 858 tenebat
1002 814 1133 858 non
1180 793 1536 858 domestica
1582 794 1813 875 solum,
1860 793 1973 857 sed
2015 793 2211 857 etiam
2249 814 2349 856 ex-

337 888 524 947 terna
570 883 763 946 bella.
855 880 1050 946 Cuius
1098 903 1392 945 sermone
1443 882 1539 945 ita
1594 885 1733 945 tum
1789 882 2015 965 cupide
2069 881 2349 963 fruebar,

339 972 525 1055 quasi
553 970 684 1035 iam
715 969 1090 1053 divinarem,
1135 969 1200 1033 id
1228 969 1401 1053 quod
1446 970 1677 1051 evenit,
1714 969 1831 1033 illo
1872 970 2154 1033 extincto
2191 968 2350 1049 fore,

338 1059 506 1124 unde
562 1058 897 1140 discerem,
958 1058 1298 1122 neminem.
1389 1055 1711 1133 Quorsum
1755 1057 1957 1141 igitur
2011 1058 2168 1122 haec
2213 1061 2351 1121 tam

339 1148 548 1212 multa
595 1147 671 1211 de
725 1146 1053 1210 Maximo?
1118 1144 1284 1220 Quia
1338 1145 1628 1229 profecto
1683 1145 1916 1210 videtis
1970 1145 2154 1209 nefas
2209 1166 2349 1209 esse
2380 1166 2433 1204 ιο

341 1236 515 1300 dictu
575 1234 879 1299 miseram
933 1233 1133 1298 fuisse
1188 1234 1389 1298 talem
1438 1237 1849 1299 senectutem.
1939 1232 2075 1297 Nec
2131 1237 2351 1298 tamen

340 1345 562 1389 omnes
607 1327 883 1408 possunt
928 1343 1067 1386 esse
1114 1320 1446 1406 Scipiones
1494 1325 1607 1385 aut
1650 1321 1936 1403 Maximi,
1981 1325 2056 1386 ut
2091 1322 2350 1386 urbium

340 1411 870 1497 expugnationes,
907 1416 979 1474 ut
1014 1411 1342 1495 pedestres
1378 1410 1723 1474 navalesve
1760 1431 2033 1494 pugnaS,
2069 1414 2144 1474 ut
2174 1410 2351 1473 bella

339 1524 380 1565 a
409 1522 476 1563 se
506 1503 709 1584 gesta,
745 1502 819 1562 ut
855 1497 1220 1582 triumphos
1254 1498 1685 1562 recordentur.
1748 1497 1872 1561 Est
1910 1498 2108 1561 etiam
2137 1498 2350 1581 quiete

340 1593 406 1652 et
450 1609 610 1672 pure
657 1591 850 1670 atque
897 1587 1229 1670 eleganter
1275 1589 1458 1650 actae
1505 1585 1741 1650 aetatis
1777 1586 2035 1670 placida
2072 1607 2146 1651 ac
2183 1586 2347 1650 lenis
2381 1605 2431 1646 ιε

340 1681 654 1758 senectus,
703 1674 961 1757 qualem
999 1674 1361 1758 accepimus
1406 1672 1722 1756 PlatoniS,
1768 1674 1879 1756 qui
1915 1696 2043 1737 uno
2074 1679 2139 1738 et
2177 1677 2349 1738 octo-

341 1764 589 1849 gesimo
637 1783 806 1826 anno
855 1763 1139 1827 scribens
1195 1765 1296 1825 est
1342 1766 1664 1845 mortuuS,
1720 1762 1979 1845 qualem
2022 1760 2350 1844 Isocratis,

340 1852 453 1936 qui
482 1873 628 1915 eum
655 1850 910 1930 librum,
931 1850 1041 1933 qui
1058 1849 1575 1914 Panathenaicus
1594 1849 1989 1933 inscribitur,
2028 1853 2260 1933 quarto
2282 1854 2349 1913 et

337 1938 762 2026 nonagesimo
800 1961 968 2003 anno
1009 1938 1344 2022 scripsisse
1382 1960 1451 2003 se
1489 1938 1644 2003 dicit
1679 1938 1968 2022 vixitque
1998 1939 2349 2023 quinquen-

339 2030 519 2094 nium
546 2031 802 2113 postea3
838 2026 1017 2092 cuius
1047 2027 1362 2112 magister
1388 2027 1741 2092 Leontinus
1772 2026 2051 2112 Gorgias
2089 2031 2348 2093 centum
2378 2048 2433 2086 20

342 2124 406 2182 et
472 2121 722 2201 septem
783 2116 1132 2200 complevit
1195 2137 1398 2180 annos
1462 2137 1670 2199 neque
1732 2138 2041 2198 umquam
2094 2116 2164 2179 in
2232 2138 2347 2179 suo

342 2206 554 2270 studio
602 2209 796 2288 atque
843 2226 1034 2290 opere
1082 2205 1375 2269 cessavit.
1457 2203 1598 2288 Qui,
1644 2225 1789 2268 cum
1837 2226 1912 2266 ex
1960 2226 2035 2268 eo
2083 2225 2349 2288 quaerc-

340 2297 536 2377 retur,
581 2316 693 2358 cur
728 2296 867 2358 tam
904 2292 1012 2357 diu
1048 2293 1246 2358 vellet
1283 2314 1423 2357 esse
1459 2292 1528 2356 in
1564 2292 1730 2357 vita:
1780 2291 2021 2355 ‘Nihil
2059 2291 2348 2374 habeo',
2457 2288 2461 2293 ’

340 2383 577 2466 inquit,
643 2381 860 2465 ‘quod
918 2402 1264 2446 accusem
1329 2377 1843 2444 senectutem?
1933 2379 2347 2445 Praeclarum

339 2492 718 2556 responsum
766 2474 832 2534 et
877 2469 1066 2534 docto
1113 2469 1374 2534 homine
1420 2468 1704 2553 dignum.
1791 2465 1921 2532 Sua
1967 2469 2138 2532 enim
2187 2469 2349 2533 vitia
2378 2487 2431 2529 2⁵

338 2559 716 2643 insipientes
766 2561 831 2620 et
867 2579 1051 2621 suam
1099 2558 1355 2641 culpam
1401 2556 1470 2619 in
1530 2558 1924 2621 senectutem
1981 2556 2349 2640 conferunt3

340 2646 512 2730 quod
574 2668 704 2709 non
766 2645 1044 2709 faciebat
1107 2645 1190 2727 is,
1254 2645 1432 2709 cuius
1500 2643 1689 2709 modo
1754 2644 2148 2710 mentionem
2206 2645 2348 2728 feci,

338 2733 616 2799 Ennius:

429 2819 643 2886 Sicut
678 2819 914 2885 fortis
953 2842 1214 2903 equus,
1263 2821 1520 2904 spatio
1559 2821 1689 2904 qui
1728 2843 1952 2904 saepe
1991 2843 2345 2905 supremo

427 2908 641 2974 Vicit
669 2907 1048 2993 Olympia,
1084 2928 1277 2973 nunc
1318 2908 1531 2972 senio
1570 2909 1965 2973 confectus
1997 2909 2345 2992 quiescit.
2375 2928 2428 2968 ³0

338 2998 511 3083 Equi
547 2996 737 3062 fortis
780 3000 845 3060 et
871 2996 1137 3061 victoris
1175 2996 1491 3063 senectuti
1523 3001 1857 3081 comparat
1886 3018 2087 3061 suam.
2143 2995 2347 3072 Quem

342 3086 600 3171 quidem
645 3086 846 3170 probe
893 3084 1260 3149 meminisse
1306 3085 1611 3169 potestis3
1658 3106 1825 3149 anno
1873 3085 2045 3149 enim
2090 3085 2347 3149 undevi-

341 3176 623 3241 censimo
670 3177 822 3256 post
867 3172 1003 3236 eius
1050 3178 1326 3238 mortem
1375 3173 1445 3237 hi
1483 3174 1809 3256 consuleS,
1847 3172 1918 3238 T.
1944 3172 2347 3238 Flamininus

341 3269 408 3327 et
451 3262 555 3327 Μ’.
593 3261 860 3345 Acilius,
905 3260 1064 3326 facti
1110 3266 1279 3343 sunt,
1325 3261 1437 3325 ille
1485 3265 1701 3325 autem
1747 3259 2069 3346 Caepione
2108 3265 2173 3326 et
2199 3261 2348 3325 Phi·

338 3352 521 3434 lippo
558 3349 794 3413 iterum
826 3349 1198 3414 consulibus
1235 3353 1530 3414 mortuus
1570 3354 1687 3434 est,
1724 3371 1869 3415 cum
1908 3371 2029 3435 ego
2068 3349 2347 3433 quinque
2378 3368 2429 3410 ss

341 3440 407 3500 et
446 3437 784 3521 sexaginta
820 3459 1022 3502 annos
1058 3442 1252 3502 natus
1281 3438 1496 3522 legem
1522 3435 1876 3503 Voconiam
1916 3459 2155 3523 magna
2190 3459 2347 3503 voce

340 3530 407 3587 et
425 3524 613 3587 bonis
643 3525 955 3589 lateribus
976 3525 1167 3590 suasi.
1205 3523 1330 3590 Sed
1352 3547 1552 3591 annos
1575 3526 1989 3612 septuaginta
2004 3530 2199 3590 natus
2218 3523 2349 3604 (tot
