2630 3913
349 191 480 257 392
1133 187 1582 243 FRAGMENTA

348 352 424 418 Si
466 352 661 417 subito
704 353 980 433 veniunt,
1023 351 1338 432 densisque
1370 370 1487 431 per
1530 355 1681 414 ae‘ra
1726 352 1948 417 turmis

349 441 623 505 Imm-itis
663 440 921 521 festinat
961 438 1197 521 hyems‚·
1242 439 1300 503 si
1346 439 1586 503 tardius
1629 439 1777 504 illae

348 530 617 612 Aqmine
658 548 785 592 non
826 548 975 604 uno,
1020 547 1147 591 non
1187 546 1314 590 uno
1361 531 1619 608 tempore
1662 528 1939 604 tendunt,

351 618 541 682 Lenis
584 616 790 699 hyems
831 635 1034 681 serum
1077 615 1321 679 veniens
1363 619 1503 679 sata
1545 635 1685 680 sera
1727 617 1977 680 iuvabit.

350 705 426 771 Si
464 706 719 789 qravido
761 709 1058 768 autumno
1091 703 1375 784 pecudes,
1419 707 1477 767 et
1519 702 1736 768 bucera
1777 705 2004 782 saecla,

351 794 683 873 Effodiant
711 792 968 874 pedibus
1005 792 1235 875 ylebas,
1280 791 1622 872 obnixaque
1663 797 1836 857 vento

352 881 701 948 Sustentent
742 881 973 963 capita,
1017 880 1336 944 horrendis
1375 879 1717 959 furibunda
1748 879 2033 962 procellis

352 969 574 1053 Surqet
613 969 843 1052 hyems,
887 973 1125 1034 nostros
1165 968 1361 1049 fuyiet
1400 987 1540 1032 cum
1585 969 1791 1032 lucida
1833 970 2003 1034 visus

353 1059 589 1138 Pleias,
633 1063 690 1122 et
731 1058 979 1122 miseros
1022 1056 1262 1121 vexabit
1303 1056 1524 1119 bruma
1567 1057 1831 1134 colonos,

354 1147 501 1211 Non
547 1151 782 1211 tenerae
813 1147 1095 1228 plantae,
1127 1145 1300 1245 flavo
1343 1163 1470 1209 non
1512 1145 1686 1209 utilis
1729 1164 1894 1210 arvo.

356 1236 523 1317 Quin
556 1236 766 1317 potius
812 1235 950 1299 totis
993 1234 1190 1298 iaceat
1229 1233 1343 1296 nix
1374 1232 1660 1313 plurima
1704 1234 1910 1314 terris,

356 1322 511 1390 Oum
553 1324 825 1388 nondum
863 1323 1153 1404 qrandeis
1197 1319 1434 1386 culmus
1477 1321 1765 1386 distinxit
1804 1322 2060 1403 aristas,

367 1413 447 1478 Ut
490 1412 614 1477 beet
654 1411 989 1493 aqricolam
1032 1410 1221 1474 multo
1265 1428 1403 1473 cum
1444 1409 1690 1489 foenore
1733 1409 1922 1474 tellus.

355 1501 572 1565 Nolim
614 1501 885 1581 equidem
923 1499 1180 1581 qemini,
1212 1498 1517 1580 pluresve,
1560 1517 1791 1562 unusve
1833 1501 2078 1562 cometes

353 1588 840 1668 Flammiferum
884 1588 1113 1652 ducant
1151 1587 1417 1667 spatioso
1463 1585 1658 1650 limite
1700 1586 1957 1669 crinem,

355 1677 454 1742 Ne
495 1677 670 1742 sitiat
711 1679 830 1740 toto
875 1675 1050 1740 tellus
1092 1675 1253 1738 male
1291 1674 1521 1754 fertilis
1561 1693 1761 1738 anno:

355 1765 483 1830 Nec
526 1765 635 1846 qui
676 1764 1029 1828 continuam
1063 1762 1408 1844 proscindit
1447 1781 1680 1827 vomere
1725 1766 1976 1841 terram,

354 1852 428 1919 Si
468 1853 627 1932 forte
669 1853 905 1915 emittat
945 1851 1211 1914 volucres
1252 1850 1616 1930 circumflua
1658 1851 1885 1915 multas

354 1940 605 2020 Insula,
650 1939 933 2005 laetetur:
980 1939 1190 2003 timeat
1232 1939 1464 2021 maqis:
1510 1939 1705 2004 obsita
1746 1939 1935 2004 multo

356 2030 453 2094 Ne
495 2028 800 2111 squallore
843 2047 1004 2110 seqes
1048 2029 1226 2093 vanis
1269 2028 1476 2092 eludat
1517 2028 1726 2093 avenis

354 2116 504 2199 Spes
550 2117 819 2182 tumidas
861 2117 1129 2182 domini:
1173 2118 1279 2181 sed
1319 2116 1425 2180 ubi
1468 2116 1839 2197 conspexerit
1881 2114 2028 2181 illas

357 2205 642 2271 Gaudeat
681 2205 902 2288 upilio,
947 2206 1243 2287 siquidem
1288 2208 1432 2269 tunc
1476 2204 1627 2269 lacte
1669 2205 1890 2269 recenti

355 2294 709 2377 Implebunt
747 2295 1008 2359 multum
1050 2295 1261 2358 niveae
1303 2293 1658 2357 mulctralia
1700 2312 1928 2357 vaccae.

355 2382 462 2448 Sic
504 2382 982 2465 (miserandum)
1026 2382 1185 2447 alios
1227 2381 1449 2446 alien-is
1491 2381 1686 2446 vivere
1729 2381 1974 2445 damnis

357 2472 491 2537 Nos
534 2472 770 2537 voluere
812 2470 955 2547 Dii,
1001 2475 1059 2535 et
1097 2489 1332 2551 semper
1374 2469 1689 2533 contraria
1730 2474 1870 2533 vota

354 2560 668 2641 Fundere,
711 2563 770 2624 et
809 2559 1044 2641 exiquis
1086 2577 1282 2622 vanas
1325 2577 1459 2639 spes
1491 2577 1741 2638 pascere
1782 2558 1991 2639 siqnis.

455 2646 758 2713 Venturas
799 2647 1035 2729 hyemes
1066 2646 1304 2725 pecoris
1348 2645 1608 2710 didicere
1649 2646 1933 2727 maqistri

356 2734 511 2801 Cum
555 2735 789 2817 depulsi
832 2735 1036 2799 ovium
1067 2738 1409 2816 properant
1447 2735 1534 2798 ad
1561 2734 1801 2815 pabula
1839 2733 2060 2813 foetus,

355 2824 765 2907 Laniqerique
806 2824 983 2889 duces
1015 2823 1253 2904 pecoris
1296 2842 1435 2886 cum
1474 2821 1737 2902 fortibus
1779 2822 1984 2905 aqnis,

356 2912 581 2978 Innioei
617 2912 860 2995 qemino
905 2912 1126 2976 ludunt
1162 2931 1273 2992 per
1317 2911 1579 2993 compita
1621 2930 1834 2994 cornu,

355 3001 765 3083 Hirsutosque
798 3001 980 3082 pedes
1022 3000 1213 3064 multo
1257 3018 1396 3063 cum
1428 2999 1679 3080 pulvere
1721 3000 1984 3081 iactant,

357 3087 674 3171 Corniqeri
716 3089 890 3153 binos
932 3090 1228 3169 ductores,
1273 3092 1562 3168 quattuor
1605 3089 1787 3169 aqni:

354 3177 492 3241 Aut
531 3176 639 3241 ubi
681 3177 811 3241 iam
854 3196 986 3241 sero
1018 3177 1320 3258 processit
1370 3175 1588 3257 Vesper
1636 3174 1890 3258 Olympo

355 3265 553 3329 Inviti
594 3265 901 3330 stabulum
944 3269 1243 3346 repetunt,
1287 3268 1467 3345 atque
1511 3263 1686 3328 obvia
1728 3266 1992 3345 carpunt

358 3351 697 3434 Gramina,
740 3373 848 3417 nec
890 3353 1105 3418 missos
1148 3356 1373 3417 curant
1415 3353 1484 3416 in
1530 3356 1698 3434 terqa
1743 3352 2002 3433 lapillos.

355 3437 547 3518 Saepe
590 3440 775 3503 etiam
819 3441 1149 3505 instantem
1191 3440 1481 3504 minitari
1521 3441 1665 3504 dira
1696 3440 2031 3521 procellam

354 3522 685 3589 Ruricolae
726 3528 975 3592 docuere
1017 3528 1211 3605 boves,
1255 3548 1393 3592 cum
1440 3528 1664 3610 linqere
1708 3532 1945 3592 tentant

2255 455 2367 504 350

2257 894 2366 942 355

2259 1336 2367 1385 360

2262 1776 2369 1825 365

2261 2218 2369 2267 370

2260 2659 2369 2708 3⁵15

2262 3100 2370 3149 380

2261 3540 2368 3589 385
