2630 3913
658 194 1085 250 POEMATUM.
1124 195 1191 251 H.
1230 195 1306 248 lV
1345 212 1379 248 a
1414 214 1467 252 v.
1509 196 1718 250 761-—b
1756 215 1806 250 v.
1848 203 1931 251 64.
2177 199 2305 262 383

291 358 459 437 Quae
504 357 616 421 tibi
658 358 749 422 vel
791 357 1014 438 fluetus
1056 359 1149 423 vel
1192 358 1356 421 venti
1397 357 1664 437 flamina
1709 363 2059 424 monstrent.

285 447 409 511 Est
452 446 624 509 labor
667 444 765 509 hie
797 465 1070 525 parvus:
1114 466 1241 508 non
1282 447 1565 525 praemia
1595 466 1802 525 parva
1847 446 2068 530 labori,

289 534 695 614 Grandiaque
738 533 1023 597 assiduas
1069 534 1355 597 eduleant
1391 535 1630 615 gaudia
1674 554 1872 599 ouras.
2235 551 2305 600 30

286 622 431 702 Ipse
473 623 693 686 etenim
736 641 861 685 sese
902 627 1105 685 servat
1145 621 1287 698 sibi,
1332 626 1535 685 servat
1576 627 1634 685 et
1677 623 1881 699 illum,

290 711 482 789 Quem
526 714 728 774 monet
768 709 1166 792 horrendum,
1210 710 1483 791 sapiens,
1526 710 1723 774 vitare
1754 712 2084 794 periclum,

288 798 481 879 Saepe
524 798 672 862 adeo
716 817 933 861 navem
965 798 1185 879 pelayo
1230 797 1342 861 sub
1385 802 1554 861 noete
1594 818 1872 862 serenam

288 886 609 963 Subduoit‚
654 890 923 950 metuens
964 890 1286 950 venturam
1329 906 1511 949 mane
1543 887 1894 968 procellam.

294 975 507 1038 Tertia
548 993 715 1037 nune
757 974 962 1056 illam⁷
1006 994 1171 1037 nuno
1213 979 1439 1054 quarta
1483 994 1716 1038 aurora
1759 975 2011 1039 videbit:
2236 991 2304 1038 35

290 1063 479 1126 Nune
519 1061 723 1126 subita
765 1062 1044 1126 incautos
1086 1063 1283 1125 veniet
1323 1082 1520 1143 super.
1592 1064 1803 1126 omnia
1844 1065 2118 1127 nondum

290 1149 533 1232 Iupiter
575 1148 916 1213 humanum
960 1150 1164 1213 docuit
1198 1169 1424 1231 ymnus:
1471 1151 1683 1214 abdita
1725 1152 1915 1216 caeeis

288 1238 505 1303 Multa
549 1237 741 1301 latent
782 1237 1069 1301 tenebris:
1114 1257 1294 1318 quae,
1340 1258 1477 1300 oum
1520 1239 1697 1320 volet,
1743 1239 1871 1318 ipse
1913 1239 2140 1302 docebit

289 1326 677 1407 Altitonans‚
720 1326 830 1406 qui
870 1345 984 1388 nos
1015 1326 1364 1406 praeclaris
1407 1327 1675 1406 undique
1716 1328 1910 1407 sionis

290 1415 594 1496 Adiuvat,
639 1418 695 1476 et
737 1413 920 1478 sortis
966 1414 1160 1476 tradit
1200 1414 1576 1477 monimenta
1616 1414 1884 1492 futurae.
2237 1431 2305 1480 40

289 1501 506 1566 Multa
548 1506 750 1565 monet
788 1501 979 1579 facies
1024 1505 1138 1564 aut
1179 1502 1510 1565 dimidiata
1553 1501 1830 1578 Dianae,

289 1591 428 1654 Aut
466 1595 727 1669 utraque
769 1609 1024 1670 amen-3,
1068 1594 1181 1652 aut
1222 1593 1398 1652 aucto
1446 1589 1677 1653 lumine
1717 1589 1974 1671 fulyens.

295 1678 506 1742 Multa
550 1679 742 1746 etiam,
779 1678 922 1741 an
964 1696 1217 1758 suryens
1259 1675 1370 1741 Sol
1411 1697 1635 1742 aureus
1680 1698 1815 1753 ora,

295 1765 692 1830 Oooiduamve
728 1770 968 1845 petens:
1014 1770 1071 1828 et
1111 1770 1258 1829 sunt
1300 1766 1486 1828 etiam
1530 1765 1728 1829 altera
1769 1767 1950 1847 siyna

291 1854 615 1936 Plurima,
659 1873 815 1933 quae
857 1857 1061 1934 noctu,
1106 1853 1199 1916 vel
1240 1853 1417 1916 clara
1461 1854 1590 1917 luoe
1632 1855 1928 1918 videntur.
2239 1870 2306 1916 45

296 1940 558 2006 Observa
588 1941 873 2022 primum
916 1941 1149 2005 nitidae
1192 1942 1311 2005 duo
1357 1962 1589 2005 cornua
1633 1942 1875 2019 Lunae,

292 2030 489 2093 Illam
533 2030 697 2094 alias
740 2030 865 2093 alio
911 2030 1182 2111 depingit
1225 2030 1457 2092 lumine
1513 2030 1757 2113 Vesper,

292 2119 383 2182 Et
424 2118 666 2182 diversa
710 2119 869 2182 redit
909 2118 1188 2180 variatae
1226 2118 1436 2195 forma
1478 2116 1757 2194 Dianae,

293 2205 449 2270 Oum
482 2207 694 2286 primo
740 2206 972 2286 oresoit,
1015 2225 1153 2268 oum
1197 2209 1447 2284 quarta,
1493 2209 1551 2267 et
1593 2206 1775 2268 tertia
1814 2205 2020 2286 fedyet.

296 2294 471 2357 Haeo
513 2295 698 2357 etiam
740 2294 1071 2357 instantem
1105 2294 1333 2372 poterit
1377 2292 1486 2355 tibi
1528 2293 1740 2356 ducere
1783 2312 2061 2356 mensem.
2239 2308 2306 2357 50

297 2382 507 2445 Tertia
549 2401 701 2445 nam
748 2382 940 2463 tenui,
983 2382 1088 2446 sed
1117 2400 1282 2461 puro
1327 2381 1522 2443 sidere
1562 2380 1805 2461 fulqens

293 2468 470 2534 Suda
512 2471 660 2533 erit:
706 2473 775 2531 at
815 2489 962 2532 raro
995 2469 1263 2548 paulum
1296 2467 1559 2548 perfusa
1601 2468 1819 2531 rubore

305 2558 566 2622 Ventosa
608 2562 723 2621 est.-
765 2557 937 2620 nullo
981 2557 1039 2620 si
1083 2576 1315 2620 cornua
1360 2557 1642 2619 acumine
1684 2560 1966 2638 surgant,

297 2645 649 2725 Quartaque
692 2664 848 2725 quae
889 2646 1161 2724 sequitur
1205 2664 1410 2708 orasso
1451 2644 1570 2722 faa:
1616 2644 1903 2726 langueat
1945 2645 2103 2725 igni,

292 2734 431 2798 Aut
472 2734 732 2815 Austro,
775 2737 888 2796 aut
918 2733 1171 2813 pluviae
1201 2734 1487 2813 properis
1532 2733 1886 2797 obtunditur
1927 2733 2130 2796 undis.
2240 2747 2305 2794 55

297 2822 475 2901 Quod
512 2822 571 2885 si
614 2840 723 2884 neo
764 2825 982 2884 nutent
1020 2821 1324 2883 nascentis
1367 2840 1598 2883 cornua
1643 2820 1885 2902 Danae,

298 2910 510 2972 Tertia
552 2928 659 2972 neo
700 2909 897 2972 iaeeat
935 2908 1229 2988 resupina
1263 2927 1380 2988 per
1421 2907 1666 2970 aethera
1710 2907 1971 2989 Phoebe,

296 2996 547 3062 Cornua
590 2997 696 3060 sed
736 3001 889 3059 reete
924 3016 1038 3077 per
1081 2996 1314 3059 eaelum
1349 3015 1558 3077 prona
1599 2995 1911 3077 ferantur,

293 3084 452 3149 Cras
500 3084 903 3148 thessiaeis
946 3083 1263 3164 Zephyrus
1305 3084 1571 3165 spirabit
1612 3082 1689 3145 ab
1734 3084 1877 3146 oris,

291 3172 387 3237 At
427 3192 567 3237 oum
611 3176 777 3235 recta
819 3173 1004 3235 etiam
1048 3175 1273 3252 quarta
1315 3172 1427 3235 sub
1473 3172 1600 3235 luce
1641 3171 1898 3251 renidet,
2243 3186 2307 3233 (30

292 3260 617 3325 Golloetam
660 3264 884 3324 metues
917 3259 1201 3340 pluviam
1214 3308 1229 3336 ,
1277 3264 1420 3323 tune
1463 3259 1674 3323 omnia
1716 3258 1921 3321 nimbo

296 3349 551 3413 Fervere
595 3348 842 3412 deciduo
887 3367 1105 3412 cernes.
1176 3367 1367 3411 cornu
1412 3347 1602 3411 altius
1645 3351 1783 3427 apte

289 3436 634 3518 Inflexum,
680 3434 987 3512 Boream;
1033 3436 1389 3515 resupinum
1427 3435 1708 3515 parturit
1749 3434 2031 3502 Austros,

292 3524 416 3590 Sed
457 3525 516 3589 si
548 3528 696 3605 post
738 3524 1013 3588 triduum
1057 3524 1309 3587 Lunam
1354 3521 1536 3586 ruber
1580 3522 1815 3586 ambiat
1858 3522 2045 3598 orbis,
