2630 3913
343 201 422 264 37
430 202 470 263 6
1119 196 1566 252 FRAGMENTA

339 362 429 427 Et
474 383 716 445 paucae
763 382 797 424 e
845 356 1063 423 Chelis
1112 359 1370 439 stellae,
1418 358 1610 421 simul
1658 358 2161 442 Anguitenentis

342 448 506 513 Sunt
554 470 765 534 genua
810 450 876 511 et
923 446 1158 510 summi
1203 445 1379 509 Iovis
1418 445 1576 509 Ales
1623 446 1891 509 nuntius
1941 447 2164 528 instat,
2264 464 2378 512 540

191 547 317 604 295
343 538 620 622 Propter
666 537 892 619 Equus
938 533 1149 616 capite
1197 537 1263 597 et
1309 534 1628 598 cervicum
1676 533 1917 598 lumine
1962 536 2196 618 tangit.

430 624 643 691 Hosce
692 644 893 706 aequo
943 621 1157 705 spatio
1206 621 1537 686 devinctos
1587 622 1865 686 sustinet
1912 623 2048 686 axis

342 714 466 777 Per
512 712 757 778 medios
806 732 1057 775 summo
1106 709 1270 773 caeli
1317 709 1394 773 de
1440 710 1680 774 vertice
1728 714 2010 774 tranans,

341 800 464 865 Ille
511 804 726 865 autem
775 799 951 863 claro
1001 802 1270 881 quartus
1317 820 1463 862 cum
1510 798 1751 861 lumine
1800 798 2003 863 circus

343 888 646 953 Partibus
695 886 1000 951 extremis
1049 890 1370 949 extremos
1417 885 1706 951 continet
1752 886 1941 949 orbes
2258 905 2376 952 545

194 987 323 1044 300
343 977 433 1041 Et
478 977 670 1041 simul
719 999 757 1039 a
801 976 1012 1039 medio
1062 974 1272 1038 media
1318 974 1394 1037 de
1441 979 1627 1056 parte
1673 978 1926 1038 secatur

343 1065 562 1149 Atque
610 1064 911 1146 obliquus
958 1064 1027 1125 in
1071 1063 1174 1125 his
1220 1062 1436 1125 nitens
1485 1085 1629 1126 cum
1677 1062 1917 1125 lumine
1963 1063 2198 1144 fertur,

341 1153 436 1219 Ut
480 1175 669 1217 nemo
682 1203 698 1235 ,
745 1152 847 1217 cui
894 1156 1119 1215 sancta
1166 1172 1361 1219 manu
1409 1150 1786 1214 doctissima
1831 1150 2051 1214 Pallas

342 1239 690 1306 Sollertem
735 1240 881 1323 ipsa
926 1238 1100 1302 dedit
1145 1238 1430 1302 fabricae
1476 1238 1838 1302 rationibus
1887 1244 2121 1321 artem,

344 1329 507 1394 Tam
553 1334 815 1393 tornare
862 1331 1004 1391 cate
1051 1330 1384 1391 contortos
1430 1327 1680 1410 possiet
1727 1327 1944 1410 orbeS,
2259 1345 2377 1394 550

195 1426 321 1485 305
347 1415 554 1492 Quam
602 1420 752 1480 sunt
798 1416 866 1478 in
912 1415 1088 1479 caelo
1136 1414 1351 1478 divino
1399 1414 1661 1477 numine
1707 1414 1856 1476 flexi

347 1505 615 1569 Terram
662 1504 994 1588 cingentes
1005 1553 1021 1585 ‚
1070 1505 1374 1566 ornantes
1420 1502 1662 1565 lumine
1709 1502 2045 1586 mundum,

346 1593 640 1658 Culmine
688 1596 1058 1656 transverso
1106 1591 1457 1654 retinentes
1505 1589 1716 1653 sidera
1748 1589 1934 1654 fulta.

345 1680 669 1756 Quattuor
712 1679 783 1743 hi
828 1684 1010 1742 motu
1056 1679 1268 1742 cuncti
1313 1678 1665 1742 volvuntur
1711 1678 1951 1742 eodem.

345 1766 470 1833 Sed
516 1772 772 1832 tantum
820 1789 1052 1849 supera
1098 1771 1305 1828 terras
1355 1788 1606 1849 semper
1653 1770 1830 1830 tenet
1875 1767 1986 1830 ille
2260 1787 2373 1836 555

196 1865 325 1923 310
349 1855 781 1934 Curriculum,
829 1854 1089 1936 oblique
1136 1853 1430 1936 inplexus
1478 1854 1688 1918 tribus
1737 1855 2000 1919 orbibus
2046 1879 2243 1941 unuS‚

347 1943 602 2019 Quanto
652 1946 750 2006 est
798 1941 1041 2005 divisus
1089 1939 1333 2006 Cancer
1381 1942 1592 2026 spatio
1642 1966 1680 2006 a
1728 1941 2145 2028 Capricorn03

344 2032 438 2097 At
484 2032 708 2095 subter
753 2035 961 2095 terras
1010 2031 1293 2114 spatium
1340 2054 1459 2115 par
1507 2052 1645 2094 esse
1690 2053 1950 2096 necesse
1998 2037 2122 2116 est3

344 2121 433 2185 Et
480 2122 758 2203 quantos
804 2118 1020 2185 radios
1065 2119 1335 2183 iacimus
1384 2118 1460 2181 de
1508 2118 1750 2183 lumine
1796 2124 2021 2185 nostro
2032 2171 2048 2203 ‚

347 2209 504 2284 Quis
549 2207 722 2272 hunc
767 2229 1119 2273 convexum
1166 2207 1329 2272 caeli
1373 2207 1810 2292 contingimus
1859 2210 2106 2293 orbem,
2259 2229 2376 2279 560

199 2305 326 2362 315
350 2296 471 2361 Sex
519 2300 742 2361 tantae
787 2299 1093 2380 poterunt
1141 2296 1259 2359 sub
1299 2317 1445 2358 eum
1492 2295 1828 2359 succedere
1873 2301 2091 2380 partes

347 2386 515 2449 Bina
558 2385 703 2469 pari
749 2383 961 2469 spatio
1010 2383 1315 2448 caelestia
1363 2383 1550 2468 signa
1597 2387 1906 2448 tenentes,

348 2473 695 2538 Zodiacum
741 2472 911 2536 hunc
957 2470 1186 2535 Graeci
1232 2472 1521 2536 vocitant
1566 2472 1900 2555 nostrique
1948 2472 2164 2537 Latini

349 2560 589 2626 Orbem
636 2561 1018 2643 signiferum
1061 2560 1494 2643 perhibebunt
1538 2560 1799 2623 nomine
1844 2583 2023 2643 ver03

346 2649 521 2714 Nam
567 2648 738 2733 gerit
783 2647 889 2711 hic
932 2646 1198 2711 volvens
1244 2647 1346 2711 bis
1395 2670 1503 2711 sex
1553 2648 1847 2712 ardentia
1892 2648 2095 2735 signa.
2261 2669 2373 2720 565

200 2745 329 2802 320
349 2735 637 2801 Aestifer
683 2738 783 2799 est
826 2734 1113 2819 pandens
1158 2735 1478 2800 ferventia
1524 2735 1734 2800 sidera
1782 2734 2040 2801 Cancer.

348 2825 538 2889 Hunc
585 2824 809 2887 subter
852 2823 1112 2908 fulgens
1160 2825 1329 2888 cedit
1373 2824 1471 2887 vis
1519 2827 1708 2889 torva
1752 2823 2013 2906 Leonis,

348 2911 550 2988 Quem
596 2911 797 2976 rutilo
845 2911 1135 2995 sequitur
1178 2913 1518 2976 conlucens
1566 2933 1832 2996 corpore
1879 2912 2102 2999 Virgo,

346 3001 518 3065 Exin
562 3000 886 3085 proiectae
933 3001 1106 3063 claro
1154 3023 1299 3064 cum
1345 3000 1586 3064 lumine
1635 2998 1900 3083 Chelae,

347 3088 626 3173 Ipsaque
673 3090 1087 3170 consequitur
1133 3088 1351 3152 lucens
1398 3089 1496 3152 vis
1545 3110 1784 3174 magna
1830 3089 2057 3175 Nepai.
2266 3114 2378 3164 570

199 3186 324 3243 325
349 3177 505 3241 Inde
553 3173 1026 3259 Sagittipotens
1074 3176 1299 3240 dextra
1344 3177 1578 3241 flexum
1626 3181 1805 3241 tenet
1849 3200 2096 3262 arcum3

348 3265 509 3329 Post
554 3263 725 3328 hunc
772 3285 881 3327 ore
925 3263 1065 3327 fero
1115 3262 1545 3348 Capricornus
1592 3265 1824 3329 vadere
1871 3268 2114 3352 pergit3

346 3350 622 3414 Umidus
667 3351 815 3414 inde
861 3351 988 3414 loci
1034 3352 1329 3416 conlucet
1375 3353 1702 3435 Aquarius
1749 3354 1921 3419 orbe.

349 3436 520 3498 Exin
566 3438 963 3521 squamigeri
1007 3438 1055 3519 †
1100 3444 1431 3523 serpentes
1479 3439 1698 3504 ludere
1743 3441 1990 3525 Pisces3

350 3519 507 3592 Quis
554 3544 766 3586 comes
815 3528 915 3586 est
960 3525 1150 3589 Aries
1199 3528 1472 3591 obscuro
1519 3528 1763 3592 lumine
1809 3530 2033 3595 labens
2269 3554 2381 3604 575
