2630 3913
924 194 1077 250 CAP.
1114 201 1271 249 4—6.
1347 200 1378 260 5
1419 201 1639 250 12—17.
2162 197 2284 262 137

272 356 447 421 enim
492 355 658 420 vixit
692 354 974 441 Ennius)
1009 357 1106 420 ita
1148 355 1401 421 ferebat
1447 356 1590 440 du0,
1637 379 1801 440 quae
1847 359 2128 423 maxima
2173 382 2286 444 pu-

273 449 519 528 tantur,
555 466 769 528 onera,
803 447 1254 529 paupertatem
1294 448 1360 508 et
1399 448 1814 529 senectutem,
1849 450 1924 533 ut
1962 446 2054 510 eis
2086 469 2288 532 paene

275 532 586 597 delectari
630 532 974 597 videretur.

404 621 695 703 Etenim,
749 643 896 685 cum
949 621 1321 721 conplector
1376 621 1618 704 animo,
1674 625 1982 706 quattuor
2037 625 2288 708 reperio
2331 639 2394 689 15

218 726 246 766 τι
275 730 522 792 causae,
549 730 663 773 cur
691 713 986 773 senectus
1014 708 1252 773 misera
1279 709 1593 793 videatur,
1621 732 1834 794 unam,
1864 711 2035 794 quod
2064 717 2291 777 avocet

277 821 315 863 a
368 798 561 861 rebus
619 797 943 882 gerendis,
999 798 1299 880 alteram,
1357 797 1527 881 quod
1582 819 1812 883 corpus
1866 799 2066 864 faciat
2119 800 2291 865 infir-

275 886 465 969 miuS,
508 885 789 968 tertiam,
836 885 1007 970 quod
1042 886 1257 970 privet
1300 884 1436 949 fere
1484 887 1781 950 omnibus
1822 889 2292 973 voluptatibus,

278 977 605 1058 quartam,
662 973 832 1057 quod
884 972 1059 1037 haud
1111 975 1339 1058 procul
1395 974 1569 1038 absit
1618 997 1657 1037 a
1711 979 1938 1040 morte.
2028 976 2292 1062 Earum,

277 1063 334 1127 si
396 1063 639 1147 placet,
702 1083 1041 1126 causarum
1108 1064 1353 1145 quanta
1416 1083 1736 1146 quamque
1796 1063 1883 1127 sit
1934 1064 2110 1128 iusta
2164 1088 2292 1130 una

200 1167 251 1207 ιο
280 1172 597 1235 quaeque,
642 1149 992 1215 videamus.

410 1239 473 1302 A
517 1238 709 1303 rebus
758 1238 1055 1324 gerendis
1102 1240 1396 1302 senectus
1445 1238 1788 1302 abstrahit.
1870 1237 2161 1314 Quibus?
2208 1265 2292 1306 an
2329 1242 2370 1305 6

278 1327 381 1409 iis,
427 1348 588 1410 quae
633 1327 969 1391 iuventute
1016 1329 1331 1412 geruntur
1377 1330 1443 1390 et
1488 1326 1732 1391 viribus
1749 1327 1784 1391 *Ρ
1829 1329 2128 1393 nullaene
2174 1330 2292 1415 igi-

280 1419 389 1479 tur
416 1436 519 1478 res
547 1419 697 1479 sunt
725 1415 979 1498 seniles,
1016 1436 1180 1499 quae
1209 1414 1313 1478 vel
1350 1415 1623 1479 infirmis
1658 1415 2036 1499 corporibus
2076 1417 2291 1482 animo

282 1507 501 1567 tamen
545 1503 1122 1568 administrentur?
1167 1501 1334 1566 nihil
1380 1524 1535 1588 ergo
1583 1504 1822 1588 agebat
1855 1502 1926 1579 Q.
1953 1504 2293 1588 Maximus,

99 1682 103 1686 ¹
203 1606 252 1647 1⁵
278 1590 445 1655 nihil
480 1589 552 1655 L.
577 1590 839 1673 Paulus,
876 1595 1063 1674 pater
1100 1594 1271 1674 tuus,
1308 1612 1489 1656 socer
1526 1592 1758 1675 optimi
1792 1592 1937 1676 viri,
1973 1594 2093 1657 filii
2121 1594 2292 1658 mei?

278 1678 476 1745 ceteri
522 1701 725 1764 senes,
767 1679 1067 1763 Fabricii,
1113 1677 1310 1762 Curii,
1358 1678 1762 1763 Coruncanii,
1806 1703 1952 1745 cum
1998 1704 2135 1746 rem
2179 1705 2293 1766 pu-

276 1768 515 1833 blicam
563 1769 835 1833 consilio
884 1772 950 1833 et
996 1767 1384 1833 auctoritate
1432 1767 1892 1853 defendebant,
1935 1770 2098 1833 nihil
2147 1793 2293 1856 age-

275 1857 482 1921 bant?
555 1856 660 1920 Ad
705 1856 883 1941 Appi
927 1854 1160 1921 Claudi
1219 1859 1614 1921 senectutem
1675 1858 2017 1922 accedebat
2077 1860 2292 1943 etiam,
2334 1873 2396 1922 ιο

276 1949 352 2010 ut
398 1967 623 2010 caecus
672 1949 870 2027 esset3
925 1947 1146 2009 tamen
1190 1944 1274 2028 is,
1331 1967 1475 2010 cum
1524 1945 1847 2011 sententia
1892 1950 2155 2013 senatus
2201 1948 2293 2013 in-

200 2050 251 2089 20
279 2034 554 2098 clinaret
609 2033 690 2097 ad
745 2055 969 2118 pacem
1025 2056 1171 2098 cum
1214 1995 1467 2118 P’yrrho
1513 2033 1867 2119 foedusque
1911 2034 2294 2121 faciendum,

278 2142 412 2185 non
457 2120 778 2185 dubitavit
825 2121 1031 2186 dicere
1068 2121 1203 2204 illa,
1251 2144 1414 2205 quae
1452 2123 1744 2187 versibus
1783 2128 2156 2207 persecutus
2196 2131 2295 2190 est

278 2208 555 2272 Ennius:

370 2294 528 2371 Quo
566 2296 788 2361 vobis
825 2301 1145 2380 mentes,
1179 2302 1439 2362 rectae
1478 2320 1668 2382 quae
1698 2304 1906 2363 stare
1935 2302 2294 2366 solebant

371 2383 758 2468 Antehac,
803 2384 1189 2450 dementes
1237 2408 1404 2450 sese
1449 2386 1738 2450 flexere
1785 2387 1983 2451 viai?

200 2491 250 2530 ²⁵
279 2477 620 2557 ceteraque
667 2473 1076 2559 gravissime3
1129 2477 1359 2539 notum
1412 2473 1583 2538 enim
1628 2475 1813 2540 vobis
1861 2497 2121 2540 carmen
2167 2483 2294 2560 est3

280 2566 347 2627 et
392 2566 612 2626 tamen
655 2561 860 2647 ipsius
906 2562 1083 2647 Appi
1137 2566 1318 2627 extat
1371 2562 1599 2627 oratio.
1688 2562 1905 2647 Atque
1963 2564 2123 2629 haec
2176 2564 2291 2629 ille

279 2651 416 2736 egit
473 2650 750 2735 septimo
807 2651 1053 2715 decimo
1110 2672 1278 2714 anno
1334 2655 1487 2736 post
1541 2652 1817 2716 alterum
1865 2653 2293 2736 consulatum,

278 2761 424 2804 cum
487 2739 656 2804 inter
722 2739 881 2803 duos
937 2739 1312 2804 consulatus
1369 2739 1521 2804 anni
1575 2740 1793 2805 decem
1847 2741 2293 2807 interfuissent

277 2849 629 2910 censorque
677 2832 828 2891 ante
866 2827 1263 2912 superiorem
1300 2829 1710 2893 consulatum
1745 2829 2004 2913 fuisset3
2050 2853 2126 2895 ex
2165 2852 2290 2914 quo

199 2931 252 2969 ³⁰
276 2915 682 3001 intellegitur
707 2915 946 3000 Pyrrhi
974 2916 1146 2980 bello
1177 2916 1488 3001 grandem
1517 2939 1670 2981 sane
1707 2916 1933 3001 fuisse3
1970 2922 2037 2982 et
2073 2923 2294 2982 tamen

278 3005 369 3069 sic
417 3026 457 3068 a
501 3004 798 3088 patribus
847 3004 1227 3088 accepimus.
1317 3003 1503 3069 Nihil
1549 3005 1750 3090 igitur
1796 3005 2121 3089 adferunt,
2182 3007 2292 3090 qui
2332 3017 2392 3067 17

275 3092 345 3155 in
388 3114 459 3156 re
507 3093 796 3178 gerunda
850 3093 1097 3156 versari
1144 3096 1540 3158 senectutem
1594 3097 1863 3177 negant,
1919 3093 2291 3178 similesque

278 3185 447 3263 sunt,
492 3184 566 3245 ut
603 3180 660 3244 si
698 3183 807 3264 qui
851 3181 1355 3265 gubernatorem
1391 3181 1460 3245 in
1494 3181 1860 3266 navigando
1896 3181 2061 3245 nihil
2099 3204 2291 3267 agere

277 3269 513 3352 dicant,
550 3291 697 3334 cum
735 3268 848 3334 alii
885 3270 1093 3334 malos
1132 3269 1462 3354 scandant,
1501 3269 1615 3333 alii
1650 3291 1765 3353 per
1799 3268 1978 3335 foros
2015 3275 2291 3354 cursent,

198 3372 247 3413 ³⁵
276 3357 391 3421 alii
411 3357 734 3422 sentinam
764 3358 1166 3441 exhauriant,
1192 3358 1304 3421 ille
1328 3363 1546 3422 autem
1569 3358 1825 3423 clavum
1854 3362 2078 3422 tenens
2114 3359 2290 3442 quie-

274 3449 382 3510 tus
412 3446 633 3510 sedeat
660 3447 729 3510 in
755 3446 977 3532 puppi,
1025 3469 1160 3512 non
1185 3446 1387 3510 faciat
1417 3468 1508 3531 ea,
1539 3467 1701 3529 quae
1729 3445 2009 3530 iuveneS,
2039 3450 2108 3511 at
2136 3469 2288 3512 vero

276 3534 498 3599 multo'
532 3535 783 3600 maiora
829 3539 895 3599 et
940 3534 1211 3599 meliora
1253 3533 1470 3599 faciat.
1539 3533 1691 3600 Non
1736 3535 1981 3599 viribus
2031 3540 2142 3601 aut
2187 3558 2289 3600 ve·
