2630 3913
731 196 1183 250 FRAGMENTA
1221 196 1557 251 mcERTA.
1597 199 1636 252 1.
1679 205 1868 252 1—15.
2176 200 2305 263 407

286 360 677 441 hominibuS,
722 357 941 439 inquit,
989 358 1071 421 ab
1109 357 1213 422 his
1252 362 1365 422 aut
1403 358 1628 422 datum
1669 362 1770 423 est
1812 360 2051 424 donum
2097 361 2305 427 maius

285 453 401 515 aut
445 447 663 533 potuit
707 446 916 510 ullum
962 445 1119 511 dari.
1171 483 1252 491 —
1298 446 1393 526 Cf.
1439 447 1633 511 Aead.
1680 446 1731 510 I
1766 451 1829 513 2.
1876 454 1919 511 7
1933 468 2026 512 ex.

424 537 521 601 10.
568 536 827 617 August.
882 535 989 599 civ.
1042 536 1100 599 d.
1158 534 1459 600 V26ex.
1507 535 1679 599 Nam
1732 537 1790 599 si
1837 555 1963 599 non
2007 537 2094 601 ad
2136 538 2306 602 liber-

287 630 471 690 tatem
505 644 651 689 vera
685 624 941 700 dicendi,
983 624 1091 687 sed
1122 624 1209 687 ad
1242 623 1552 688 licentiam
1587 623 1747 687 male
1789 625 2030 689 dicendi
2074 629 2307 707 tempus

231 732 258 771 5
285 717 618 813 expectant,
660 711 837 794 absit,
879 716 953 775 ut
993 712 1081 775 eis
1124 713 1377 793 eveniat,
1421 712 1583 792 quod
1623 713 1725 775 ait
1763 711 2008 776 Tullius
2051 714 2123 777 de
2165 735 2306 794 quo-

284 803 456 879 dam,
510 801 618 881 qui
659 799 956 880 peccandi
1010 799 1255 864 lieentia
1303 800 1460 880 felix
1503 789 1964 881 appellabatur:
2020 798 2074 865 Ο
2121 801 2306 866 mise-

285 911 456 971 rum,
515 887 617 953 cui
661 908 928 971 peccare
974 886 1369 951 licebat!—-
1421 888 1730 953 Martian.
1776 887 1926 970 Gap.
1984 888 2048 953 V
2080 892 2206 954 517
2237 911 2306 972 p.

284 980 431 1042 475.
475 982 554 1040 11
598 976 816 1040 Halm.
870 977 1150 1056 quamvis
1194 974 1402 1040 Cicero
1454 1011 1527 1021 —
1587 975 1812 1040 heroici
1863 997 2071 1042 versus
2122 979 2307 1059 finem

284 1066 378 1130 vel
412 1066 665 1129 initium
700 1084 827 1128 non
862 1064 1128 1146 declinet,
1170 1084 1309 1128 cum
1344 1065 1524 1128 dicit:
1570 1061 1624 1128 Ο
1664 1064 1988 1148 miserum,
2027 1066 2129 1130 cui
2165 1089 2306 1150 pec-

206 1171 260 1210 10
287 1174 433 1218 care
494 1152 756 1217 licebat!
816 1186 898 1197 —
951 1151 1274 1216 Ammian.
1329 1152 1533 1216 Marc.
1588 1151 1839 1216 XXVI
1882 1158 1980 1217 10.
2035 1158 2123 1219 12
2175 1155 2304 1218 Im-

274 1246 530 1325 perator
570 1239 922 1322 promptior
964 1240 1051 1303 ad
1100 1241 1436 1304 nocendum
1479 1240 1952 1305 criminantibus
1983 1247 2209 1323 patens
2250 1248 2309 1307 et

281 1331 568 1409 fimereas
594 1329 923 1393 delationes
957 1328 1295 1392 adsciscens
1318 1348 1436 1410 per
1465 1330 1906 1409 suppliciorum
1932 1330 2308 1396 diversitates

286 1417 644 1497 effrenatius
695 1417 992 1480 exultavit
1045 1417 1376 1481 sententiae
1437 1417 1611 1481 illius
1668 1416 1997 1482 Tullianae
2048 1419 2309 1501 iynarus

285 1507 549 1571 docentis
600 1504 870 1584 infelices
921 1522 1045 1569 esse
1094 1524 1220 1587 eos,
1282 1506 1391 1586 qui
1444 1506 1654 1568 omnia
1706 1504 1826 1570 sibi
1879 1505 2053 1570 licere
2103 1509 2304 1572 existi-

208 1610 260 1650 15
289 1599 560 1658 marunt.

428 1685 524 1745 11.
569 1681 834 1764 Auqust.
878 1701 966 1762 ep.
1002 1685 1144 1745 143.
1180 1685 1227 1746 2
1268 1680 1339 1744 Τ.
1385 1680 1478 1745 ΙΙ
1503 1701 1570 1762 p.
1606 1684 1736 1746 352
1762 1680 1827 1743 A
1852 1700 1940 1761 sq.
1985 1683 2073 1747 ed.
2118 1683 2306 1748 Antv.

287 1775 457 1834 1700
502 1769 775 1834 Romani
817 1770 1130 1833 maximus
1173 1774 1387 1833 auctor
1434 1769 1679 1834 Tullius
1722 1770 1977 1849 eloquii:
2034 1768 2307 1835 Nullum

286 1879 597 1941 umquam
651 1857 951 1939 verbum,
1013 1859 1218 1938 inquit
1276 1859 1349 1922 de
1410 1858 1706 1940 quodam,
1772 1857 1943 1941 quod
2005 1880 2307 1923 revocare

286 1945 516 2028 vellet,
564 1945 797 2010 emisit.

205 2052 258 2091 πο
428 2034 528 2097 12.
583 2033 753 2096 Plin.
805 2037 933 2096 nat.
987 2033 1127 2097 hist.
1182 2033 1434 2097 XXIX
1482 2039 1570 2100 92
1626 2035 1749 2099 Est
1799 2040 1857 2099 et
1903 2034 2307 2114 formicarum

281 2141 477 2205 yenus
519 2124 896 2197 venenatum,
941 2140 1068 2184 non
1107 2121 1235 2200 fere
1277 2121 1349 2184 in
1392 2120 1591 2186 Italia
1600 2142 1622 2197 ,·
1671 2121 2053 2206 ‘solipugas'
2102 2122 2306 2188 Cicero

288 2209 575 2291 appellat.

426 2298 525 2362 13.
555 2296 726 2361 Plin.
762 2302 890 2361 nat.
927 2296 1065 2360 hist.
1094 2295 1305 2359 XXX
1319 2299 1445 2359 146
1461 2315 1550 2359 ex.
1577 2296 1672 2359 M.
1702 2294 1908 2360 Cicero
1946 2298 2140 2361 tradit
2172 2300 2305 2362 ani-

288 2385 488 2450 malia
542 2384 561 2413 ‘
574 2383 827 2449 biuros'
880 2385 1113 2466 vocari,
1170 2385 1278 2464 qui
1331 2384 1476 2448 vitis
1527 2384 1598 2447 in
1643 2381 1992 2463 Campania
2036 2387 2305 2449 erodant.

208 2487 262 2529 2⁶
429 2475 527 2537 14.
583 2473 745 2538 Suet.
798 2473 946 2537 rhet.
991 2478 1031 2536 1
1078 2470 1282 2536 Cicero
1338 2473 1425 2536 ad
1462 2475 1830 2553 praeturam
1881 2490 2069 2553 usque
2120 2475 2304 2537 etiam

292 2560 522 2626 Graece
556 2563 982 2643 declamitavit‚
1022 2561 1245 2625 Latine
1276 2580 1414 2624 vero
1449 2561 1650 2624 senior
1684 2579 1929 2641 quoque,
1975 2565 2033 2624 et
2064 2562 2302 2640 quidem

289 2670 428 2714 cum
484 2650 830 2715 consulibus
882 2648 1099 2713 Hirtio
1151 2653 1209 2713 et
1259 2649 1502 2726 Pansa,
1564 2667 1713 2729 quos
1779 2646 2159 2732 ‘discipulos
2174 2647 2192 2675 '
2252 2656 2310 2714 et

290 2736 578 2822 ‘grandis
624 2736 1093 2823 praetextatos'
1147 2736 1411 2801 vocabat.
1463 2773 1538 2783 —
1589 2735 1729 2801 Sen.
1783 2741 1969 2801 contr.
2013 2738 2219 2818 praef.
2265 2738 2309 2801 Ι

287 2831 369 2890 11
413 2826 718 2907 Alioquin
761 2827 832 2890 in
875 2827 983 2891 illo
1028 2825 1268 2908 atriolo,
1312 2826 1384 2889 in
1427 2845 1544 2907 quo
1588 2826 1740 2890 duos
1786 2824 2087 2910 ‘grandes
2124 2848 2305 2910 prae·

207 2929 261 2970 σο
288 2912 600 2978 textatos'
647 2916 743 2978 ait
782 2935 982 2980 secum
1025 2914 1381 2995 declamare,
1420 2914 1602 2994 potui
1645 2914 1865 2977 adesse.
1910 2949 1996 2958 —
2042 2913 2138 2994 Cf.
2183 2913 2305 2979 Cic.

284 3004 439 3083 fam.
484 3001 599 3065 IX
639 3008 739 3068 16.
789 3007 848 3085 7,
895 3001 1151 3082 Quintil.
1196 3000 1359 3065 XII
1393 3006 1489 3065 11.
1538 3006 1594 3065 6.

427 3088 526 3154 15.
570 3090 780 3155 Amm.
826 3090 1029 3154 Mare.
1075 3088 1284 3153 XXX
1325 3093 1383 3154 4.
1431 3093 1473 3153 7
1516 3087 1668 3153 Post
1708 3109 1857 3172 quos
1899 3089 2304 3171 eloquentissi-

286 3197 428 3243 mus
463 3180 739 3242 omnium
766 3175 973 3243 Cicero
1009 3178 1306 3243 orationis
1341 3177 1701 3259 imperiosae
1733 3178 2099 3258 fluminibus
2131 3198 2307 3261 saepe

286 3267 592 3347 depressos
626 3266 866 3348 aliquos
900 3265 1271 3330 iudiciorum
1309 3265 1573 3346 eripiens
1606 3265 1881 3345 flammis
1914 3286 2042 3331 non
2066 3266 2306 3347 defendi

207 3368 260 3409 ⁸⁶
286 3352 561 3419 homines
601 3355 734 3419 sine
775 3354 1217 3436 vituperatione
1254 3353 1519 3433 fortasse
1550 3372 1753 3436 posse,
1797 3354 2166 3438 neyleyenter
2209 3356 2304 3419 cle-

281 3442 459 3522 fendi
510 3442 642 3507 sine
693 3442 906 3508 scelere
956 3461 1081 3507 non
1118 3462 1294 3523 posse
1345 3440 1655 3524 firmabat.
1700 3477 1786 3486 —
1832 3440 1928 3523 Cf.
1972 3444 2091 3507 div.
2137 3441 2305 3509 Caec.
