2630 3913
370 218 499 282 352
1145 222 1595 276 FRAGMENTA

372 383 692 447 Platonem
733 382 1027 461 Socrates,
1071 404 1208 447 cum
1253 390 1401 448 esset
1444 387 1513 447 iu
1558 387 1831 450 custodia
1863 386 2133 469 publica,
2177 389 2390 454 dicens

368 470 626 549 oritoni,
662 493 771 536 suo
803 472 1133 554 familiari,
1167 472 1287 536 sibi
1310 478 1457 553 post
1491 474 1734 536 tertium
1771 475 1931 537 diem
1967 494 2091 539 esse
2120 478 2387 540 morien-

368 561 548 637 dum,·
593 562 815 625 vidisse
847 580 910 624 36
945 562 1014 624 in
1046 561 1278 625 somnis
1299 561 1762 643 pulchritudine
1795 562 2024 626 eximia
2061 564 2391 650 feminam,

363 670 524 730 quae
574 669 635 713 36
686 650 932 712 nomine
982 649 1299 731 appellans
1352 651 1570 713 diceret
1618 649 2019 714 Homericum
2077 655 2388 734 quendam

367 739 502 802 eius
545 739 711 801 modi
753 756 1027 800 versum:
2444 763 2467 802 5

461 824 683 888 Tertia
729 828 793 888 te
840 824 1116 890 Phthiae
1163 829 1520 910 tempestas
1568 827 1741 890 laeta
1787 827 2047 892 locabit.

506 915 562 977 6.
618 913 738 978 Cic.
799 914 971 979 Tusc.
1025 914 1158 978 III
1202 922 1261 979 9.
1314 919 1400 979 18
1450 913 1671 996 (Hom.
1725 915 1841 979 IX
1881 917 2181 1000 646399.)
2237 919 2423 983 Non

367 1003 582 1067 inscite
625 1001 1007 1068 Heracleotes
1049 1001 1392 1085 Dionysius
1433 1004 1521 1068 ad
1558 1024 1631 1067 ea
1675 1004 1974 1088 disputat,
2019 1026 2174 1088 quae
2214 1010 2396 1088 apud

373 1090 715 1155 Homerum
760 1091 1028 1156 Achilles
1070 1093 1346 1174 queritur
1387 1090 1521 1173 hoc,
1564 1096 1637 1155 ut
1678 1094 1923 1175 opinor,
1968 1096 2178 1158 modo:

463 1176 716 1263 Corque
762 1201 974 1244 meum
1020 1179 1275 1264 penitus
1322 1180 1641 1265 turgescit
1686 1180 1988 1246 tristibus
2031 1182 2178 1266 iris,
2421 1204 2469 1243 ιο

463 1265 625 1332 Cum
665 1268 889 1332 decore
922 1271 1116 1351 atque
1155 1267 1331 1332 omni
1365 1290 1469 1332 me
1507 1268 1807 1333 orbatum
1846 1270 2035 1334 laude
2062 1271 2391 1337 recordor.

508 1358 563 1420 7.
601 1356 720 1421 Cic.
764 1357 938 1422 Tusc.
974 1353 1105 1420 III
1131 1360 1238 1422 27.
1276 1359 1357 1421 65
1391 1356 1611 1440 (Hom.
1640 1358 1823 1422 XIX
1853 1363 1988 1423 226
2002 1359 2160 1443 399.)
2193 1360 2397 1442 Apud

372 1445 714 1509 Homerum
767 1447 1108 1510 cotidianae
1159 1465 1327 1510 neces
1379 1447 1775 1528 interitusque
1824 1448 2160 1512 multorum
2211 1451 2393 1514 seda-

367 1535 596 1598 tionem
639 1535 952 1598 maerendi
994 1534 1311 1618 adferunt,
1356 1535 1529 1615 apud
1566 1554 1743 1616 quem
1785 1536 1877 1599 ita
1921 1537 2178 1600 dicitur:

460 1620 756 1705 Namque
799 1621 995 1686 nimis
1040 1621 1282 1686 multos
1329 1625 1523 1706 atque
1570 1622 1746 1687 omni
1792 1623 1933 1688 luce
1979 1624 2271 1689 cadentis
2422 1644 2469 1684 ιε,

462 1709 824 1791 CernimuS,
870 1713 944 1773 ut
987 1732 1176 1774 nemo
1223 1711 1435 1795 possit
1480 1733 1770 1776 maerore
1816 1734 2063 1778 vacare.

462 1795 600 1872 Quo
644 1799 854 1882 magis
902 1802 1001 1862 est
1047 1820 1322 1882 aequum
1359 1799 1629 1863 tumulis
1667 1800 1973 1864 mandare
2010 1806 2393 1887 peremptos

460 1884 679 1949 Firmo
727 1885 941 1949 animo
989 1889 1054 1949 et
1099 1887 1344 1950 luctum
1392 1887 1677 1951 lacrimis
1723 1888 1909 1952 finire
1955 1888 2219 1953 diurnis.

1076 2044 1129 2098 b.
1185 2044 1277 2097 EX
1321 2042 1663 2099 ODYSSEA.

510 2155 563 2217 1.
611 2152 732 2218 Cic.
778 2155 849 2218 de
890 2154 997 2236 fin.
1047 2153 1232 2218 V18.
1268 2158 1356 2218 49
1400 2152 1618 2236 (Hom.
1664 2153 1824 2218 XII
1861 2155 2231 2237 184—191)
2278 2156 2469 2221 Ita20

369 2243 641 2306 invitant
665 2242 970 2326 (Sirenes)
1007 2241 1248 2308 Ulixem
1274 2241 1454 2324 (nam
1480 2243 1648 2319 verti,
1682 2247 1755 2306 ut
1778 2243 2076 2324 quaedam
2102 2242 2396 2330 Homeri,

365 2333 459 2395 sic
503 2333 689 2396 istum
733 2332 937 2414 ipsum
983 2330 1208 2413 locum)
1218 2352 1240 2393 .·

462 2418 516 2485 O
565 2419 755 2484 decus
803 2418 1208 2505 Argolicum,
1254 2418 1411 2502 quin
1453 2418 1724 2504 puppim
1769 2417 2002 2500 flectiS,
2046 2416 2305 2503 Ulixes,

379 2531 380 2536 ¹
462 2506 750 2573 Auribus
798 2512 872 2572 ut
914 2511 1175 2571 nostros
1221 2505 1432 2592 possis
1480 2528 1828 2591 agnoscere
1875 2508 2131 2570 cantus!

461 2594 632 2661 Nam
652 2618 841 2661 nemo
860 2595 1019 2659 haec
1037 2616 1345 2679 umquam
1365 2598 1465 2660 est
1479 2594 2159 2682 transvectus—caerula
2174 2616 2394 2683 cursu,
2422 2617 2475 2657 25

464 2682 632 2759 Quin
677 2684 857 2768 prius
905 2682 1230 2747 adstiterit
1274 2705 1504 2749 vocum
1550 2682 1882 2747 dulcedine
1929 2686 2183 2768 captus,

463 2771 622 2835 Post
668 2772 865 2836 variis
912 2770 1100 2836 avido
1149 2770 1424 2836 satiatus
1469 2774 1728 2856 pectore
1775 2771 1976 2836 musis

465 2860 734 2936 Doctior
780 2860 861 2925 ad
905 2860 1153 2944 patrias
1200 2860 1422 2944 lapsus
1469 2860 1836 2944 pervenerit
1881 2880 2047 2924 oras.

464 2947 602 3014 Nos
651 2971 847 3035 grave
894 2952 1221 3014 certamen
1262 2948 1423 3012 belli
1467 2948 1843 3032 clademque
1887 2952 2207 3027 tenemus,

465 3037 734 3102 Graecia
782 3060 975 3122 quam
1022 3036 1252 3101 Troiae
1298 3036 1516 3102 divino
1561 3037 1822 3101 numine
1867 3037 2069 3120 vexit,
2427 3059 2481 3098 ω

464 3124 822 3210 Omniaque
868 3148 903 3191 e
948 3124 1104 3190 latis
1148 3147 1366 3189 rerum
1412 3126 1690 3212 vestigia
1733 3126 1946 3190 terris.

508 3215 565 3278 2.
623 3215 743 3280 Cic.
799 3218 871 3281 de
918 3216 1051 3296 fato
1102 3215 1222 3297 fry.
1266 3220 1310 3279 3
1362 3235 1461 3297 ap.
1505 3214 1765 3297 Auyust.
1819 3215 1891 3280 de
1939 3215 2047 3279 civ.
2092 3214 2189 3279 dei
2246 3213 2314 3280 V
2351 3221 2402 3282 8

371 3302 592 3379 (Hom.
628 3301 888 3369 XVIII
918 3308 1042 3369 136
1057 3304 1173 3385 39.)
1213 3302 1331 3368 Illi
1371 3323 1602 3385 quoque
1643 3322 1850 3369 versus
1883 3303 2202 3368 Homerici
2244 3302 2403 3369 huic

372 3391 702 3454 sententiae
750 3391 1205 3473 suffrayantur‚
1259 3411 1409 3473 quos
1453 3392 1657 3456 Cicero
1710 3393 1782 3455 in
1824 3391 2126 3456 Latinum
2176 3394 2402 3457 vertit.-

464 3475 655 3540 Tales
703 3481 853 3542 sunt
897 3478 1234 3543 hominum.
1278 3482 1557 3562 mentes,
1605 3479 1781 3564 quali
1827 3482 2016 3563 pater
2058 3478 2199 3564 ipse
2431 3499 2490 3538 35
2572 3483 2573 3542 1

464 3560 757 3644 Iuppiter
802 3565 1147 3630 auctiferas
1194 3566 1504 3632 lustravit
1546 3568 1789 3631 lumine
1836 3572 2064 3632 terras.

1170 3708 1583 3718 *Qff—-ss
