2630 3913
270 1676 333 1725 2⁷

267 2823 334 2872 28

379 176 505 240 172
971 177 1275 232 LAELIUS
1312 177 1411 231 DE
1447 177 1775 232 AMICITIA

374 338 544 403 enim
591 360 994 424 generorum,
1038 340 1428 423 praesertim
1471 340 1541 403 in
1584 361 1655 404 re
1699 339 1888 423 bona,
1933 360 2079 404 cum
2125 339 2388 407 difficile

374 430 500 510 est,
545 431 686 491 tum
730 448 810 491 ne
856 448 1132 510 aequum
1177 427 1436 512 quidem
1481 427 1813 492 obsistere.

506 512 895 599 Saepissime
921 515 1124 601 igitur
1151 515 1313 580 mihi
1342 515 1419 580 (16
1448 515 1734 580 amicitia
1760 515 2077 600 cogitanti
2105 516 2386 581 maxime·

374 603 537 667 illud
592 603 1124 669 considerandum
1179 603 1383 669 videri
1439 603 1633 686 solet,
1695 607 1915 667 utrum
1968 607 2240 688 propter
2291 604 2386 669 in·

372 691 797 757 becillitatem
843 695 1037 775 atque
1082 691 1370 777 inopiam
1416 691 1778 756 desiderata
1822 691 1911 755 sit
1956 691 2266 776 amicitia,
2310 696 2387 757 ut
2439 713 2465 755 ε

374 779 602 843 dandis
648 779 1155 864 recipiendisque
1199 780 1452 844 meritis
1500 779 1671 863 quod
1712 779 1983 864 quisque
2019 779 2231 845 minus
2269 802 2387 865 per

374 887 443 931 se
487 866 628 951 ipse
674 871 920 951 posset,
974 867 1041 932 id
1093 868 1413 953 acciperet
1467 868 1549 933 ab
1604 867 1734 932 alio
1790 867 2204 951 vicissimque
2247 868 2385 933 red·

375 955 580 1038 deret,
635 977 719 1020 an
764 959 936 1020 esset
980 956 1104 1022 hoc
1159 956 1419 1042 quidem
1471 955 1807 1041 proprium
1863 955 2213 1040 amicitiae,
2272 957 2386 1021 sed

375 1042 704 1127 antiquior
740 1048 807 1108 et
841 1043 1174 1128 pulchrior
1211 1048 1277 1109 et
1311 1045 1523 1130 magis
1561 1067 1600 1109 a
1633 1048 1871 1108 natura
1905 1044 2051 1128 ipsa
2093 1045 2385 1128 profecta

374 1132 506 1196 alia
559 1152 769 1197 causa.
859 1131 1066 1197 Amor
1121 1132 1319 1211 enim,
1382 1154 1460 1197 ex
1523 1153 1650 1217 quo
1709 1131 1997 1198 amicitia
2047 1133 2387 1198 nominata
2414 1157 2465 1196 10

374 1223 493 1302 est,
528 1220 826 1305 princeps
855 1224 956 1285 est
983 1220 1065 1285 ad
1091 1220 1597 1286 benivolentiam
1625 1220 2154 1305 coniungendam.
2211 1219 2383 1287 Nam

373 1308 694 1372 utilitates
746 1308 1004 1392 quidem
1049 1309 1247 1374 etiam
1293 1309 1377 1374 ab
1422 1309 1502 1373 iis
1539 1309 1982 1393 percipiuntur
2019 1331 2228 1394 saepe,
2275 1311 2385 1393 qui

374 1397 787 1461 simulatione
824 1396 1146 1462 amicitiae
1183 1397 1485 1462 coluntur
1514 1401 1579 1462 et
1607 1398 2032 1462 observantur
2070 1399 2384 1482 temporis

373 1506 586 1568 causa,
629 1484 699 1548 in
744 1484 1032 1550 amicitia
1076 1490 1293 1550 autem
1336 1485 1501 1549 nihil
1546 1485 1769 1551 fictum
1815 1489 1933 1569 est,
1976 1484 2143 1549 nihil
2190 1487 2382 1551 simu·

373 1575 581 1638 latum
628 1575 719 1656 et,
775 1572 1085 1657 quidquid
1129 1577 1255 1652 est,
1300 1573 1368 1637 id
1408 1576 1510 1638 est
1544 1594 1766 1638 verum
1813 1578 1880 1637 et
1921 1574 2380 1639 voluntarium.
2411 1598 2460 1638 ιε

374 1660 783 1745 Quapropter
827 1684 866 1725 a
910 1665 1146 1726 natura
1189 1661 1353 1725 miln
1396 1661 1650 1727 videtur
1684 1661 1903 1746 potius
1942 1683 2136 1763 quam
2172 1663 2311 1727 ab
2291 1685 2384 1728 m·

374 1749 662 1835 digentia
708 1752 854 1814 orta
900 1750 1211 1828 amicitia,
1259 1749 1690 1834 adplicatione
1737 1750 1946 1835 magis
1993 1749 2193 1815 animi
2237 1772 2383 1817 cum

374 1837 653 1922 quodam
692 1858 884 1901 sensu
921 1838 1179 1902 amandi
1216 1860 1411 1922 quam
1447 1838 1860 1923 cogitatione,
1907 1842 2220 1922 quantum
2264 1839 2385 1905 illa

372 1948 476 1993 res
522 1926 831 1991 utilitatis
879 1930 1050 1991 esset
1093 1925 1417 1992 habitura.
1509 1925 1693 2003 Quod
1738 1926 1995 2012 quidem
2042 1928 2231 2011 quale
2278 1928 2383 2012 sit,

375 2017 571 2080 etiam
616 2016 686 2079 in
730 2015 957 2079 bestiis
1005 2015 1391 2100 quibusdam
1447 2015 1875 2080 animadverti
1918 2020 2163 2100 potest,
2217 2038 2382 2100 quae
2410 2040 2460 2079 ιο

375 2127 452 2168 ex
499 2126 566 2168 se
609 2106 803 2168 natos
847 2104 944 2168 ita
989 2107 1214 2169 amant
1259 2104 1343 2169 ad
1387 2104 1706 2189 quoddam
1750 2108 2007 2188 tempus
2053 2110 2121 2169 et
2167 2105 2249 2170 ab
2287 2106 2380 2170 eis

373 2193 469 2256 ita
514 2195 841 2269 amantur,
885 2195 961 2256 ut
1002 2191 1194 2257 facile
1240 2214 1463 2258 earum
1509 2214 1734 2257 sensus
1780 2197 2107 2277 appareat.
2196 2191 2382 2268 Quod

370 2281 440 2345 in
483 2280 744 2345 homine
790 2281 997 2346 multo
1044 2285 1145 2345 est
1189 2280 1580 2363 evidentius,
1638 2281 1919 2365 primum
1974 2303 2051 2345 ex
2097 2303 2175 2346 ea
2218 2282 2381 2352 cari-

372 2373 536 2453 tate,
592 2390 755 2452 quae
810 2371 912 2432 est
965 2369 1135 2434 inter
1187 2374 1379 2434 natos
1435 2372 1501 2433 et
1553 2373 1854 2452 parentes
1863 2418 1882 2452 ,
1946 2390 2109 2452 quae
2165 2369 2381 2434 dirimi

370 2457 499 2521 nisi
544 2457 917 2521 detestabili
963 2458 1200 2522 scelere
1244 2479 1377 2522 non
1427 2460 1673 2541 potest3
1727 2456 1952 2521 deinde
2007 2477 2153 2522 cum
2208 2458 2380 2522 simi·
2408 2479 2457 2519 2⁵

373 2546 453 2610 lis
485 2566 709 2609 sensus
748 2545 966 2609 extitit
1003 2545 1261 2628 amoris,
1300 2546 1358 2610 si
1394 2544 1674 2628 aliquem
1710 2545 1885 2609 nacti
1921 2567 2160 2629 sumus»,
2199 2547 2379 2612 cuius

372 2655 518 2698 cum
562 2632 852 2697 moribus
899 2637 966 2696 et
999 2636 1235 2697 natura
1270 2653 1721 2719 congruamus,
1767 2632 1938 2716 quod
1973 2634 2042 2697 in
2079 2655 2156 2699 eo
2193 2635 2378 2718 quasi

370 2722 591 2785 lumen
636 2720 898 2803 aliquod
944 2720 1292 2804 probitatis
1340 2726 1407 2786 et
1451 2721 1711 2786 virtutis
1763 2720 2124 2805 perspicere
2169 2723 2379 2788 videa-

372 2831 532 2873 mur.
621 2807 683 2872 N
687 2807 806 2872 ihil
862 2812 962 2873 est
1016 2808 1186 2873 em‘m
1239 2809 1482 2874 virtute
1538 2808 1908 2893 amabilius,
1960 2809 2152 2895 nihil,
2207 2812 2380 2895 quod

371 2896 581 2982 magis
629 2895 893 2961 adliciat
929 2897 1009 2962 ad
1039 2897 1455 2983 diligendum,
1502 2898 1738 2983 quippe
1775 2920 1919 2964 cum
1953 2903 2221 2983 propter
2254 2900 2378 2965 vir-
2405 2920 2458 2960 so

370 2991 579 3052 tutem
626 2989 691 3050 et
734 2986 1130 3070 probitatem
1177 2986 1375 3051 etiam
1423 3007 1560 3070 eos,
1618 3007 1779 3070 quos
1824 3008 2176 3071 numquam
2221 2988 2378 3053 vidi-

370 3097 533 3158 muS,
564 3074 843 3158 quodam
871 3074 1062 3139 modo
1091 3074 1457 3161 diligamus.
1523 3074 1679 3151 Quis
1709 3079 1826 3159 est,
1868 3075 1979 3158 qui
2007 3073 2076 3139 C.
2104 3074 2379 3161 Fabrici,

369 3163 472 3228 M.
515 3161 671 3228 Curi
712 3184 846 3228 non
882 3186 1028 3229 cum
1072 3163 1345 3228 caritate
1392 3164 1611 3247 aliqua
1655 3163 1956 3228 benivola
1999 3165 2377 3230 memoriam

369 3255 664 3336 usurpet,
710 3273 871 3335 quos
915 3273 1266 3336 numquam
1311 3252 1590 3317 viderit?
1638 3253 1781 3336 quis
1829 3256 2046 3317 autem
2091 3257 2220 3337 est,
2266 3255 2378 3338 qui

371 3339 793 3422 Tarquinium
838 3337 1217 3424 Superbum,
1264 3340 1376 3424 qui
1422 3338 1528 3425 Sp.
1574 3338 1889 3424 Cassium,
1935 3338 2042 3443 Sp.
2069 3339 2378 3408 Maelium
2404 3357 2455 3399 σε

371 3448 503 3489 non
538 3426 790 3491 oderit?
864 3425 1027 3492 Cum
1064 3427 1311 3492 duobus
1350 3428 1619 3493 ducibus
1656 3428 1788 3492 (16
1768 3428 2041 3513 1mperio
2077 3430 2147 3493 in
2181 3429 2378 3497 Italia

372 3515 472 3575 est
500 3511 914 3597 decertatum,
949 3514 1199 3598 Pyrrho
1229 3520 1295 3579 et
1321 3515 1719 3600 Hannibale·
1755 3518 1838 3582 ab
1876 3518 2082 3582 altero
2109 3521 2380 3605 propter
