2630 3913
371 246 504 309 274
1146 243 1592 298 FRAGMENTA

373 408 725 473 maioribus
762 412 922 471 natu
958 426 1039 469 ne
1074 404 1143 468 in
1182 405 1315 470 suis
1354 405 1611 488 quidem
1647 405 1974 489 praediis
1956 427 2195 490 mpune
2221 408 2380 490 tum,

373 520 517 562 cum
557 496 800 561 Romae
845 494 1008 558 nihil
1047 493 1282 579 agitur,
1329 493 1523 557 liceat
1560 515 1698 557 esse
1719 493 2217 595 valetudinique
2254 516 2382 559 ser-

373 586 527 651 vire.
599 584 843 649 Verum
887 587 1107 646 tamen
1153 582 1437 646 ceteriS.
1530 581 1669 646 ‚sit
1714 582 2064 667 ignoscere,
2109 584 2166 646 ei
2209 605 2380 665 vero,

373 676 481 756 qui
522 674 853 755 praedium
904 671 1124 735 habeat
1162 670 1232 733 in
1277 671 1393 734 illo
1449 671 1619 752 loc0,
1677 671 1858 734 nullo
1914 671 2123 735 modo.
2215 634 2383 745 Quid

374 761 641 845 homini,
685 759 914 843 inquit,
951 758 1254 843 Arpinati
1290 781 1436 823 cum
1463 757 1662 841 Baiis,
1700 758 1944 844 agresti
1981 781 2056 823 ac
2092 760 2379 824 rustico?
2436 777 2465 817 ⁵

507 939 610 1001 21.
657 936 795 1012 Quo
851 937 994 1001 loco
1047 935 1144 1000 ita
1195 935 1321 1000 fuit
1376 957 1627 1017 caecus,
1685 938 1759 998 ut
1803 934 1992 999 facile
2041 940 2384 1020 appareret

374 1025 612 1090 vidisse
676 1048 848 1107 eum,
922 1025 1092 1107 quod
1155 1023 1253 1087 fas
1318 1045 1450 1087 non
1510 1023 1757 1087 fuisset.
1855 1022 1993 1089 Nec
2056 1025 2225 1088 enim
2288 1046 2383 1089 re-

376 1114 586 1199 spexit
630 1114 820 1178 illum
863 1113 1078 1197 ipsum
1117 1116 1466 1213 patronum
1504 1111 1790 1175 libidinis
1831 1134 1984 1175 suae
2019 1134 2152 1176 non
2188 1113 2380 1177 modo

376 1203 546 1287 apud
582 1201 778 1266 Baias
816 1223 973 1283 esse,
1019 1222 1240 1265 verum
1288 1222 1396 1264 eas
1440 1200 1618 1283 ipsas
1665 1222 1865 1283 aquas
1911 1200 2169 1284 habere,
2216 1223 2381 1286 quae
2413 1220 2468 1259 ιο

374 1292 421 1373 †
457 1295 654 1377 gustu
689 1295 910 1354 tamen
948 1288 1285 1372 Arpinatis
1320 1288 1612 1353 fuissent.
1686 1286 1810 1352 Sed
1845 1288 2057 1353 videte
2098 1293 2385 1354 metuen-

377 1380 523 1444 dam
569 1378 813 1443 inimici
860 1381 925 1442 et
969 1377 1178 1441 hostis
1218 1377 1415 1440 bilem
1453 1380 1519 1441 et
1556 1376 1910 1441 licentiam!
1975 1376 2041 1441 Is
2080 1400 2183 1442 me
2220 1378 2385 1442 dixit

377 1468 728 1550 aedificare,
771 1465 886 1531 ubi
928 1465 1094 1529 nihil
1139 1465 1367 1547 habeo,
1411 1466 1518 1529 ubi
1559 1465 1762 1547 habeO,
1807 1465 1900 1529 ibi
1942 1465 2161 1531 fuisse.
2247 1465 2385 1541 Quo

374 1559 550 1621 modo
597 1556 767 1620 enim
811 1575 942 1619 non
986 1555 1174 1617 mirer
1219 1516 1577 1637 sapientem
1632 1553 2098 1638 adversarium,
2152 1554 2264 1639 qui
2316 1555 2387 1620 id

376 1645 634 1727 obiciat,
681 1642 852 1727 quod
896 1642 999 1706 vel
1044 1641 1314 1707 honeste
1362 1641 1655 1705 confiteri
1697 1642 1799 1706 vel
1852 1642 2198 1707 manifesto
2243 1644 2385 1708 red—
2414 1661 2467 1701 1⁵

377 1754 647 1819 arguere
695 1729 950 1815 possis?

507 1822 609 1884 22.
657 1818 825 1883 Nam
874 1817 1149 1881 rusticos
1196 1817 1255 1881 ei
1306 1839 1427 1882 nos
1473 1816 1675 1883 videri
1725 1818 1939 1883 minus
1993 1823 2094 1883 est
2147 1819 2388 1884 miran-

377 1909 546 1990 dum,
594 1907 705 1992 qui
750 1906 1140 1971 manicatam
1185 1905 1473 1971 tunicam
1519 1908 1586 1971 et
1622 1906 1885 1971 mitram
1924 1911 1988 1972 et
2025 1929 2385 1993 purpureas

373 1996 609 2062 fascias
665 1997 907 2060 habere
959 2017 1091 2059 non
1144 2016 1506 2079 possumus.
1596 1995 1694 2059 Tu
1748 2017 1900 2061 vero
1955 1996 2255 2080 festivuS,
2310 2003 2385 2061 tu

375 2087 655 2171 eleganS,
700 2088 773 2148 tu
820 2085 997 2148 solus
1034 2085 1338 2167 urbanuS,
1384 2105 1574 2167 quem
1611 2084 1790 2149 decet
1827 2084 2161 2149 muliebris
2200 2108 2380 2150 orna·
2404 2101 2459 2141 8⁰

373 2179 508 2257 tus,
564 2195 754 2258 quem
799 2172 1085 2237 incessus
1131 2172 1468 2256 psaltriae,
1525 2173 1636 2256 qui
1690 2173 2057 2237 effeminare
2110 2175 2386 2257 vultum,

376 2267 712 2328 attenuare
757 2283 1006 2344 vocem,
1061 2261 1315 2325 laevare
1371 2282 1602 2345 corpus
1656 2265 1862 2344 potes,
1952 2260 2006 2325 Ο
2052 2261 2387 2348 singulare
2584 2242 2585 2325 l

374 2350 743 2437 prodigium
801 2354 994 2433 atque
1050 2351 1437 2414 monstrum!
1501 2370 1712 2414 nonne
1771 2354 1836 2413 te
1891 2350 2081 2414 huius
2134 2351 2391 2435 templi,

373 2462 506 2505 non
549 2439 747 2521 urbiS,
792 2460 924 2503 non
968 2437 1159 2520 vitae,
1203 2459 1334 2501 non
1381 2437 1542 2501 lucis
1588 2437 1828 2520 pudet?
1918 2438 2028 2520 (V.
2075 2438 2200 2513 Iul.
2249 2440 2385 2503 Ru-

373 2530 594 2610 finian.
638 2533 679 2593 1
711 2549 779 2608 p.
823 2532 926 2591 38.
971 2532 1014 2591 8
1056 2531 1114 2589 et
1156 2526 1319 2590 Non.
1353 2547 1421 2606 p.
1466 2528 1607 2589 465.
1652 2527 1783 2609 14.)
2420 2543 2477 2583 25

508 2617 610 2680 23.
657 2613 780 2696 Tu,
826 2613 936 2699 qui
980 2612 1243 2677 indutus
1288 2613 1591 2677 muliebri
1634 2616 1813 2677 veste
1857 2614 2056 2678 fueris
2066 2665 2083 2698 ,
2129 2615 2391 2681 virilem

376 2724 598 2769 vocem
644 2702 839 2766 audes
887 2700 1206 2785 emittere,
1253 2702 1432 2766 cuius
1477 2701 1892 2784 inportunam
1938 2702 2272 2768 libidinem
2319 2710 2394 2769 et

377 2797 675 2875 stuprum
720 2813 865 2855 cum
911 2790 1149 2854 scelere
1204 2789 1613 2854 coniunctum
1665 2811 1746 2854 ne
1801 2791 2196 2856 subornandi
2249 2794 2394 2876 qui-

379 2882 523 2945 dem
570 2901 752 2944 mora
796 2877 1195 2942 retardavit?

510 2969 613 3033 24.
650 2966 850 3050 Tune,
886 2989 1030 3031 cum
1059 2965 1453 3032 vincirentur
1486 2966 1681 3050 pedes
1717 2966 1954 3049 fasciis,
1991 2988 2138 3032 cum
2175 2968 2393 3032 calau-
2426 2985 2489 3026 eo

376 3057 508 3122 tica
553 3056 752 3141 capiti
798 3055 1408 3139 accommodaretur,
1453 3076 1598 3119 cum
1634 3054 1741 3120 vix
1781 3054 2174 3120 manicatam
2219 3057 2396 3120 tuni-

379 3168 521 3211 cam
556 3145 625 3209 in
662 3146 941 3209 lacertos
976 3144 1327 3225 inducereS,
1365 3165 1510 3207 cum
1547 3142 1840 3226 strophio
1879 3148 2175 3208 accurate
2206 3166 2397 3228 prae-

379 3233 738 3318 cingerere,
798 3232 868 3296 in
929 3235 1067 3297 tam
1131 3232 1328 3317 longo
1395 3231 1606 3315 spatio
1675 3253 2027 3315 numquam
2088 3235 2155 3296 te
2210 3231 2398 3317 Appi

380 3320 613 3385 Claudi
664 3323 968 3403 nepotem
1024 3340 1163 3384 esse
1222 3320 1596 3384 recordatus
1653 3319 1763 3384 es?
1827 3342 2065 3404 nonne,
2130 3320 2399 3385 etiamsi
2584 3394 2585 3401 χ

382 3428 637 3470 omnem
682 3412 965 3472 mentem
1011 3408 1212 3472 libido
1260 3411 1600 3490 averterat,
1647 3412 1866 3472 tamen
1912 3430 2041 3473 ex.
2131 3409 2396 3492 ‚.(Non
2434 3426 2496 3468 ³5

379 3513 436 3571 p.
482 3496 609 3557 537
652 3496 738 3557 in.
785 3501 842 3559 et
883 3498 1024 3560 538.
1068 3497 1196 3578 11.)

514 3578 617 3641 25.
665 3577 816 3662 Sed,
869 3582 1087 3662 credo,
1141 3586 1487 3666 postquam
1535 3585 1866 3668 speculum
1919 3585 2041 3648 tibi
2097 3584 2401 3651 adlatum
2584 3590 2585 3597 ’
